4104 6014
261 198 320 255 αα
517 173 519 176 ‘
845 190 968 250 iocus
986 187 1191 250 mensurus
1210 188 1358 248 suxuus

260 346 356 415 Pater,
375 345 471 401 Felici
487 345 652 416 etSpiritue
669 349 940 417 canctueadaretur,
959 347 1089 402 Mariam
1116 351 1176 412 tur,
1203 352 1229 400 et
1259 346 1290 399 in
1316 363 1416 401 namen
1446 353 1561 401 canetae
1585 347 1705 416 rirpinie
1730 347 1809 400 ultra
1837 347 1952 401 modum

259 434 462 494 remandaret,
480 451 537 487 non
558 434 623 487 dico
641 435 792 498 mulierem,
809 435 866 489 imo
885 452 970 504 neque
987 435 1087 490 uirum.
1116 432 1186 500 quid
1202 439 1304 488 tentent
1322 434 1445 504 appredi
1460 435 1576 497 nefario
1597 451 1632 487 ac
1650 433 1811 503 blaephema
1827 433 1950 501 nepotio,

260 520 322 572 Dec
348 519 463 574 debetur
484 519 537 574 hoc
554 521 731 590 mysterium
756 537 845 590 neque
864 521 960 589 ampeli
976 521 1089 590 capiunt
1116 525 1141 571 ct
1166 517 1196 574 in
1222 537 1320 574 nomen
1346 521 1437 590 ipsine
1461 514 1546 575 caira
1572 520 1710 574 celebrent
1730 536 1786 589 per
1809 519 1950 586 mulieree,

155 648 158 654 .
258 605 343 659 talem
355 605 599 675 plorijicationem.
627 608 797 676 Deleantur,
812 625 883 677 quac
894 608 969 662 male
980 608 1088 677 scripta
1116 607 1193 674 quod
1214 614 1300 662 totum
1327 615 1367 662 est
1392 607 1509 677 impium
1533 626 1568 660 ac
1592 607 1751 672 nefarium,
1780 607 1906 660 alienum
1930 623 1950 660 a

257 700 321 746 eunt
345 692 376 745 in
399 694 484 746 corde
507 695 696 763 deceptorum,
726 694 843 749 tollatur
869 712 904 749 eo
929 696 1017 750 aeulie
1043 712 1089 748 cu-
1111 694 1329 762 praedicatione
1345 695 1438 748 eancti
1457 694 1596 764 Spiritui,
1619 701 1649 747 ut
1668 694 1706 747 eit
1722 700 1810 747 totum
1829 693 1950 756 diaboli·

255 779 369 848 piditae
386 780 468 849 lipni,
486 788 661 835 convertatur
678 799 777 836 naeus
793 783 951 850 (tomentum
968 784 1009 835 ad
1027 783 1088 835 Do·
1116 797 1177 833 cum
1203 797 1274 850 apue
1294 788 1320 834 et
1345 781 1463 850 epiritue
1482 781 1620 834 immundi
1636 780 1773 835 doctrina.
1809 780 1950 848 impletur

258 867 370 933 minum,
391 875 547 921 reuertatur
568 868 632 921 an
650 887 713 922 cnm
731 870 834 933 Adam,
856 876 886 923 ut
902 869 995 922 Deum
1012 869 1089 923 colat
1115 867 1187 921 enim
1206 875 1233 920 et
1251 867 1416 933 inhibitae,
1435 868 1562 934 deficient
1580 885 1599 920 a
1615 884 1687 921 rana
1701 867 1841 930 doctrina,
1859 873 1948 920 atten-

256 951 360 1017 eolum,
377 970 413 1006 ne
428 954 549 1007 ducatur
566 956 703 1024 serpentia
720 973 793 1024 uoce,
810 957 863 1009 eed
875 964 1041 1025 permaneat
1059 955 1088 1010 in
1115 956 1211 1008 denter
1236 954 1346 1021 sabulie
1371 962 1399 1008 et
1422 954 1560 1008 doctrinie
1585 954 1804 1010 daemoniorum.
1855 955 1949 1007 Erunt

258 1036 317 1093 Dei
337 1048 505 1109 praecepto,
536 1058 571 1094 ne
602 1043 733 1095 comedar
763 1043 798 1094 de
829 1042 915 1111 liqna.
957 1044 996 1096 Et
1028 1052 1088 1096 erat
1115 1041 1201 1105 enim,
1228 1038 1332 1112 inquit,
1355 1040 1473 1094 mortum
1499 1040 1624 1094 diuinum
1641 1039 1744 1094 cultum
1757 1047 1948 1110 praestantes,

256 1126 364 1195 lipnum
385 1144 440 1181 non
457 1144 555 1196 error,
573 1129 625 1181 ced
636 1144 693 1197 per
712 1127 804 1198 ipeum
825 1128 931 1196 lipnum
947 1129 1030 1192 facta
1048 1138 1087 1182 eet
1113 1129 1345 1196 quemadmodum
1369 1127 1452 1182 ctiam
1478 1127 1508 1180 in
1527 1125 1622 1180 Ieratl
1647 1127 1792 1181 coluerunt
1811 1130 1876 1197 etc.)
1912 1127 1949 1182 Et

256 1211 442 1268 inobedientia
469 1214 589 1278 erraris,
619 1230 653 1266 ne
682 1215 810 1268 comedat
833 1215 897 1284 quie
927 1216 1086 1283 deerrare,
1113 1219 1224 1284 postea:
1257 1215 1322 1269 Sive
1346 1214 1418 1267 euim
1442 1221 1484 1267 eet
1506 1221 1620 1267 mortua
1644 1221 1743 1281 cancta
1762 1214 1842 1282 nirpo
1860 1222 1887 1267 et
1905 1231 1947 1268 ee·

256 1299 306 1368 qui
335 1307 376 1352 eut
409 1309 530 1370 propter
569 1309 694 1355 sanctam
729 1301 867 1358 Mariam.
921 1302 997 1355 Nam
1036 1302 1089 1355 etei
1109 1301 1206 1370 pulta,
1232 1300 1262 1354 in
1292 1302 1395 1356 honore
1425 1301 1516 1370 ipsine
1547 1301 1680 1355 dormitio
1706 1307 1732 1354 et
1762 1300 1792 1353 in
1818 1302 1947 1355 caetitate

254 1385 405 1455 pulchrum
430 1395 470 1440 eet
494 1387 616 1455 lienum,
649 1390 701 1442 red
727 1395 821 1443 tamen
845 1405 901 1442 non
920 1390 961 1442 ad
979 1388 1086 1458 cibum,·
1114 1405 1188 1441 more
1206 1395 1232 1442 et
1249 1387 1282 1444 in,
1298 1388 1459 1458 cirpinitate
1477 1405 1599 1453 corona;
1613 1388 1669 1442 eice
1683 1387 1796 1442 eublata
1808 1395 1855 1456 eet,
1873 1389 1948 1442 velut

258 1474 309 1528 etei
329 1473 522 1543 pulcherrima
542 1481 583 1528 eet
599 1474 701 1527 Maria
723 1481 749 1529 et
772 1484 873 1530 cancta
896 1483 922 1528 et
940 1476 1087 1543 honorata,
1112 1473 1247 1543 scriptun
1273 1482 1326 1543 eet,
1359 1475 1482 1528 animam
1505 1475 1595 1544 ipeiue
1613 1474 1798 1543 pertraneibit
1823 1474 1947 1544 plodiue,

256 1567 287 1613 at
303 1577 358 1613 nan
378 1562 419 1613 ad
432 1561 633 1616 adorationem.
671 1562 735 1615 Hae
751 1579 815 1617 cero
834 1581 933 1616 rursm
951 1571 1085 1616 renouant
1113 1562 1186 1614 inter
1202 1568 1340 1630 martyreo
1358 1570 1398 1615 eet
1417 1562 1508 1630 ipeine
1524 1561 1620 1630 plor-ia
1638 1568 1664 1614 et
1680 1562 1710 1613 in
1728 1561 1862 1616 laudibue
1880 1578 1946 1615 ean-

255 1647 390 1709 fartunae
416 1647 566 1701 mixturam
594 1655 620 1700 et
640 1656 820 1718 praeparant
846 1648 960 1703 diabolo
984 1657 1010 1703 et
1030 1668 1087 1704 nan
1112 1655 1185 1701 ctum
1202 1647 1292 1718 ipeiue
1312 1665 1422 1717 carpue,
1439 1664 1494 1719 per
1515 1665 1598 1716 quam
1619 1646 1669 1701 lua
1686 1655 1749 1701 orta
1766 1655 1806 1700 eet
1823 1650 1946 1718 mundo,-

255 1733 320 1786 Deo
348 1749 486 1800 mensam,
516 1733 590 1787 uelut
617 1734 753 1803 scriptum
779 1743 835 1803 eet,
874 1744 901 1788 et
930 1744 1086 1805 parcuntur
1111 1733 1168 1787 rire
1195 1735 1311 1803 mansit,
1341 1752 1405 1787 nam
1429 1752 1486 1786 non
1510 1741 1551 1787 eet
1569 1736 1633 1788 Dea
1655 1733 1827 1803 impartibile
1851 1735 1947 1788 omnia

255 1817 316 1872 cibo
347 1820 512 1889 impietatis,
543 1819 618 1873 uelut
646 1820 715 1874 dicit
741 1822 838 1875 divina
868 1821 1029 1892 Scriptura,
1061 1831 1086 1876 et
1105 1824 1220 1892 facere,
1247 1838 1318 1891 quae
1342 1821 1415 1884 uult,
1440 1821 1507 1886 fim'e
1532 1822 1603 1874 enim
1630 1820 1720 1890 ipeiue
1742 1821 1848 1874 nemini
1865 1829 1946 1876 naues

254 1906 379 1969 feminae
398 1912 490 1959 terunt
505 1905 642 1974 pollicem
660 1914 687 1960 et
705 1907 762 1970 filii
778 1907 914 1976 collipunt
931 1909 1026 1977 liqna,
1055 1917 1085 1962 ut
1112 1916 1168 1975 aa·
1186 1926 1241 1962 αοα
1258 1908 1383 1962 convenit
1400 1913 1513 1961 cunctae
1531 1908 1623 1961 colere
1640 1906 1718 1960 ultra
1737 1909 1876 1976 decmum,
1895 1910 1947 1962 eed

254 1992 367 2058 saciant
397 1993 545 2062 placentae
582 1993 642 2047 olco
677 1994 806 2047 eubaotas
840 1995 975 2049 cumcitui
1002 1995 1082 2049 coeli.
1111 1996 1251 2049 bonorare
1277 1995 1401 2064 ipreornm
1431 1995 1591 2048 Dominum.
1638 1996 1729 2048 Ceeeet
1753 1995 1841 2062 ipitur
1864 2013 1947 2049 error

258 2081 472 2149 Campeecantur
497 2097 516 2133 a
538 2079 666 2134 Jeremia
690 2080 761 2133 talee
783 2080 914 2134 mulieres
932 2089 958 2134 ct
975 2099 1010 2135 ne
1027 2090 1085 2135 tur·
1110 2083 1293 2136 seductarum.
1332 2082 1430 2149 Neque
1455 2081 1528 2133 enim
1550 2081 1632 2133 Deus
1655 2089 1695 2133 eet
1713 2081 1829 2150 Maria,
1855 2099 1946 2151 neque

256 2167 318 2220 bent
335 2167 427 2221 orbem
446 2175 594 2221 terrarum.
642 2168 686 2221 Nc
703 2167 812 2230 dicant,
844 2167 1013 2222 honorumue
1030 2169 1085 2222 Rc·
1111 2169 1146 2221 de
1170 2168 1247 2222 coelo
1271 2185 1372 2237 corpur
1397 2166 1492 2234 habet,
1525 2167 1577 2219 ead
1596 2183 1629 2219 ee
1646 2167 1823 2236 conceptione
1843 2169 1902 2222 oiri
1919 2175 1946 2222 et

255 2253 351 2320 pinam
368 2252 454 2317 coeli,
477 2254 553 2308 naoit
570 2254 641 2307 enim
664 2254 799 2323 Taphrae
818 2254 870 2306 hae
887 2255 998 2323 punire.
1027 2257 1085 2309 No·
1111 2248 1238 2308 mulierie
1257 2261 1308 2310 etc.
1324 2262 1355 2307 ut
1372 2270 1451 2308 nemo
1471 2253 1501 2306 in
1518 2271 1617 2307 nomen
1635 2253 1720 2323 hujus
1738 2256 1847 2325 afferat,
1863 2273 1946 2309 cuam

103 2346 351 2400 xv111,154,oerunt
377 2340 435 2394 loci
458 2340 556 2395 harum
579 2340 775 2410 certificiorum
799 2357 922 2409 corpora
944 2341 1085 2410 euecrperc
1110 2342 1183 2397 enim
1211 2342 1332 2395 animam
1367 2341 1475 2411 perdit,
1513 2356 1597 2408 neque
1625 2358 1725 2393 rureue
1759 2341 1945 2396 debacchetur

255 2429 297 2479 ad
317 2428 562 2496 putrefactionem.
601 2431 645 2483 Ne
668 2429 770 2481 credas
786 2429 882 2482 Ierae‘il
902 2427 1016 2480 mulieri
1033 2435 1084 2486 etc,
1111 2427 1279 2482 contumelia
1305 2427 1433 2497 officione
1463 2435 1590 2480 sanctam
1621 2427 1766 2495 oirqinem.
1817 2426 1942 2485 Ibidem:

255 2512 381 2570 Tandem
400 2515 552 2570 concludit:
580 2518 619 2570 Et
636 2532 721 2586 quam
738 2515 828 2569 multa
845 2516 938 2569 dicere
953 2518 1085 2585 pomam!
1112 2514 1211 2568 Sancti
1237 2522 1301 2567 eunt
1330 2514 1360 2566 in
1383 2513 1503 2580 bonore,
1530 2512 1608 2582 quiec
1633 2512 1759 2580 ipsarum
1784 2513 1814 2565 in
1839 2514 1945 2585 pluria,

258 2599 322 2654 Sive
351 2602 423 2655 enim
450 2602 524 2655 velut
553 2603 644 2672 ipram
672 2603 825 2656 adorantes
855 2601 997 2670 Mariam,
1028 2603 1086 2672 ipei
1107 2601 1250 2670 profectio
1268 2601 1393 2672 ipsorum
1413 2599 1477 2653 binc
1495 2600 1526 2652 in
1536 2599 1718 2668 perfectione,
1738 2616 1802 2653 rore
1817 2601 1944 2669 ipsorum

256 2689 375 2758 offerunt
394 2688 561 2757 collyridcm
578 2689 636 2744 eive
652 2689 814 2758 placentam
833 2706 923 2742 vanae
942 2691 1084 2744 arcemn·
1110 2689 1140 2740 in
1164 2688 1341 2752 beatitudine,
1368 2688 1398 2739 in
1422 2686 1611 2740 monitionibus
1637 2687 1756 2747 canetis,
1786 2686 1944 2757 tripudium

255 2774 353 2840 lieret,
381 2777 439 2829 sire
458 2793 516 2845 pro
541 2776 605 2844 epea
631 2777 735 2846 offerre
752 2783 890 2829 canantur
907 2776 1084 2846 praedictam
1110 2792 1171 2828 cum
1190 2773 1307 2843 ampelii,
1327 2773 1423 2827 diaeta
1441 2773 1469 2826 in
1488 2773 1573 2840 coelo,
1597 2772 1769 2826 conoereatio
1789 2773 1819 2827 in
1838 2775 1945 2828 divinis

253 2860 326 2915 hanc
350 2862 483 2933 putidam
514 2862 692 2930 oblationem,
722 2870 782 2916 tcta
803 2879 849 2916 ree
864 2863 971 2917 stolida
1000 2871 1039 2917 est
1058 2873 1084 2918 ct
1112 2861 1283 2930 Scriptum,
1305 2859 1400 2930 ploria
1418 2860 1448 2911 in
1467 2859 1570 2913 honore
1591 2858 1811 2929 incomparabili
1826 2877 1861 2914 aa
1874 2877 1943 2931 per·

254 2949 350 3002 aliena
376 2955 401 3002 et
427 2964 459 3001 ea
484 2951 650 3002 daemonum
674 2956 751 3002 matu
773 2949 859 3014 fraus
877 2956 904 3002 et
921 2949 1083 3019 importare,
1105 2955 1199 3017 petuo,
1219 2947 1318 3001 bracia
1337 2947 1367 3001 in
1386 2944 1498 3001 Obruta
1517 2947 1589 2999 Jeeu
1607 2946 1731 3000 Domino
1752 2953 1863 3013 neutro,
1885 2964 1944 3018 per

257 3033 317 3098 Quo
341 3051 407 3089 aero
427 3053 484 3090 ααα
504 3035 616 3105 lonpiue
639 3037 785 3088 extendam
810 3052 979 3105 emmonem,
1004 3039 1082 3107 mffi-
1109 3051 1187 3104 quem
1211 3042 1237 3088 et
1261 3052 1322 3087 cum
1347 3050 1401 3103 quo
1419 3033 1515 3101 pieria
1532 3033 1618 3086 Patri
1633 3050 1696 3086 cum
1713 3041 1810 3087 sancto
1830 3033 1944 3103 Spiritu

253 3123 325 3176 cient
341 3122 421 3176 nobie
438 3122 540 3177 relata.
578 3119 679 3177 Maria
696 3121 726 3173 in
744 3121 848 3176 bonore
865 3122 914 3190 eit,
943 3124 1082 3178 Dominue
1108 3122 1138 3174 in
1170 3121 1267 3175 recula
1300 3120 1465 3176 seculorum.
1524 3119 1688 3174 Lactantius
1722 3119 1770 3176 lib.
1800 3125 1825 3177 2.
1854 3121 1943 3177 instit

253 3211 401 3278 adoretur,
442 3209 514 3277 iueti
546 3208 619 3262 enim
652 3208 757 3261 nemini
789 3209 914 3262 eahibent
952 3225 1081 3267 errorem.
1108 3225 1168 3280 cap.
1187 3213 1230 3262 18:
1255 3207 1431 3277 Incnpiabile
1455 3207 1571 3271 facinue
1595 3215 1636 3260 eet
1655 3208 1782 3260 dmerme
1802 3207 1944 3278 uiuentem,

252 3295 447 3364 (Bellnrminus
460 3296 496 3350 de
511 3295 599 3350 invoa.
612 3301 699 3350 senet.
713 3312 775 3366 cup.
793 3301 832 3352 15.
850 3292 878 3368 ξ.
893 3301 918 3351 2.
935 3296 1081 3366 existimat,
1108 3303 1138 3348 ut
1156 3295 1356 3362 defunctorum
1372 3294 1556 3348 monumentie
1574 3295 1689 3349 cervias.
1727 3293 1814 3349 Ibin:
1841 3294 1942 3349 Mani·

252 3382 444 3453 Fpmhanium
462 3398 557 3437 aarum
576 3384 716 3437 duntaxat
734 3399 857 3436 errorem
873 3383 1015 3450 refellere,
1034 3385 1083 3452 qui
1107 3385 1212 3449 sectum
1231 3388 1272 3435 eet
1289 3397 1350 3450 eor,
1380 3381 1429 3449 qui
1447 3380 1492 3433 cel
1510 3380 1626 3433 mortuis
1645 3381 1807 3449 mpplicant
1822 3381 1866 3435 cel
1885 3388 1943 3434 ter-

251 3470 422 3539 etataebant,
447 3486 530 3538 poree
552 3486 586 3521 ac
609 3470 708 3522 debere
733 3469 876 3535 Mariam,
903 3485 974 3538 quae
995 3486 1081 3538 prae·
1108 3487 1171 3521 ram
1187 3476 1364 3532 venerantur,
1381 3467 1535 3536 impietatis
1553 3483 1588 3518 ac
1608 3467 1723 3520 ecelcrie
1736 3468 1783 3521 eui
1797 3469 1943 3541 eupplicia

251 3557 336 3626 crpua
359 3563 518 3609 eanctorum
543 3563 595 3624 eet,
619 3555 746 3607 invocari
768 3571 824 3607 non
846 3572 926 3608 eecue
945 3572 981 3608 ac
1002 3556 1081 3608 Deae
1102 3572 1249 3624 peneuroe.
1289 3552 1451 3608 Ambrosius
1473 3553 1502 3607 in
1524 3569 1620 3607 comm.
1651 3558 1671 3607 1.
1690 3551 1804 3610 Romen.
1828 3561 1896 3613 tom.
1916 3563 1942 3613 5.

250 3643 402 3697 invocatur.
435 3641 490 3696 Sed
516 3640 598 3695 inane
623 3640 692 3694 illud
713 3639 916 3711 subterfugium
936 3641 996 3712 ipse
1015 3641 1081 3712 Epi·
1106 3659 1171 3714 pag.
1193 3647 1255 3696 17¹1:
1278 3640 1377 3695 Solent
1396 3648 1489 3693 tamen
1502 3641 1646 3720 pudorem,
1655 3642 1740 3710 patei
1757 3641 1877 3711 nepleeti
1896 3645 1945 3697 dei

250 3728 369 3799 phanius
399 3727 515 3795 refellit,
547 3728 595 3797 qui
627 3727 789 3797 simpliciter
818 3726 928 3782 adorari
953 3727 1082 3798 prohibet
1106 3730 1210 3782 misera
1227 3728 1271 3781 uti
1289 3727 1474 3795 accusatione,
1495 3726 1627 3795 dieentes,
1642 3742 1698 3795 per
1715 3727 1784 3781 ietoe
1794 3745 1879 3797 poree
1897 3730 1942 3784 ire

250 3815 416 3886 Deiparam,
438 3831 502 3868 cum
526 3813 652 3869 adoratio
676 3813 726 3867 sali
747 3812 821 3882 Deo,
844 3830 901 3868 non
921 3820 1014 3870 nutem
1032 3831 1080 3869 nn·
1107 3816 1148 3868 ad
1167 3817 1273 3883 Deum,
1297 3813 1369 3867 eicut
1387 3829 1443 3881 per
1467 3812 1580 3866 comites
1594 3813 1759 3882 peruenitur
1777 3816 1819 3868 ad
1836 3831 1942 3882 reyem.

251 3903 320 3975 gelis
352 3902 397 3957 vel
426 3901 560 3959 creaturis
590 3899 647 3954 nlla
680 3899 760 3953 modo
791 3906 937 3971 competat.
988 3899 1079 3971 Colly-
1109 3902 1178 3970 Ape,
1189 3902 1327 3970 numquid
1339 3901 1381 3954 ita
1393 3902 1506 3954 demens
1518 3909 1559 3954 eet
1570 3900 1677 3971 aliquio
1689 3909 1739 3954 aut
1753 3901 1940 3958 ealutieruae
1954 3914 2034 3958 xvul.

250 3988 351 4043 ridinni
376 4006 432 4043 non
456 3987 599 4044 habebant
622 3986 737 4041 Mariam
763 4003 813 4057 pro
837 4004 943 4042 summo
968 3988 1081 4044 numine
1106 3990 1264 4059 immemor,
1291 3995 1322 4042 ut
1342 3987 1580 4057 bonoriflcadiam
1596 3988 1673 4056 repit
1691 3988 1818 4042 vendicet
1835 3990 1939 4055 comiti,

251 4076 321 4131 coeli
348 4093 381 4131 ne
408 4082 498 4130 terrae
522 4080 660 4142 montore,
690 4074 738 4130 sed
764 4073 803 4128 illi
827 4079 859 4127 nt
884 4079 996 4130 sunctae
1015 4074 1079 4129 Dei·
1105 4094 1167 4130 cum
1185 4077 1221 4129 de
1239 4076 1291 4130 bac
1312 4094 1343 4129 re
1362 4075 1389 4127 ei
1404 4075 1455 4144 qui
1471 4074 1554 4128 etiam
1567 4081 1690 4128 tractare
1704 4075 1813 4137 fuerint
1826 4076 1940 4147 inuenti,

250 4178 336 4233 perne
358 4162 476 4217 honores
498 4160 605 4215 divinos
629 4159 792 4214 deferendos
818 4177 878 4215 esse
898 4159 1080 4231 judicabunt3
1099 4164 1170 4233 jure
1194 4172 1225 4217 ut
1247 4162 1292 4217 rei
1313 4166 1482 4217 damnentur
1504 4161 1682 4229 maieetatie!
1708 4162 1748 4214 Et
1765 4162 1816 4214 icti
1831 4179 1860 4216 ee
1882 4181 1940 4218 nan

250 4249 424 4320 Epiphanius
442 4253 539 4303 contm
556 4247 745 4302 honorandam
765 4265 825 4303 esse
845 4246 984 4317 concedit,
1015 4248 1080 4302 ndo·
1104 4258 1203 4320 putam
1234 4267 1311 4318 reae,
1342 4249 1392 4320 qui
1417 4249 1546 4301 bonorem
1574 4247 1695 4302 nominie
1721 4249 1780 4302 Dei
1806 4250 1941 4314 deferrent

250 4336 365 4390 rendum
399 4351 464 4390 vero
499 4351 559 4389 esse
596 4339 680 4406 negat
714 4350 747 4388 uc
782 4333 876 4388 multis
909 4335 1080 4406 argumentis
1106 4346 1252 4392 creaturae
1287 4344 1312 4390 et
1342 4336 1442 4389 relicto
1475 4334 1598 4388 Domino
1629 4351 1776 4388 coneerooe
1806 4337 1939 4401 adorant,

250 4421 384 4493 idipsum
401 4420 509 4492 probat.
537 4419 618 4486 Quod
635 4435 701 4491 ergo
720 4420 750 4474 in
767 4419 872 4476 haeres.
892 4423 1020 4492 praeced.
1037 4428 1079 4479 78.
1106 4425 1190 4494 quasi
1211 4423 1248 4477 eit
1272 4421 1385 4492 aliquid
1407 4422 1489 4490 plia,
1516 4422 1594 4489 quod
1608 4428 1735 4474 eeruetur
1753 4422 1827 4478 Deo.
1863 4424 1941 4477 Nam

250 4515 346 4563 contra
368 4507 659 4562 Antidicomuaianites
684 4506 858 4578 Epiphanius
885 4506 1079 4579 collyridianis
1106 4520 1132 4564 et
1159 4512 1223 4564 ideo
1251 4512 1292 4563 ad
1319 4524 1412 4578 repem
1431 4525 1485 4576 per
1513 4508 1638 4561 tribunae
1664 4514 1712 4560 aut
1736 4508 1847 4562 comiter
1872 4509 1940 4579 itur,

249 4592 361 4658 tribuit,
398 4595 476 4664 iprae
493 4612 552 4664 pro
573 4596 638 4649 Deo
659 4594 795 4662 cirpinem
819 4594 1021 4663 introduxisse,
1050 4595 1078 4649 id
1106 4597 1174 4666 quia
1195 4596 1276 4650 hamc
1299 4594 1393 4663 utique
1419 4602 1458 4647 eet
1484 4609 1535 4648 rea
1554 4601 1579 4646 et
1595 4595 1697 4662 necat,
1723 4593 1822 4662 quibua
1840 4595 1942 4650 debeat

249 4697 305 4736 non
328 4687 370 4735 est
392 4696 424 4735 eo
449 4696 530 4734 sensu
552 4679 758 4750 accipiendum,
787 4679 877 4750 qnasi,
891 4679 1007 4733 Mariam
1033 4679 1080 4734 hn·
1104 4681 1305 4752 rempublicam
1315 4681 1437 4734 eredere.
1464 4681 1514 4732 Ad
1524 4681 1616 4733 Deum
1629 4687 1719 4732 autem
1731 4679 1830 4748 (quem
1843 4681 1941 4752 ntique

150 4777 152 4781 ⁴
249 4766 360 4823 buerint
380 4783 431 4837 pro
454 4783 560 4820 summo
580 4765 641 4821 Deo
668 4765 738 4820 coeli
764 4772 907 4836 terraeque
930 4767 1080 4836 conditore,
1105 4769 1265 4832 nibiliola,
1279 4769 1398 4821 omnium
1411 4767 1485 4820 enim
1498 4768 1600 4820 merita
1613 4766 1707 4835 nouit)
1721 4769 1940 4835 promerendum

249 4855 298 4911 sed
319 4855 392 4925 qaod
415 4853 522 4909 divinos
546 4854 664 4909 honores
688 4852 741 4924 ipsi
766 4851 915 4907 deferenda
938 4853 1081 4927 inopinae
1105 4857 1295 4927 euffraqatore
1314 4868 1384 4924 opus
1402 4870 1458 4907 non
1476 4861 1529 4920 eet,
1554 4855 1606 4906 sed
1621 4859 1710 4906 mente
1729 4854 1834 4911 deuota.
1874 4855 1941 4909 Ubi-

249 4951 278 4997 et
303 4948 503 5013 consequenter
526 4958 577 5012 pro
596 4939 657 4995 Deo
676 4939 791 4995 eandem
810 4939 996 4995 introduxisse
1015 4956 1079 4994 con·
1105 4961 1158 5012 que
1182 4944 1255 4996 enim
1280 4941 1348 4994 talie
1372 4941 1480 4995 locutue
1504 4940 1594 5005 suerit
1615 4939 1643 4992 ei
1649 4979 1654 5001 ,
1678 4940 1857 5008 respondebit
1883 4939 1939 4996 illi.

248 5029 404 5085 vincantur.
435 5029 540 5082 Mirati
555 5045 657 5093 numm,
674 5025 773 5097 inquit,
792 5027 866 5080 aliae
880 5026 923 5080 ita
942 5027 1079 5095 decipere,
1104 5028 1189 5086 Ibide
1221 5027 1331 5090 Quanta
1350 5026 1514 5097 aegritudo,
1545 5033 1652 5095 quanta
1668 5025 1806 5090 etultitia,
1832 5026 1882 5080 hoc
1908 5045 1939 5084 ee

250 5117 326 5170 utin
345 5116 513 5170 tractatione
531 5116 565 5167 de
581 5115 646 5184 epea
662 5121 761 5168 cancta
779 5131 887 5184 semper
903 5114 1011 5182 rirpine
1021 5132 1078 5184 pro
1104 5115 1242 5185 sapienter
1267 5113 1416 5183 appellare
1441 5114 1482 5167 ad
1505 5129 1584 5164 ruam
1610 5113 1831 5176 damnationem,
1858 5116 1941 5183 apud

254 5205 314 5258 Dec
332 5203 404 5256 banc
422 5202 599 5255 introducere
616 5201 775 5254 etuduerint
786 5208 837 5256 etc.
853 5202 994 5271 maedam
1006 5201 1077 5253 enim
1104 5219 1173 5271 quoe
1193 5201 1259 5270 plue
1277 5200 1381 5254 mortui
1395 5200 1506 5270 paeeint
1525 5215 1608 5267 quam
1627 5198 1696 5264 cini,
1725 5205 1751 5251 et
1768 5199 1874 5253 monui
1885 5217 1939 5269 po-

248 5291 380 5344 mulicree
404 5289 466 5343 illic
490 5289 520 5342 in
542 5289 653 5342 Arabia
677 5307 696 5341 α
710 5289 843 5359 partibus
864 5288 989 5341 Thraces
1005 5287 1079 5340 hane
1104 5289 1191 5342 tiaree
1215 5287 1270 5341 tint
1287 5287 1365 5355 oioie,
1392 5305 1412 5340 a
1428 5287 1489 5340 uiuo
1508 5284 1580 5339 enim
1601 5286 1665 5338 Deo
1684 5287 1843 5340 recedenter
1860 5304 1935 5340 mor·

248 5378 397 5431 uanitatem
423 5377 597 5444 inuenerunt,
619 5375 698 5428 utin
716 5392 815 5429 namen
831 5392 939 5444 eemper
959 5372 1079 5442 oirqinie
1104 5375 1158 5428 tuie
1182 5374 1286 5436 favent.
1333 5371 1447 5445 Excipit
1473 5371 1657 5428 Bellarmiuus
1685 5372 1721 5428 de
1750 5371 1823 5428 beat.
1850 5379 1938 5430 sanct

250 5464 417 5534 collyridem
433 5465 577 5535 quandam
593 5462 752 5526 eacririmnt
769 5471 795 5517 et
812 5463 897 5517 eimul
912 5477 1079 5531 conprepen·
1104 5477 1167 5532 nep.
1193 5465 1234 5515 20.
1283 5460 1461 5515 Ambrosium
1489 5474 1572 5527 apere
1601 5467 1699 5514 contra
1722 5459 1861 5529 amnicae,
1889 5463 1941 5530 pue·
