4104 6014
247 230 308 288 ³50
841 224 965 283 Locus
984 225 1189 283 VIOESIMUS
1210 226 1356 286 SEXTUS

249 376 378 445 precibus
397 379 454 430 suis
474 378 662 448 compellasse,
682 381 756 449 quod
776 381 855 434 multi
875 399 908 435 ex
926 381 993 450 ipsis
1006 380 1080 433 Pon·
1113 379 1238 448 getarum
1256 387 1285 434 et
1302 391 1460 437 sanctorum
1479 383 1671 439 defunctorum
1692 388 1734 438 est
1753 384 1849 454 dispar
1867 383 1947 437 ratio.

246 462 339 516 tiiiciis
363 465 526 518 concedunt.
564 472 586 519 1.
614 464 777 521 Communia
796 466 844 520 illa
862 467 1008 521 intercedit
1025 484 1080 520 non
1109 465 1190 529 Quod
1222 468 1295 521 enim
1321 469 1414 540 angeli
1432 470 1617 525 membrorum
1635 470 1768 526 ecclesiae
1786 487 1882 525 curam
1900 485 1947 540 gc·

247 550 335 602 solum
368 549 501 604 ccclesiae
533 550 662 605 militanti
693 569 756 606 cum
790 553 993 623 triumphante,
1031 551 1081 605 sed
1108 559 1187 619 runt,
1216 553 1286 607 illud
1309 555 1412 623 pendet
1429 574 1462 610 ex
1484 556 1536 610 Dei
1554 556 1739 623 ordinatione,
1761 555 1945 627 siquidemis

248 636 330 689 etiarn
366 634 494 689 omnibus
529 637 662 692 ecclesiae
694 638 722 692 in
753 639 796 693 his
828 639 907 694 terris
937 637 1081 692 militantis
1107 637 1202 707 voluit,
1223 638 1370 709 ipsosesse
1383 643 1502 709 spiritus
1515 643 1776 696 administratorias
1793 642 1944 695 inseruien-

249 719 387 775 membris.
426 722 614 777 damnemex
632 725 833 792 communione,
852 723 1080 796 qnamecclesiae
1108 730 1149 776 tes
1176 724 1250 788 illis,
1284 727 1334 793 qui
1354 727 1474 780 saliatem
1503 727 1693 781 hereditates-i
1714 736 1777 781 sunt
1801 727 1888 784 Hebr.
1922 732 1944 792 1,

246 806 392 861 militantis
416 807 541 863 membra
563 808 680 863 invicem
706 810 817 874 colunt,
848 829 903 866 uun
924 816 1017 880 potest
1034 809 1079 862 de·
1108 825 1133 863 ν.
1156 815 1193 864 11.
1242 811 1297 867 Sed
1317 812 1373 866 tale
1391 811 1513 866 officium
1533 812 1669 867 defunctis
1691 813 1795 867 sanctis
1814 813 1940 867 commis-

247 892 310 947 duci
337 893 402 947 talis
431 893 606 964 intercessio,
639 912 710 966 quae
737 897 775 951 sit
800 896 948 968 religiosae
971 897 1080 949 invoca·
1107 911 1167 947 sum
1196 913 1268 963 esse,
1295 914 1328 950 ex
1357 897 1508 969 Scripturis
1536 899 1648 969 probari
1672 899 1777 970 nequit
1818 906 1841 955 1.
1861 897 1946 953 Dicta

245 979 327 1034 tionis
351 979 576 1048 fundamentum,
605 982 674 1035 alias
699 983 823 1037 viventes
841 983 930 1036 sancti
950 980 1080 1052 religiose
1108 979 1270 1050 Scripturas
1297 1000 1314 1038 a
1337 983 1505 1039 Bellarmino
1533 986 1618 1039 allata
1645 1003 1702 1040 uon
1730 990 1796 1039 sunt
1818 985 1943 1056 ejusdem

244 1066 374 1121 invocare
398 1067 533 1122 deberent
556 1076 666 1123 sanctos
692 1069 760 1123 alios
780 1069 873 1123 adhuc
897 1069 925 1121 in
943 1069 1022 1122 terris
1040 1066 1079 1120 vi·
1106 1069 1224 1136 generis.
1261 1069 1404 1135 Quaedam
1426 1072 1498 1125 euim
1515 1090 1570 1126 non
1591 1073 1625 1126 de
1643 1073 1742 1127 creatis
1758 1072 1874 1142 angelis,
1894 1072 1942 1126 sed

243 1161 347 1208 ventes.
401 1154 476 1223 Ergo
513 1154 597 1208 etiam
640 1172 674 1209 ex
718 1155 910 1210 communione
946 1154 1079 1208 ecelesiae
1106 1151 1142 1205 de
1160 1152 1221 1223 ipso
1237 1153 1291 1208 Dei
1303 1155 1375 1209 Filio
1395 1156 1558 1226 angelorum
1575 1157 1697 1212 omnium
1718 1157 1829 1212 domino
1846 1164 1943 1229 agunt,

244 1240 439 1310 triumphantis
462 1258 526 1296 eum
548 1241 685 1296 militante
711 1259 767 1296 nou
785 1248 878 1314 potest
896 1241 996 1295 deduci
1016 1240 1079 1294 talis
1106 1243 1137 1291 ut
1161 1238 1277 1296 Zachar.
1299 1247 1320 1296 1.
1344 1242 1433 1312 Apoc.
1453 1249 1476 1299 8.
1512 1244 1588 1315 Ergo
1611 1245 1648 1298 ad
1673 1244 1836 1315 angelorum
1860 1245 1942 1299 inter-

244 1327 419 1393 intercessio,
452 1345 524 1398 quae
549 1328 586 1382 sit
610 1328 756 1399 religiosae
783 1328 950 1383 adorationis
980 1326 1079 1381 funda·
1106 1325 1256 1381 cessionem
1276 1328 1372 1384 eadem
1390 1338 1568 1400 praepostere
1588 1331 1773 1402 applicantur.

245 1422 375 1468 mentum.
412 1421 435 1469 5.
463 1413 625 1469 Communia
647 1414 695 1468 illa
723 1430 778 1468 non
800 1421 907 1468 tantum
932 1412 1079 1468 intercedit
1140 1415 1198 1465 450.
1232 1415 1258 1469 2.
1286 1414 1333 1466 En
1358 1416 1460 1468 muniis
1488 1424 1657 1470 sanctarum.
1696 1417 1762 1470 Non
1788 1415 1880 1468 solum
1906 1415 1976 1467 aba
1998 1438 2012 1466 ι
2025 1439 2049 1476 up

246 1502 380 1556 ecclesiae
399 1500 529 1555 militanti
550 1518 613 1555 cum
630 1501 828 1572 triumphante,
848 1501 896 1556 sed
918 1500 1000 1555 etiam
1015 1516 1078 1553 eum
1105 1496 1229 1564 angela,
1255 1501 1307 1551 sed
1329 1500 1414 1552 etiam
1434 1518 1453 1553 a
1471 1503 1618 1569 spiritibus
1637 1503 1779 1556 beatorum
1799 1502 1940 1555 hominum
1954 1477 2048 1570 Q„

245 1587 388 1642 laborante
417 1586 445 1640 in
476 1586 655 1657 purgatorio,
689 1587 713 1641 si
741 1586 908 1642 Bellarmiuo
938 1585 1007 1640 fides
1037 1591 1079 1639 est
1103 1589 1239 1650 reguntur
1258 1592 1283 1636 et
1299 1585 1489 1652 gubernantur
1506 1589 1610 1656 fideles
1628 1590 1756 1642 sinentes.
1793 1589 1882 1658 Apoc.
1902 1590 1939 1640 2.-
1954 1583 2049 1673 2⁰¹¹*ssss

242 1672 379 1727 habenda.
416 1673 482 1727 dam
496 1690 560 1727 vero
574 1679 688 1743 propter
700 1673 776 1727 illam
787 1671 1006 1727 communionem
1022 1687 1076 1724 nnn
1108 1666 1166 1730 Qui
1191 1669 1302 1738 uicerit,
1329 1673 1402 1724 stabo
1430 1673 1478 1725 illi
1493 1682 1659 1742 patestatem
1687 1691 1774 1746 suaper
1797 1682 1892 1742 gentes
1915 1682 1941 1727 et
1954 1645 2037 1724 011111.

242 1774 387 1828 possumus
417 1759 446 1811 in
472 1759 602 1829 precibus
632 1759 798 1828 compellare
824 1757 931 1812 animas
957 1758 985 1810 in
1012 1774 1077 1827 pur·
1103 1755 1176 1822 regit
1194 1772 1242 1807 eas
1259 1757 1341 1823 uirga
1358 1759 1465 1820 ferrea.
1486 1777 1549 1828 cap.
1570 1764 1605 1814 3.-
1634 1761 1691 1824 Qui
1705 1762 1812 1830 uicerit,
1830 1761 1940 1826 faciam
1954 1743 2045 1777 '‘¹¹¹²''

241 1845 351 1916 gatario
379 1844 536 1900 laborantes
562 1844 678 1899 docente
705 1845 802 1899 eodem
830 1842 878 1896 lib.
899 1849 924 1900 2.
952 1843 987 1896 de
1012 1859 1076 1912 pur·
1103 1841 1185 1894 illum
1207 1841 1365 1896 columnam
1388 1844 1419 1896 in
1442 1847 1546 1915 templo
1572 1848 1631 1900 Dei
1657 1849 1719 1900 mei.
1759 1847 1814 1908 Qui
1834 1847 1941 1916 uicerit,

241 1938 331 2002 gatar.
359 1948 419 2001 cap.
441 1937 480 1986 15.
517 1930 593 2002 Ergo
616 1937 730 2002 propter
755 1930 831 1984 illam
856 1929 1076 1984 communionem
1105 1928 1179 1980 dabo
1205 1928 1232 1979 ei
1254 1930 1352 1982 sedere
1378 1948 1482 1984 raecum
1508 1933 1538 1984 in
1558 1933 1658 1988 throno
1674 1950 1743 1986 mea.
1778 1932 1876 1987 Matth.
1895 1937 1941 1986 24:

241 2017 338 2071 itidem
368 2034 424 2070 uon
451 2034 597 2086 possumus
622 2018 652 2070 in
677 2017 805 2086 precibus
829 2015 995 2086 compellare
1014 2032 1075 2069 san-
1105 2014 1214 2067 Beatus
1231 2014 1281 2068 ille
1302 2031 1408 2083 1110111,
1427 2035 1507 2086 quem
1525 2035 1586 2072 cum
1604 2020 1709 2072 uenerit
1730 2021 1880 2082 Dominus,
1899 2019 1941 2070 in·

241 2108 301 2158 ctos
330 2120 394 2157 cum
416 2102 526 2157 Christo
548 2103 752 2173 triumphantes
776 2104 806 2156 in
831 2102 916 2157 coelo.
954 2101 1075 2157 1100111-
1102 2100 1269 2154 0111111111
1289 2102 1463 2167 jacientem,
1488 2121 1574 2171 super
1592 2105 1687 2158 omnia
1705 2105 1777 2158 dona
1795 2106 1942 2158 constituet

242 2190 399 2244 munionem
419 2190 495 2243 illam
514 2189 648 2245 ecclesiae
667 2189 865 2261 triumphantis
886 2193 914 2242 et
931 2188 1075 2242 militantis
1103 2200 1172 2238 eum.
1207 2185 1430 2255 Respondemus:
1459 2188 1526 2258 quid
1550 2187 1585 2244 de
1611 2188 1660 2244 illa
1682 2195 1841 2244 sanctorum
1860 2205 1939 2259 prae

242 2275 359 2346 apostoli
384 2275 533 2345 diligenter
559 2275 714 2346 explicant,
745 2275 794 2330 sed
813 2275 940 2345 nuspiam
959 2273 1075 2342 addunt,
1104 2270 1210 2325 lectura
1239 2273 1420 2328 statuendum
1453 2273 1504 2342 sit,
1542 2275 1698 2345 expositum
1730 2276 1784 2330 fnit
1813 2276 1941 2346 superius

241 2362 315 2434 quod
344 2362 433 2416 sancti
465 2361 495 2415 iu
528 2362 612 2416 coelis
640 2363 743 2417 virtute
773 2379 886 2416 suorum
917 2361 1075 2416 meritorum
1104 2359 1265 2429 quaestione
1297 2366 1320 2412 5.
1354 2358 1403 2413 ubi
1446 2361 1529 2414 etiam
1566 2361 1601 2414 de
1633 2361 1725 2416 allatis
1757 2363 1786 2416 in
1818 2360 1940 2417 medium

240 2465 290 2517 pro
313 2448 471 2502 viventibus
495 2454 581 2514 orent,
620 2449 665 2502 vel
688 2448 763 2519 quod
795 2447 919 2502 viventes
947 2447 1076 2517 religiose
1104 2441 1264 2513 Scripturas
1294 2444 1375 2499 dictis
1406 2444 1463 2500 late
1494 2446 1681 2502 disseruimus.
1726 2451 1752 2503 3.
1783 2449 1942 2501 Ere-<lietu

241 2549 287 2588 eos
306 2535 434 2589 invocare
454 2532 583 2588 debeant.
622 2536 644 2590 7.
664 2535 813 2588 Artiatlus
831 2536 866 2587 de
886 2535 1075 2587 communione
1103 2540 1226 2600 patrnam.
1252 2529 1477 2601 Respondemus:
1502 2535 1638 2604 quaedem
1666 2533 1819 2605 loquuntur
1845 2535 1881 2589 de
1900 2536 1942 2589 iu-

239 2629 400 2674 sanctarum
433 2621 559 2690 loquitur
589 2629 695 2674 tantum
723 2623 759 2674 de
788 2629 902 2674 estana
926 2628 952 2673 et
971 2619 1079 2673 visibili
1103 2616 1270 2671 tarcessious
1297 2617 1422 2670 vivorum
1448 2618 1592 2672 nobiscum
1617 2619 1647 2673 in
1665 2620 1745 2673 terris
1763 2620 1856 2674 adhuc
1876 2637 1939 2674 con·

240 2706 375 2774 ecclesia,
395 2708 431 2759 de
450 2707 589 2760 invisibili
603 2707 684 2761 nulla
702 2709 795 2770 moda,
814 2706 910 2761 scribit
929 2705 1075 2760 Tannerus
1104 2702 1291 2771 versantium
1310 2702 1358 2773 qni
1378 2703 1413 2757 de
1430 2710 1601 2759 mortuorum
1615 2705 1811 2762 intercessione
1821 2706 1939 2777 loquun-

239 2799 311 2862 part.
331 2797 354 2846 2.
375 2798 449 2846 anat
470 2794 590 2863 August.
613 2791 728 2850 confess.
747 2810 811 2863 pag.
835 2797 890 2848 112.
926 2793 992 2847 dam
1010 2808 1076 2845 vero
1102 2794 1163 2850 tur,
1185 2786 1261 2842 illam
1285 2795 1445 2858 proponunt
1460 2807 1517 2844 non
1533 2796 1565 2844 ut
1584 2791 1770 2846 necessarium
1789 2791 1855 2846 fidei
1873 2793 1939 2847 arti-

240 2876 329 2931 sancti
347 2876 471 2932 defuncti
489 2878 629 2949 pertinent
648 2879 684 2931 ad
701 2879 867 2933 invisibilem
885 2877 1028 2934 ecclesiam
1047 2878 1075 2930 in
1103 2874 1210 2936 culum,
1238 2874 1287 2928 sed
1311 2879 1343 2927 ut
1363 2874 1535 2944 probabilem
1555 2877 1736 2941 senentiam,
1768 2877 1843 2932 unde
1859 2878 1941 2933 dubi·

240 2962 317 3017 coelo
344 2962 573 3032 triumphantem.
618 2963 693 3034 Rrgo
720 2964 803 3034 juxta
833 2963 955 3019 Tanueri
987 2963 1074 3033 hypo-
1102 2965 1193 3014 tanter
1211 2959 1246 3014 de
1266 2976 1299 3013 ea
1317 2959 1477 3030 loquuntur.
1519 2961 1653 3032 Origenes
1672 2962 1781 3018 1101113.
1802 2963 1939 3019 ineant:

241 3047 332 3103 thesin
350 3049 506 3103 commuuio
525 3056 682 3103 sanctorum
702 3051 739 3104 ad
760 3067 821 3106 eam
838 3049 934 3105 referri
954 3051 1057 3120 nequit
1104 3045 1205 3098 Sancu
1229 3046 1256 3098 11
1279 3048 1413 3099 dicuutur
1430 3048 1537 3116 juvare
1557 3067 1608 3102 nas
1626 3050 1760 3119 precibus
1778 3051 1839 3103 sais
1856 3059 1938 3120 utque

112 3154 179 3206 Quos
276 3141 333 3190 119.
370 3134 451 3198 Quod
470 3136 572 3200 sancti,
598 3137 646 3207 qui
666 3145 785 3207 regnaut
801 3154 864 3191 cum
882 3137 1006 3205 Christo,
1024 3154 1074 3206 pro
1101 3131 1259 3184 1111111111
1283 3151 1334 3185 1110
1363 3137 1443 3202 apud
1475 3136 1643 3198 Dominum,
1679 3150 1735 3189 1101
1762 3137 1816 3188 trit
1843 3135 1938 3191 111101·

112 3205 188 3246 '⁸⁰⁶³
240 3220 320 3276 uobis
347 3226 427 3275 orent
457 3239 515 3274 non
544 3222 635 3275 salum
664 3223 693 3274 in
715 3239 828 3290 genere,
862 3225 914 3276 sed
935 3224 1018 3276 etiam
1044 3223 1075 3276 in
1101 3218 1221 3270 11111111.
1241 3216 1270 3268 in
1288 3233 1349 3287 cap·
1372 3223 1410 3273 1³.
1432 3218 1492 3274 dos.
1510 3219 1582 3275 hom.
1599 3225 1644 3275 16:
1662 3222 1727 3289 Ego
1748 3222 1790 3273 sic
1803 3223 1939 3286 arbitror,

115 3263 180 3296 orent
195 3259 217 3297 ln

112 3309 211 3408 {2¹1⁰ssss
238 3308 428 3377 particulari,
452 3306 638 3362 Bellarminus
657 3315 774 3363 conatur
792 3325 867 3380 seqq.
888 3309 1075 3364 fundamentis
1102 3304 1178 3371 (111οἅ
1203 3320 1296 3356 01111111
1324 3304 1385 3372 illl,
1417 3306 1659 3372 11111011111111111
1678 3315 1743 3359 ante
1759 3326 1811 3361 '¹⁰⁸
1826 3316 1938 3375 paim,

110 3411 191 3451 vrvsn-
241 3392 365 3464 probare,
390 3399 412 3450 1.
434 3411 467 3446 aa
484 3395 666 3463 comparatis.
704 3396 809 3464 Angeli
828 3404 910 3449 orant
925 3397 1074 3465 pronubis
1097 3397 1222 3458 pugnent
1245 3390 1387 3445 namneum
1406 3399 1433 3443 et
1452 3392 1588 3460 adjuvent
1608 3411 1658 3446 uas
1678 3393 1851 3447 arationibus
1868 3396 1937 3450 suis.

109 3463 227 3562 l¹.bd⁸rr'gett
242 3489 268 3533 et
289 3498 385 3533 curam
404 3481 495 3534 nostri
517 3489 617 3550 gerunt
641 3483 724 3534 etiam
744 3483 775 3535 in
792 3483 925 3550 speciali,
944 3482 1014 3538 Tob.
1034 3488 1074 3537 12.
1101 3475 1130 3528 ln
1154 3475 1233 3546 1111111·
1257 3476 1337 3533 Rom.
1364 3476 1411 3531 lib·
1431 3483 1458 3532 22
1491 3477 1525 3531 Sl
1551 3488 1631 3532 1111111
1653 3497 1757 3548 corpur
1778 3481 1872 3548 positi
1893 3482 1938 3534 vel

111 3565 226 3614 pronuba
242 3565 355 3620 zachar,
377 3568 570 3637 1,Ap0021,g‚
591 3566 664 3640 Dan,
680 3574 719 3623 10,
742 3568 1074 3625 p321m‚90,Mgtth‚1s‚
1100 3565 1206 3629 sancti,
1236 3563 1287 3631 qui
1311 3581 1372 3616 mim
1398 3564 1509 3618 Christo
1536 3573 1615 3629 sunt,
1644 3573 1732 3634 agunt
1763 3567 1878 3634 aliquid
1910 3575 1937 3620 et

14 3666 18 3679 “
108 3627 229 3717 1111111110
244 3652 322 3720 Ergo
348 3654 435 3707 asulto
457 3653 547 3720 magis
571 3654 604 3705 id
622 3655 756 3722 spriritus
772 3655 912 3708 hominum
932 3656 1074 3709 beatarum
1100 3649 1232 3703 laborant
1249 3668 1303 3718 pra
1317 3651 1396 3702 nabis
1410 3652 1452 3705 ad
1468 3651 1683 3704 similitudinem
1695 3653 1868 3722 angelorum,
1886 3655 1937 3723 qui

109 3722 211 3820 ἓξὲξ,
239 3741 360 3802 faciant.
411 3741 487 3793 Nam
519 3740 651 3806 inprimis
684 3741 756 3794 nihil
790 3741 830 3794 eia
860 3743 937 3794 deest
969 3758 1073 3808 aarum,
1100 3735 1202 3788 ralutr's
1219 3744 1333 3788 nostrae
1358 3737 1516 3789 ministeria
1535 3746 1691 3805 procurant
1716 3745 1770 3792 etc.
1795 3739 1933 3793 habeatur

108 3823 192 3865 annoti.
240 3843 310 3895 qua,
334 3827 431 3894 anm·
455 3826 573 3888 palme,
603 3833 737 3894 muggam
761 3829 802 3880 ad
825 3827 876 3880 7100
893 3845 991 3880 mum
1009 3846 1072 3898 per.
1102 3820 1152 3873 hac
1178 3821 1252 3873 inter
1275 3821 1385 3874 01011110
1408 3823 1467 3874 Dei
1491 3838 1541 3874 neo
1567 3824 1714 3878 chartulae
1737 3827 1935 3879 committenda

238 3914 314 3980 tinet,
335 3930 396 3964 cam
415 3912 471 3964 sint
487 3913 617 3980 praediti
634 3912 821 3978 intelligentia
840 3921 867 3966 et
886 3913 1029 3966 uoluntate
1047 3921 1072 3965 at
1100 3909 1241 3974 mysteria.
1280 3907 1432 3977 Gregorius
1452 3906 1585 3964 Nuzianz.
1610 3909 1639 3962 in
1656 3908 1712 3964 fine
1729 3919 1796 3966 orat
1816 3912 1845 3964 in
1863 3911 1934 3966 Gor-

238 3999 335 4052 arisint
359 4015 467 4066 semper
487 4000 550 4050 Deo
577 4006 603 4051 et
622 4016 673 4050 raas
690 3999 861 4052 vehementer
880 3999 1003 4068 diligant
1038 4017 1072 4051 nc
1084 4020 1086 4080 p
1099 4011 1163 4063 gon.
1187 4009 1272 4047 soror.
1297 4010 1396 4046 suam:
1430 3993 1464 4047 Si
1488 3995 1540 4047 tibi
1560 3997 1660 4064 aliqua
1683 3999 1775 4051 nostri
1796 4000 1934 4051 cormarrin

237 4086 346 4137 rismum
365 4084 420 4136 sint
438 4084 572 4151 aequales
588 4085 698 4152 angelis
717 4083 786 4137 Luc.
806 4089 846 4138 ld.
886 4084 997 4137 Deinde
1016 4084 1086 4147 ali.¹
1099 4087 1139 4132 est
1163 4081 1239 4132 ratio
1263 4088 1288 4132 et
1312 4081 1363 4133 trac
1388 4080 1494 4133 sanctis
1517 4083 1621 4136 animis
1642 4102 1661 4135 a
1679 4085 1742 4137 Dea
1761 4103 1873 4149 uranus,
1904 4096 1934 4139 ut

86 4171 308 4240 1111110191111
329 4169 429 4222 liabent
448 4186 523 4238 prae
542 4170 664 4236 augelis,
691 4172 768 4240 quod
784 4179 847 4223 sient
867 4172 990 4223 membra
1011 4188 1070 4224 cor·
1083 4155 1086 4213 l
1099 4167 1173 4219 talia
1191 4169 1351 4228 resciscant,
1371 4168 1481 4235 susaspe
1502 4177 1660 4222 nostrarum
1678 4188 1839 4225 sermonem
1863 4182 1932 4227 orat,

232 4257 316 4324 poris
339 4255 471 4309 ecclcsiae
496 4257 575 4308 stadis
600 4256 691 4324 inagis
717 4257 882 4325 conjuncta,
911 4274 994 4326 gaam
1014 4218 1126 4399 1111ιί111
1146 4252 1244 4305 Basilz
1276 4254 1360 4306 Nune
1383 4254 1414 4306 in
1441 4254 1528 4307 caelis
1548 4256 1718 4322 pronubis,
1748 4267 1778 4310 ut
1798 4259 1932 4326 arbitror,

236 4342 340 4409 angeli,
362 4348 389 4394 et
411 4342 519 4409 ceper-ti
540 4342 596 4393 sint
614 4342 744 4395 miserias
769 4349 795 4394 ct
818 4343 947 4410 pericula
965 4350 1069 4406 nostra,
1098 4341 1178 4407 affert
1209 4339 1361 4401 semitiora.
1393 4339 1466 4394 idem
1497 4357 1560 4394 cum
1593 4341 1622 4395 in
1651 4343 1774 4413 epitaph.
1808 4347 1932 4414 parasitis

237 4443 308 4496 quae
327 4428 425 4496 angeli
442 4446 497 4480 nors
516 4436 580 4480 sunt
600 4429 713 4496 asperti.
750 4427 974 4497 Respondemus:
996 4432 1016 4482 l.
1039 4426 1068 4483 si
1097 4424 1229 4479 dixisset:
1257 4426 1341 4477 Nunc
1354 4427 1487 4493 precibus
1506 4429 1598 4496 magis
1610 4430 1727 4497 proficit
1746 4448 1830 4498 quam
1849 4441 1933 4485 (111110

235 4512 278 4566 vel
296 4514 414 4567 maxime
431 4513 607 4575 concedatur,
628 4518 656 4566 et
674 4513 788 4583 angelos
808 4519 837 4566 et
856 4513 1001 4567 defunctos
1014 4529 1069 4566 uon
1097 4511 1241 4574 doctrina,
1264 4518 1367 4578 guanto
1384 4512 1445 4579 jam
1463 4515 1526 4566 Dea
1548 4523 1587 4567 est
1602 4516 1808 4585 prapiriguior,
1828 4519 1932 4587 dignus

234 4598 321 4652 solum
339 4598 367 4651 in
386 4614 496 4668 genere,
515 4598 565 4651 sed
585 4598 667 4652 etiam
687 4598 855 4669 quaudoque
867 4599 896 4651 in
908 4599 1068 4669 particulari
1096 4600 1211 4667 efflictim
1244 4600 1371 4667 angelica
1399 4601 1497 4653 urdine
1520 4609 1546 4654 11
1568 4604 1736 4674 parrhesia,
1767 4605 1863 4661 addit:
1899 4608 1932 4660 Ut

234 4703 283 4754 pro
302 4684 382 4739 uobis
400 4701 487 4747 orare,
508 4685 630 4739 nondum
649 4691 742 4740 tamen
760 4703 794 4739 ex
815 4702 848 4739 eo
866 4693 1004 4756 sequetur,
1023 4684 1068 4739 vel
1096 4701 1145 4753 ega
1172 4685 1242 4736 nitur·
1265 4689 1426 4754 persuadeo
1451 4694 1503 4742 etc.
1543 4688 1628 4745 Item:
1662 4690 1768 4744 Sinon
1788 4695 1886 4747 aridae
1906 4702 1933 4746 et

233 4770 360 4842 angelos,
388 4770 433 4825 vel
451 4779 560 4825 sanctos
580 4779 727 4841 propterea
746 4770 874 4842 religiose
895 4772 1066 4827 invocandos
1079 4824 1082 4855 ¹
1095 4771 1272 4823 temerariam
1298 4779 1337 4824 est
1360 4773 1412 4825 boc
1435 4775 1545 4843 dicere,
1572 4781 1597 4829 rt
1622 4776 1660 4845 μὴ
1684 4779 1825 4850 τολμηρὸν
1845 4784 1929 4833 τοῦτο

234 4875 301 4925 esse,
319 4874 383 4911 uam
399 4859 493 4910 sancti
508 4859 629 4912 uiuentes
648 4875 703 4912 non
723 4859 812 4912 solum
830 4858 859 4911 in
879 4875 989 4929 genere,
1016 4859 1064 4912 sed
1079 4864 1082 4909 3
1095 4859 1190 4924 sinsin,
1208 4864 1276 4912 orat.
1300 4864 1321 4912 1.
1340 4858 1369 4912 in
1387 4857 1507 4916 duliam:
1525 4863 1607 4916 Audi
1624 4863 1804 4918 Constantini
1821 4866 1927 4934 anima,

233 4944 316 4999 etiam
342 4945 370 4998 in
388 4943 548 5014 particulari
567 4964 617 5015 pro
635 4946 716 5000 nobis
736 4952 830 5009 orant,
862 4963 952 5017 neque
973 4952 1064 5000 tamen
1079 4916 1082 4992 l
1095 4947 1122 4995 11
1138 4962 1177 5002 τις
1201 4947 1337 5009 αἴσθησις.
1385 4945 1549 5002 Ambrosius
1577 4949 1612 5002 de
1647 4949 1726 5004 obitu
1754 4950 1862 5005 fratris:
1897 4952 1932 5006 Si

232 5036 381 5100 propterea
398 5030 528 5101 religiose.
545 5049 562 5085 a
580 5031 659 5085 nobis
677 5032 852 5100 invocantur,
895 5036 917 5086 2,
939 5030 999 5086 Nec
1017 5003 1080 5108 arr-l
1095 5045 1167 5081 niune
1184 5031 1282 5098 urgeri
1294 5031 1412 5084 ltaliam
1432 5040 1490 5087 tam
1501 5035 1664 5105 propinqua
1685 5037 1762 5091 haste
1782 5054 1928 5106 cognosce·

232 5115 297 5186 geli,
315 5133 366 5172 uec
383 5116 472 5171 sancti
491 5123 556 5171 sunt
576 5117 710 5185 omniscii,
730 5118 959 5188 unpdrnyunimnr,
979 5117 1065 5172 omni·
1093 5131 1151 5179 res,
1183 5125 1319 5184 guantum
1338 5118 1541 5187 ingemisceres.
1575 5121 1751 5193 Augustinus
1776 5123 1805 5178 in
1823 5124 1872 5182 lib.
1891 5124 1928 5180 da
1943 5137 2049 5181 111111

232 5209 392 5272 praesentes
411 5207 465 5260 eto.
502 5201 651 5273 Rrgonon
668 5210 806 5258 noverunt
824 5219 918 5257 omnes
938 5204 1063 5258 cordium
1092 5217 1159 5255 cura
1182 5218 1232 5271 pro
1252 5204 1367 5257 mortuis
1384 5222 1443 5276 cap.
1463 5213 1512 5263 16:
1539 5206 1704 5278 Quanquam
1721 5211 1777 5263 ista
1798 5215 1928 5281 quantia

232 5295 387 5345 nostrorum
407 5289 549 5362 augustias
567 5307 600 5344 ac
620 5290 754 5360 gemitus,
781 5296 809 5344 et
825 5307 875 5361 per
895 5306 1064 5360 consequens
1092 5290 1165 5341 uires
1184 5307 1263 5342 meae
1279 5288 1481 5359 intelligentias
1497 5295 1600 5359 0111001,
1619 5299 1852 5364 quamadmodum
1867 5302 1928 5368 api·

232 5391 287 5429 non
306 5381 399 5446 potest
421 5375 537 5433 firmiter
554 5376 652 5445 statui,
677 5377 752 5446 quod
771 5377 800 5430 in
816 5376 914 5449 quavis
934 5376 1064 5446 angustia
1091 5377 1213 5430 tutentur
1239 5387 1378 5446 martyres
1397 5381 1449 5443 iis,
1471 5396 1541 5449 gisae
1553 5398 1610 5449 per
1629 5399 1676 5437 aas
1694 5392 1798 5438 camum
1816 5394 1857 5438 est
1876 5388 1929 5439 nd·

231 5468 260 5519 et
276 5461 434 5518 summitate
450 5462 480 5519 in
496 5462 657 5537 particulari
676 5479 726 5536 pro
743 5464 824 5520 nobis
843 5470 929 5520 orent.
960 5469 984 5518 1.
1005 5462 1199 5532 1111101011,
1231 5471 1324 5520 umam
1349 5467 1408 5537 ipsi
1428 5482 1483 5535 per
1498 5484 1529 5521 se
1554 5469 1632 5537 ipsos
1659 5471 1757 5526 adsint
1779 5490 1835 5526 una
1862 5480 1929 5527 1111

1080 4580 1083 4623 l
