<?xml version="1.0" encoding="UTF-8"?>
<!DOCTYPE html PUBLIC "-//W3C//DTD XHTML 1.0 Transitional//EN"
    "http://www.w3.org/TR/xhtml1/DTD/xhtml1-transitional.dtd">
<html xmlns="http://www.w3.org/1999/xhtml" xml:lang="en" lang="en">
 <head>
  <title>
</title>
<meta http-equiv="Content-Type" content="text/html;charset=utf-8" />
  <meta name='ocr-system' content='tesseract 3.04.00' />
  <meta name='ocr-capabilities' content='ocr_page ocr_carea ocr_par ocr_line ocrx_word'/>
</head>
<body>
  <div class='ocr_page' id='page_1' title='image "./locitheologicit00gerhgoog/locitheologicit00gerhgoog_0332.png"; bbox 0 0 4104 6014; ppageno 0'>
   <div class='ocr_carea' id='block_1_1' title="bbox 864 198 1817 263">
    <p class='ocr_par' dir='ltr' id='par_1_1' title="bbox 864 198 1817 263">
     <span class='ocr_line' id='line_1_1' title="bbox 864 198 1817 263; baseline 0.009 -9"><span class='ocrx_word' id='word_1_1' title='bbox 864 199 918 255; x_wconf 79' lang='lat' dir='ltr'><strong><em>DE</em></strong></span> <span class='ocrx_word' id='word_1_2' title='bbox 942 198 1083 258; x_wconf 81' lang='lat' dir='ltr'><strong>MORTE.</strong></span> <span class='ocrx_word' id='word_1_3' title='bbox 1757 206 1817 263; x_wconf 82' lang='lat'><strong><em>319</em></strong></span> 
     </span>
    </p>
   </div>
   <div class='ocr_carea' id='block_1_2' title="bbox 27 353 1971 5442">
    <p class='ocr_par' dir='ltr' id='par_1_2' title="bbox 27 353 1971 5442">
     <span class='ocr_line' id='line_1_2' title="bbox 122 353 1820 430; baseline -0.002 -19"><span class='ocrx_word' id='word_1_4' title='bbox 122 356 193 411; x_wconf 80' lang='lat' dir='ltr'><strong><em>lium</em></strong></span> <span class='ocrx_word' id='word_1_5' title='bbox 209 356 273 426; x_wconf 84' lang='lat' dir='ltr'><strong><em>ejue</em></strong></span> <span class='ocrx_word' id='word_1_6' title='bbox 288 357 420 424; x_wconf 83' lang='lat' dir='ltr'><strong><em>colimur,</em></strong></span> <span class='ocrx_word' id='word_1_7' title='bbox 445 358 576 427; x_wconf 86' lang='lat' dir='ltr'><strong><em>ealliqat,</em></strong></span> <span class='ocrx_word' id='word_1_8' title='bbox 596 364 653 413; x_wconf 80' lang='lat' dir='ltr'><strong><em>&#39;noe</em></strong></span> <span class='ocrx_word' id='word_1_9' title='bbox 670 375 778 429; x_wconf 90' lang='lat' dir='ltr'><strong><em>quaque</em></strong></span> <span class='ocrx_word' id='word_1_10' title='bbox 792 376 850 413; x_wconf 91' lang='lat' dir='ltr'><strong><em>nan</em></strong></span> <span class='ocrx_word' id='word_1_11' title='bbox 866 359 959 413; x_wconf 81' lang='lat' dir='ltr'><strong><em>ratum</em></strong></span> <span class='ocrx_word' id='word_1_12' title='bbox 986 363 1026 410; x_wconf 83' lang='lat' dir='ltr'><strong><em>tea</em></strong></span> <span class='ocrx_word' id='word_1_13' title='bbox 1054 374 1111 430; x_wconf 86' lang='lat' dir='ltr'><strong><em>per</em></strong></span> <span class='ocrx_word' id='word_1_14' title='bbox 1134 359 1238 414; x_wconf 61' lang='lat' dir='ltr'><strong><em>udum</em></strong></span> <span class='ocrx_word' id='word_1_15' title='bbox 1267 359 1432 416; x_wconf 65' lang='lat' dir='ltr'><strong><em>nummatam</em></strong></span> <span class='ocrx_word' id='word_1_16' title='bbox 1458 358 1603 428; x_wconf 82' lang='lat' dir='ltr'><strong><em>ecpreeeit.</em></strong></span> <span class='ocrx_word' id='word_1_17' title='bbox 1650 357 1690 410; x_wconf 83' lang='lat' dir='ltr'><strong><em>Et</em></strong></span> <span class='ocrx_word' id='word_1_18' title='bbox 1715 353 1820 408; x_wconf 88' lang='lat' dir='ltr'><strong><em>mortui</em></strong></span> 
     </span>
     <span class='ocr_line' id='line_1_3' title="bbox 123 442 1927 517; baseline -0.002 -19"><span class='ocrx_word' id='word_1_19' title='bbox 123 445 233 513; x_wconf 75' lang='lat' dir='ltr'><strong><em>Derim,</em></strong></span> <span class='ocrx_word' id='word_1_20' title='bbox 251 445 447 498; x_wconf 84' lang='lat' dir='ltr'><strong><em>verumetiam</em></strong></span> <span class='ocrx_word' id='word_1_21' title='bbox 464 446 607 501; x_wconf 86' lang='lat' dir='ltr'><strong><em>minietraa</em></strong></span> <span class='ocrx_word' id='word_1_22' title='bbox 627 447 689 515; x_wconf 74' lang='lat' dir='ltr'><strong><em>eiua</em></strong></span> <span class='ocrx_word' id='word_1_23' title='bbox 708 447 815 514; x_wconf 90' lang='lat' dir='ltr'><strong><em>calere,</em></strong></span> <span class='ocrx_word' id='word_1_24' title='bbox 833 447 883 517; x_wconf 88' lang='lat' dir='ltr'><strong><em>qui</em></strong></span> <span class='ocrx_word' id='word_1_25' title='bbox 900 446 958 516; x_wconf 87' lang='lat' dir='ltr'><strong><em>qui·</em></strong></span> <span class='ocrx_word' id='word_1_26' title='bbox 985 445 1099 512; x_wconf 81' lang='lat' dir='ltr'><strong><em>quidem</em></strong></span> <span class='ocrx_word' id='word_1_27' title='bbox 1113 454 1186 514; x_wconf 84' lang='lat' dir='ltr'><strong><em>eunt,</em></strong></span> <span class='ocrx_word' id='word_1_28' title='bbox 1199 446 1249 516; x_wconf 89' lang='lat' dir='ltr'><strong><em>qui</em></strong></span> <span class='ocrx_word' id='word_1_29' title='bbox 1261 448 1428 511; x_wconf 85' lang='lat' dir='ltr'><strong><em>adorantur,</em></strong></span> <span class='ocrx_word' id='word_1_30' title='bbox 1444 447 1571 515; x_wconf 71' lang='lat' dir='ltr'><strong><em>aprorum</em></strong></span> <span class='ocrx_word' id='word_1_31' title='bbox 1588 460 1654 499; x_wconf 85' lang='lat' dir='ltr'><strong><em>vera</em></strong></span> <span class='ocrx_word' id='word_1_32' title='bbox 1671 442 1818 511; x_wconf 83' lang='lat' dir='ltr'><strong><em>imaqinee,</em></strong></span> <span class='ocrx_word' id='word_1_33' title='bbox 1924 485 1927 489; x_wconf 95' lang='lat'><strong><em>.</em></strong></span> 
     </span>
     <span class='ocr_line' id='line_1_4' title="bbox 124 526 1971 604; baseline -0.003 -19"><span class='ocrx_word' id='word_1_34' title='bbox 124 533 188 586; x_wconf 87' lang='lat' dir='ltr'><strong><em>dem</em></strong></span> <span class='ocrx_word' id='word_1_35' title='bbox 206 531 235 585; x_wconf 83' lang='lat' dir='ltr'><strong><em>ei</em></strong></span> <span class='ocrx_word' id='word_1_36' title='bbox 251 532 433 588; x_wconf 65' lang='lat' dir='ltr'><strong><em>intellexisset</em></strong></span> <span class='ocrx_word' id='word_1_37' title='bbox 451 550 532 588; x_wconf 87' lang='lat' dir='ltr'><strong><em>uerae</em></strong></span> <span class='ocrx_word' id='word_1_38' title='bbox 550 535 694 589; x_wconf 89' lang='lat' dir='ltr'><strong><em>minietroe</em></strong></span> <span class='ocrx_word' id='word_1_39' title='bbox 712 536 771 588; x_wconf 90' lang='lat' dir='ltr'><strong><em>Dei</em></strong></span> <span class='ocrx_word' id='word_1_40' title='bbox 783 541 851 603; x_wconf 89' lang='lat' dir='ltr'><strong><em>poet</em></strong></span> <span class='ocrx_word' id='word_1_41' title='bbox 869 534 959 604; x_wconf 87' lang='lat' dir='ltr'><strong><em>ipeiue</em></strong></span> <span class='ocrx_word' id='word_1_42' title='bbox 986 547 1057 598; x_wconf 78' lang='lat' dir='ltr'><strong><em>quae</em></strong></span> <span class='ocrx_word' id='word_1_43' title='bbox 1081 549 1223 600; x_wconf 86' lang='lat' dir='ltr'><strong><em>nunquam</em></strong></span> <span class='ocrx_word' id='word_1_44' title='bbox 1242 533 1382 596; x_wconf 75' lang='lat' dir='ltr'><strong><em>uiderunt,</em></strong></span> <span class='ocrx_word' id='word_1_45' title='bbox 1412 548 1500 601; x_wconf 88' lang='lat' dir='ltr'><strong><em>neque</em></strong></span> <span class='ocrx_word' id='word_1_46' title='bbox 1518 531 1592 585; x_wconf 89' lang='lat' dir='ltr'><strong><em>enim</em></strong></span> <span class='ocrx_word' id='word_1_47' title='bbox 1610 537 1736 583; x_wconf 76' lang='lat' dir='ltr'><strong><em>mortuae</em></strong></span> <span class='ocrx_word' id='word_1_48' title='bbox 1757 543 1817 581; x_wconf 86' lang='lat' dir='ltr'><strong><em>eeee</em></strong></span> <span class='ocrx_word' id='word_1_49' title='bbox 1832 529 1911 569; x_wconf 79' lang='lat' dir='ltr'><strong><em>xvnr.</em></strong></span> <span class='ocrx_word' id='word_1_50' title='bbox 1926 526 1971 570; x_wconf 60' lang='grc' dir='ltr'><strong><em>Ν</em></strong></span> 
     </span>
     <span class='ocr_line' id='line_1_5' title="bbox 123 614 1818 689; baseline -0.004 -17"><span class='ocrx_word' id='word_1_51' title='bbox 123 617 303 686; x_wconf 67' lang='lat' dir='ltr'><strong><em>uniqenitum</em></strong></span> <span class='ocrx_word' id='word_1_52' title='bbox 330 619 499 685; x_wconf 74' lang='lat' dir='ltr'><strong><em>Gabrielem,</em></strong></span> <span class='ocrx_word' id='word_1_53' title='bbox 528 620 698 674; x_wconf 77' lang='lat' dir='ltr'><strong><em>Miebailem</em></strong></span> <span class='ocrx_word' id='word_1_54' title='bbox 714 619 892 689; x_wconf 85' lang='lat' dir='ltr'><strong><em>reliquaeque</em></strong></span> <span class='ocrx_word' id='word_1_55' title='bbox 910 638 958 673; x_wconf 92' lang='lat' dir='ltr'><strong><em>an·</em></strong></span> <span class='ocrx_word' id='word_1_56' title='bbox 983 625 1115 683; x_wconf 79' lang='lat' dir='ltr'><strong><em>pareunt,</em></strong></span> <span class='ocrx_word' id='word_1_57' title='bbox 1132 635 1205 686; x_wconf 91' lang='lat' dir='ltr'><strong><em>quae</em></strong></span> <span class='ocrx_word' id='word_1_58' title='bbox 1223 636 1366 688; x_wconf 87' lang='lat' dir='ltr'><strong><em>nunquam</em></strong></span> <span class='ocrx_word' id='word_1_59' title='bbox 1384 618 1525 684; x_wconf 78' lang='lat' dir='ltr'><strong><em>uicerunt,</em></strong></span> <span class='ocrx_word' id='word_1_60' title='bbox 1549 617 1715 670; x_wconf 71' lang='lat' dir='ltr'><strong><em>admandae</em></strong></span> <span class='ocrx_word' id='word_1_61' title='bbox 1732 614 1818 667; x_wconf 85' lang='lat' dir='ltr'><strong><em>intra-</em></strong></span> 
     </span>
     <span class='ocr_line' id='line_1_6' title="bbox 123 702 1820 778; baseline -0.004 -19"><span class='ocrx_word' id='word_1_62' title='bbox 123 705 216 773; x_wconf 83' lang='lat' dir='ltr'><strong><em>qeloe,</em></strong></span> <span class='ocrx_word' id='word_1_63' title='bbox 250 721 351 775; x_wconf 80' lang='lat' dir='ltr'><strong><em>eoeqree</em></strong></span> <span class='ocrx_word' id='word_1_64' title='bbox 379 706 513 760; x_wconf 86' lang='lat' dir='ltr'><strong><em>calendae</em></strong></span> <span class='ocrx_word' id='word_1_65' title='bbox 540 709 732 778; x_wconf 73' lang='lat' dir='ltr'><strong><em>caumana,</em></strong></span> <span class='ocrx_word' id='word_1_66' title='bbox 762 708 887 771; x_wconf 81' lang='lat' dir='ltr'><strong><em>farturae</em></strong></span> <span class='ocrx_word' id='word_1_67' title='bbox 912 724 959 760; x_wconf 88' lang='lat' dir='ltr'><strong><em>ea·</em></strong></span> <span class='ocrx_word' id='word_1_68' title='bbox 987 704 1104 772; x_wconf 86' lang='lat' dir='ltr'><strong><em>ducunt,</em></strong></span> <span class='ocrx_word' id='word_1_69' title='bbox 1141 704 1320 758; x_wconf 86' lang='lat' dir='ltr'><strong><em>adulterante</em></strong></span> <span class='ocrx_word' id='word_1_70' title='bbox 1347 713 1435 758; x_wconf 80' lang='lat' dir='ltr'><strong><em>meme</em></strong></span> <span class='ocrx_word' id='word_1_71' title='bbox 1463 705 1499 758; x_wconf 90' lang='lat' dir='ltr'><strong><em>ab</em></strong></span> <span class='ocrx_word' id='word_1_72' title='bbox 1525 721 1581 757; x_wconf 93' lang='lat' dir='ltr'><strong><em>uno</em></strong></span> <span class='ocrx_word' id='word_1_73' title='bbox 1608 710 1634 756; x_wconf 91' lang='lat' dir='ltr'><strong><em>et</em></strong></span> <span class='ocrx_word' id='word_1_74' title='bbox 1658 702 1719 755; x_wconf 86' lang='lat' dir='ltr'><strong><em>ealo</em></strong></span> <span class='ocrx_word' id='word_1_75' title='bbox 1746 702 1820 767; x_wconf 90' lang='lat' dir='ltr'><strong><em>Dea,</em></strong></span> 
     </span>
     <span class='ocr_line' id='line_1_7' title="bbox 124 789 1820 862; baseline -0.004 -15"><span class='ocrx_word' id='word_1_76' title='bbox 124 791 206 847; x_wconf 88' lang='lat' dir='ltr'><strong><em>lendi</em></strong></span> <span class='ocrx_word' id='word_1_77' title='bbox 223 791 412 859; x_wconf 72' lang='lat' dir='ltr'><strong><em>eiqnifieatum</em></strong></span> <span class='ocrx_word' id='word_1_78' title='bbox 429 798 617 862; x_wconf 81' lang='lat' dir='ltr'><strong><em>repuqnanter</em></strong></span> <span class='ocrx_word' id='word_1_79' title='bbox 637 801 663 846; x_wconf 89' lang='lat' dir='ltr'><strong><em>et</em></strong></span> <span class='ocrx_word' id='word_1_80' title='bbox 676 793 801 846; x_wconf 88' lang='lat' dir='ltr'><strong><em>aetionee</em></strong></span> <span class='ocrx_word' id='word_1_81' title='bbox 812 793 960 848; x_wconf 82' lang='lat' dir='ltr'><strong><em>calentium</em></strong></span> <span class='ocrx_word' id='word_1_82' title='bbox 986 790 1060 847; x_wconf 78' lang='lat' dir='ltr'><strong><em>veltet</em></strong></span> <span class='ocrx_word' id='word_1_83' title='bbox 1079 807 1221 845; x_wconf 89' lang='lat' dir='ltr'><strong><em>commune</em></strong></span> <span class='ocrx_word' id='word_1_84' title='bbox 1232 800 1354 845; x_wconf 91' lang='lat' dir='ltr'><strong><em>ecartum</em></strong></span> <span class='ocrx_word' id='word_1_85' title='bbox 1368 792 1410 844; x_wconf 90' lang='lat' dir='ltr'><strong><em>ad</em></strong></span> <span class='ocrx_word' id='word_1_86' title='bbox 1423 791 1540 844; x_wconf 89' lang='lat' dir='ltr'><strong><em>multam</em></strong></span> <span class='ocrx_word' id='word_1_87' title='bbox 1551 789 1717 859; x_wconf 84' lang='lat' dir='ltr'><strong><em>multiplicia</em></strong></span> <span class='ocrx_word' id='word_1_88' title='bbox 1730 789 1820 841; x_wconf 75' lang='lat' dir='ltr'><strong><em>romu</em></strong></span> 
     </span>
     <span class='ocr_line' id='line_1_8' title="bbox 27 871 1821 948; baseline -0.002 -18"><span class='ocrx_word' id='word_1_89' title='bbox 27 871 38 889; x_wconf 79' lang='lat'><em>⁰</em></span> <span class='ocrx_word' id='word_1_90' title='bbox 124 877 292 930; x_wconf 52' lang='lat' dir='ltr'><strong><em>detineam</em></strong></span> <span class='ocrx_word' id='word_1_91' title='bbox 314 877 429 948; x_wconf 88' lang='lat' dir='ltr'><strong><em>aliquid</em></strong></span> <span class='ocrx_word' id='word_1_92' title='bbox 452 880 488 932; x_wconf 91' lang='lat' dir='ltr'><strong><em>de</em></strong></span> <span class='ocrx_word' id='word_1_93' title='bbox 513 880 564 932; x_wconf 88' lang='lat' dir='ltr'><strong><em>boc</em></strong></span> <span class='ocrx_word' id='word_1_94' title='bbox 581 879 658 942; x_wconf 89' lang='lat' dir='ltr'><strong><em>laco,</em></strong></span> <span class='ocrx_word' id='word_1_95' title='bbox 684 887 839 948; x_wconf 86' lang='lat' dir='ltr'><strong><em>protenta</em></strong></span> <span class='ocrx_word' id='word_1_96' title='bbox 856 880 900 933; x_wconf 88' lang='lat' dir='ltr'><strong><em>rei</em></strong></span> <span class='ocrx_word' id='word_1_97' title='bbox 918 880 961 932; x_wconf 87' lang='lat' dir='ltr'><strong><em>di·</em></strong></span> <span class='ocrx_word' id='word_1_98' title='bbox 987 877 1192 931; x_wconf 83' lang='lat' dir='ltr'><strong><em>abeurditatem</em></strong></span> <span class='ocrx_word' id='word_1_99' title='bbox 1213 878 1355 932; x_wconf 87' lang='lat' dir='ltr'><strong><em>irritatum</em></strong></span> <span class='ocrx_word' id='word_1_100' title='bbox 1380 886 1408 932; x_wconf 90' lang='lat' dir='ltr'><strong><em>et</em></strong></span> <span class='ocrx_word' id='word_1_101' title='bbox 1426 878 1504 948; x_wconf 87' lang='lat' dir='ltr'><strong><em>quad</em></strong></span> <span class='ocrx_word' id='word_1_102' title='bbox 1521 876 1736 946; x_wconf 64' lang='lat' dir='ltr'><strong><em>temperantiam</em></strong></span> <span class='ocrx_word' id='word_1_103' title='bbox 1754 875 1821 942; x_wconf 80' lang='lat' dir='ltr'><strong><em>lepi-</em></strong></span> 
     </span>
     <span class='ocr_line' id='line_1_9' title="bbox 124 961 1821 1043; baseline -0.002 -26"><span class='ocrx_word' id='word_1_104' title='bbox 124 964 230 1032; x_wconf 78' lang='lat' dir='ltr'><strong><em>qnitate</em></strong></span> <span class='ocrx_word' id='word_1_105' title='bbox 254 969 306 1017; x_wconf 87' lang='lat' dir='ltr'><strong><em>etc.</em></strong></span> <span class='ocrx_word' id='word_1_106' title='bbox 341 961 466 1018; x_wconf 82' lang='lat' dir='ltr'><strong><em>Eceleeia</em></strong></span> <span class='ocrx_word' id='word_1_107' title='bbox 483 961 660 1034; x_wconf 83' lang='lat' dir='ltr'><strong><em>Smyrnaneie</em></strong></span> <span class='ocrx_word' id='word_1_108' title='bbox 683 964 712 1018; x_wconf 88' lang='lat' dir='ltr'><strong><em>in</em></strong></span> <span class='ocrx_word' id='word_1_109' title='bbox 736 965 816 1035; x_wconf 83' lang='lat' dir='ltr'><strong><em>epist.</em></strong></span> <span class='ocrx_word' id='word_1_110' title='bbox 836 964 871 1020; x_wconf 86' lang='lat' dir='ltr'><strong><em>de</em></strong></span> <span class='ocrx_word' id='word_1_111' title='bbox 890 981 961 1020; x_wconf 87' lang='lat' dir='ltr'><strong><em>mar·</em></strong></span> <span class='ocrx_word' id='word_1_112' title='bbox 987 963 1049 1017; x_wconf 85' lang='lat' dir='ltr'><strong><em>timi</em></strong></span> <span class='ocrx_word' id='word_1_113' title='bbox 1071 965 1199 1034; x_wconf 82' lang='lat' dir='ltr'><strong><em>eonjuqii</em></strong></span> <span class='ocrx_word' id='word_1_114' title='bbox 1221 966 1304 1019; x_wconf 88' lang='lat' dir='ltr'><strong><em>uniue</em></strong></span> <span class='ocrx_word' id='word_1_115' title='bbox 1327 966 1384 1019; x_wconf 87' lang='lat' dir='ltr'><strong><em>oiri</em></strong></span> <span class='ocrx_word' id='word_1_116' title='bbox 1400 966 1522 1020; x_wconf 74' lang='lat' dir='ltr'><strong><em>detrivit.</em></strong></span> <span class='ocrx_word' id='word_1_117' title='bbox 1565 965 1676 1018; x_wconf 81' lang='lat' dir='ltr'><strong><em>Revera</em></strong></span> <span class='ocrx_word' id='word_1_118' title='bbox 1693 968 1821 1043; x_wconf 78' lang='lat' dir='ltr'><strong><em>nanctum</em></strong></span> 
     </span>
     <span class='ocr_line' id='line_1_10' title="bbox 126 1048 1822 1121; baseline -0.001 -18"><span class='ocrx_word' id='word_1_119' title='bbox 126 1049 201 1120; x_wconf 49' lang='lat' dir='ltr'><strong><em>prio</em></strong></span> <span class='ocrx_word' id='word_1_120' title='bbox 223 1048 386 1119; x_wconf 75' lang='lat' dir='ltr'>polycarpi,</span> <span class='ocrx_word' id='word_1_121' title='bbox 413 1066 496 1120; x_wconf 88' lang='lat' dir='ltr'><strong><em>qnam</em></strong></span> <span class='ocrx_word' id='word_1_122' title='bbox 514 1049 614 1104; x_wconf 80' lang='lat' dir='ltr'><strong><em>recitat</em></strong></span> <span class='ocrx_word' id='word_1_123' title='bbox 630 1049 769 1105; x_wconf 71' lang='lat' dir='ltr'><strong><em>Eusebius</em></strong></span> <span class='ocrx_word' id='word_1_124' title='bbox 787 1050 835 1107; x_wconf 90' lang='lat' dir='ltr'><strong><em>lib.</em></strong></span> <span class='ocrx_word' id='word_1_125' title='bbox 854 1058 878 1108; x_wconf 83' lang='lat'><strong><em>4.</em></strong></span> <span class='ocrx_word' id='word_1_126' title='bbox 896 1051 960 1110; x_wconf 87' lang='lat' dir='ltr'><strong><em>hiet.</em></strong></span> <span class='ocrx_word' id='word_1_127' title='bbox 988 1059 1050 1104; x_wconf 86' lang='lat' dir='ltr'><strong><em>erat</em></strong></span> <span class='ocrx_word' id='word_1_128' title='bbox 1083 1069 1186 1121; x_wconf 80' lang='lat' dir='ltr'><strong><em>corpur</em></strong></span> <span class='ocrx_word' id='word_1_129' title='bbox 1213 1052 1345 1119; x_wconf 84' lang='lat' dir='ltr'><strong><em>Mariae,</em></strong></span> <span class='ocrx_word' id='word_1_130' title='bbox 1379 1069 1435 1106; x_wconf 90' lang='lat' dir='ltr'><strong><em>nan</em></strong></span> <span class='ocrx_word' id='word_1_131' title='bbox 1466 1058 1559 1104; x_wconf 86' lang='lat' dir='ltr'><strong><em>tumen</em></strong></span> <span class='ocrx_word' id='word_1_132' title='bbox 1585 1052 1683 1119; x_wconf 86' lang='lat' dir='ltr'><strong><em>Denr,·</em></strong></span> <span class='ocrx_word' id='word_1_133' title='bbox 1721 1065 1822 1102; x_wconf 84' lang='lat' dir='ltr'><strong><em>reuera</em></strong></span> 
     </span>
     <span class='ocr_line' id='line_1_11' title="bbox 126 1135 1821 1208; baseline -0.002 -17"><span class='ocrx_word' id='word_1_134' title='bbox 126 1135 224 1191; x_wconf 85' lang='lat' dir='ltr'><strong><em>eeclee.</em></strong></span> <span class='ocrx_word' id='word_1_135' title='bbox 243 1151 305 1205; x_wconf 84' lang='lat' dir='ltr'><strong><em>cap.</em></strong></span> <span class='ocrx_word' id='word_1_136' title='bbox 328 1141 371 1190; x_wconf 81' lang='lat'><strong><em>15:</em></strong></span> <span class='ocrx_word' id='word_1_137' title='bbox 391 1137 450 1189; x_wconf 84' lang='lat' dir='ltr'><strong><em>Sed</em></strong></span> <span class='ocrx_word' id='word_1_138' title='bbox 467 1135 518 1190; x_wconf 85' lang='lat' dir='ltr'><strong><em>ille</em></strong></span> <span class='ocrx_word' id='word_1_139' title='bbox 535 1136 662 1189; x_wconf 84' lang='lat' dir='ltr'><strong><em>aemulae</em></strong></span> <span class='ocrx_word' id='word_1_140' title='bbox 681 1136 768 1190; x_wconf 78' lang='lat' dir='ltr'><strong><em>totieee</em></strong></span> <span class='ocrx_word' id='word_1_141' title='bbox 787 1137 853 1191; x_wconf 88' lang='lat' dir='ltr'><strong><em>bani</em></strong></span> <span class='ocrx_word' id='word_1_142' title='bbox 868 1145 896 1191; x_wconf 89' lang='lat' dir='ltr'><strong><em>et</em></strong></span> <span class='ocrx_word' id='word_1_143' title='bbox 910 1140 961 1192; x_wconf 89' lang='lat' dir='ltr'><strong><em>ad·</em></strong></span> <span class='ocrx_word' id='word_1_144' title='bbox 988 1137 1068 1205; x_wconf 81' lang='lat' dir='ltr'><strong><em>uirqa</em></strong></span> <span class='ocrx_word' id='word_1_145' title='bbox 1096 1145 1159 1192; x_wconf 88' lang='lat' dir='ltr'><strong><em>erat</em></strong></span> <span class='ocrx_word' id='word_1_146' title='bbox 1185 1139 1250 1207; x_wconf 80' lang='lat' dir='ltr'><strong><em>epea</em></strong></span> <span class='ocrx_word' id='word_1_147' title='bbox 1279 1139 1360 1208; x_wconf 85' lang='lat' dir='ltr'><strong><em>uirqo</em></strong></span> <span class='ocrx_word' id='word_1_148' title='bbox 1387 1146 1415 1193; x_wconf 90' lang='lat' dir='ltr'><strong><em>et</em></strong></span> <span class='ocrx_word' id='word_1_149' title='bbox 1438 1138 1590 1204; x_wconf 80' lang='lat' dir='ltr'><strong><em>honorata,</em></strong></span> <span class='ocrx_word' id='word_1_150' title='bbox 1620 1137 1673 1190; x_wconf 84' lang='lat' dir='ltr'><strong><em>aed</em></strong></span> <span class='ocrx_word' id='word_1_151' title='bbox 1697 1153 1755 1188; x_wconf 94' lang='lat' dir='ltr'><strong><em>non</em></strong></span> <span class='ocrx_word' id='word_1_152' title='bbox 1781 1137 1821 1188; x_wconf 89' lang='lat' dir='ltr'><strong><em>ad</em></strong></span> 
     </span>
     <span class='ocr_line' id='line_1_12' title="bbox 124 1219 1821 1296; baseline -0.002 -20"><span class='ocrx_word' id='word_1_153' title='bbox 124 1222 269 1276; x_wconf 68' lang='lat' dir='ltr'><strong><em>weariue</em></strong></span> <span class='ocrx_word' id='word_1_154' title='bbox 288 1219 410 1274; x_wconf 83' lang='lat' dir='ltr'><strong><em>onmium</em></strong></span> <span class='ocrx_word' id='word_1_155' title='bbox 422 1221 579 1290; x_wconf 75' lang='lat' dir='ltr'><strong><em>justorum,</em></strong></span> <span class='ocrx_word' id='word_1_156' title='bbox 602 1230 756 1291; x_wconf 73' lang='lat' dir='ltr'><strong><em>postquam</em></strong></span> <span class='ocrx_word' id='word_1_157' title='bbox 775 1223 858 1287; x_wconf 82' lang='lat' dir='ltr'><strong><em>uidit,</em></strong></span> <span class='ocrx_word' id='word_1_158' title='bbox 886 1226 963 1293; x_wconf 89' lang='lat' dir='ltr'><strong><em>quad</em></strong></span> <span class='ocrx_word' id='word_1_159' title='bbox 989 1225 1186 1278; x_wconf 88' lang='lat' dir='ltr'><strong><em>adorationem</em></strong></span> <span class='ocrx_word' id='word_1_160' title='bbox 1203 1224 1283 1278; x_wconf 74' lang='lat' dir='ltr'><strong><em>notu</em></strong></span> <span class='ocrx_word' id='word_1_161' title='bbox 1307 1227 1387 1293; x_wconf 89' lang='lat' dir='ltr'><strong><em>data,</em></strong></span> <span class='ocrx_word' id='word_1_162' title='bbox 1413 1223 1463 1279; x_wconf 82' lang='grc' dir='ltr'><strong><em>οὐκ</em></strong></span> <span class='ocrx_word' id='word_1_163' title='bbox 1486 1228 1525 1283; x_wconf 78' lang='lat' dir='ltr'><strong><em>ele</em></strong></span> <span class='ocrx_word' id='word_1_164' title='bbox 1547 1219 1736 1296; x_wconf 77' lang='grc' dir='ltr'><strong><em>προσκύνησιν</em></strong></span> <span class='ocrx_word' id='word_1_165' title='bbox 1752 1219 1821 1295; x_wconf 81' lang='grc' dir='ltr'><em>ἡμῖν</em></span> 
     </span>
     <span class='ocr_line' id='line_1_13' title="bbox 125 1308 1823 1381; baseline -0.001 -18"><span class='ocrx_word' id='word_1_166' title='bbox 125 1316 152 1363; x_wconf 84' lang='lat' dir='ltr'><strong><em>et</em></strong></span> <span class='ocrx_word' id='word_1_167' title='bbox 172 1326 228 1380; x_wconf 88' lang='lat' dir='ltr'><strong><em>pro</em></strong></span> <span class='ocrx_word' id='word_1_168' title='bbox 252 1308 385 1376; x_wconf 75' lang='lat' dir='ltr'><strong><em>martyrii</em></strong></span> <span class='ocrx_word' id='word_1_169' title='bbox 404 1308 500 1375; x_wconf 84' lang='lat' dir='ltr'><strong><em>qloria</em></strong></span> <span class='ocrx_word' id='word_1_170' title='bbox 520 1315 547 1362; x_wconf 89' lang='lat' dir='ltr'><strong><em>et</em></strong></span> <span class='ocrx_word' id='word_1_171' title='bbox 559 1325 617 1377; x_wconf 89' lang='lat' dir='ltr'><strong><em>pro</em></strong></span> <span class='ocrx_word' id='word_1_172' title='bbox 633 1309 708 1364; x_wconf 86' lang='lat' dir='ltr'><strong><em>vitae</em></strong></span> <span class='ocrx_word' id='word_1_173' title='bbox 727 1309 856 1380; x_wconf 82' lang='lat' dir='ltr'><strong><em>eqreqiae</em></strong></span> <span class='ocrx_word' id='word_1_174' title='bbox 876 1310 962 1364; x_wconf 81' lang='lat' dir='ltr'><strong><em>uirtu-</em></strong></span> <span class='ocrx_word' id='word_1_175' title='bbox 989 1311 1114 1375; x_wconf 68' lang='lat' dir='ltr'><strong><em>dotatae,</em></strong></span> <span class='ocrx_word' id='word_1_176' title='bbox 1133 1312 1186 1364; x_wconf 83' lang='lat' dir='ltr'><strong><em>red</em></strong></span> <span class='ocrx_word' id='word_1_177' title='bbox 1201 1311 1267 1380; x_wconf 82' lang='lat' dir='ltr'><strong><em>ipra</em></strong></span> <span class='ocrx_word' id='word_1_178' title='bbox 1286 1312 1414 1365; x_wconf 89' lang='lat' dir='ltr'><strong><em>adorane</em></strong></span> <span class='ocrx_word' id='word_1_179' title='bbox 1429 1328 1499 1372; x_wconf 80' lang='lat' dir='ltr'><strong><em>eum,</em></strong></span> <span class='ocrx_word' id='word_1_180' title='bbox 1518 1311 1568 1380; x_wconf 84' lang='lat' dir='ltr'><strong><em>qui</em></strong></span> <span class='ocrx_word' id='word_1_181' title='bbox 1586 1327 1619 1363; x_wconf 82' lang='lat' dir='ltr'><strong><em>cu</em></strong></span> <span class='ocrx_word' id='word_1_182' title='bbox 1638 1310 1712 1381; x_wconf 81' lang='lat' dir='ltr'><strong><em>ipra,</em></strong></span> <span class='ocrx_word' id='word_1_183' title='bbox 1737 1324 1823 1361; x_wconf 89' lang='lat' dir='ltr'><strong><em>carne</em></strong></span> 
     </span>
     <span class='ocr_line' id='line_1_14' title="bbox 125 1393 1820 1466; baseline -0.002 -17"><span class='ocrx_word' id='word_1_184' title='bbox 125 1396 200 1449; x_wconf 83' lang='lat' dir='ltr'><strong><em>tibur</em></strong></span> <span class='ocrx_word' id='word_1_185' title='bbox 217 1393 401 1465; x_wconf 81' lang='lat' dir='ltr'><strong><em>(Polycarpue</em></strong></span> <span class='ocrx_word' id='word_1_186' title='bbox 414 1397 529 1464; x_wconf 77' lang='lat' dir='ltr'><strong><em>martyr)</em></strong></span> <span class='ocrx_word' id='word_1_187' title='bbox 546 1403 697 1450; x_wconf 82' lang='lat' dir='ltr'><strong><em>coronatae</em></strong></span> <span class='ocrx_word' id='word_1_188' title='bbox 717 1404 757 1450; x_wconf 82' lang='lat' dir='ltr'><strong><em>eet</em></strong></span> <span class='ocrx_word' id='word_1_189' title='bbox 775 1404 802 1450; x_wconf 92' lang='lat' dir='ltr'><strong><em>et</em></strong></span> <span class='ocrx_word' id='word_1_190' title='bbox 815 1414 870 1466; x_wconf 88' lang='lat' dir='ltr'><strong><em>per</em></strong></span> <span class='ocrx_word' id='word_1_191' title='bbox 888 1415 962 1450; x_wconf 91' lang='lat' dir='ltr'><strong><em>mar·</em></strong></span> <span class='ocrx_word' id='word_1_192' title='bbox 988 1397 1099 1464; x_wconf 74' lang='lat' dir='ltr'><strong><em>qenitm</em></strong></span> <span class='ocrx_word' id='word_1_193' title='bbox 1119 1405 1177 1465; x_wconf 85' lang='lat' dir='ltr'><strong><em>eet,</em></strong></span> <span class='ocrx_word' id='word_1_194' title='bbox 1208 1399 1244 1451; x_wconf 88' lang='lat' dir='ltr'><strong><em>de</em></strong></span> <span class='ocrx_word' id='word_1_195' title='bbox 1268 1397 1354 1451; x_wconf 86' lang='lat' dir='ltr'><strong><em>caelia</em></strong></span> <span class='ocrx_word' id='word_1_196' title='bbox 1371 1414 1437 1452; x_wconf 89' lang='lat' dir='ltr'><strong><em>uera</em></strong></span> <span class='ocrx_word' id='word_1_197' title='bbox 1456 1414 1490 1451; x_wconf 81' lang='lat' dir='ltr'><strong><em>ea</em></strong></span> <span class='ocrx_word' id='word_1_198' title='bbox 1508 1396 1608 1461; x_wconf 71' lang='lat' dir='ltr'><strong><em>finitur</em></strong></span> <span class='ocrx_word' id='word_1_199' title='bbox 1623 1394 1754 1466; x_wconf 77' lang='lat' dir='ltr'><strong><em>paternii</em></strong></span> <span class='ocrx_word' id='word_1_200' title='bbox 1774 1411 1820 1446; x_wconf 89' lang='lat' dir='ltr'><strong><em>ac-</em></strong></span> 
     </span>
     <span class='ocr_line' id='line_1_15' title="bbox 129 1481 1822 1553; baseline -0.002 -17"><span class='ocrx_word' id='word_1_201' title='bbox 129 1489 183 1536; x_wconf 88' lang='lat' dir='ltr'><strong><em>tem</em></strong></span> <span class='ocrx_word' id='word_1_202' title='bbox 208 1481 341 1551; x_wconf 84' lang='lat' dir='ltr'><strong><em>praemia</em></strong></span> <span class='ocrx_word' id='word_1_203' title='bbox 368 1481 592 1540; x_wconf 63' lang='lat' dir='ltr'><strong><em>mortalitatis</em></strong></span> <span class='ocrx_word' id='word_1_204' title='bbox 617 1483 764 1552; x_wconf 83' lang='lat' dir='ltr'><strong><em>indeptae,</em></strong></span> <span class='ocrx_word' id='word_1_205' title='bbox 791 1484 862 1537; x_wconf 74' lang='lat' dir='ltr'><strong><em>rara</em></strong></span> <span class='ocrx_word' id='word_1_206' title='bbox 879 1500 963 1552; x_wconf 87' lang='lat' dir='ltr'><strong><em>aqere</em></strong></span> <span class='ocrx_word' id='word_1_207' title='bbox 990 1482 1079 1538; x_wconf 82' lang='lat' dir='ltr'><strong><em>ceeeit.</em></strong></span> <span class='ocrx_word' id='word_1_208' title='bbox 1118 1484 1157 1536; x_wconf 83' lang='lat' dir='ltr'><strong><em>Et</em></strong></span> <span class='ocrx_word' id='word_1_209' title='bbox 1171 1492 1327 1553; x_wconf 88' lang='lat' dir='ltr'><strong><em>propterea</em></strong></span> <span class='ocrx_word' id='word_1_210' title='bbox 1346 1483 1521 1552; x_wconf 86' lang='lat' dir='ltr'><strong><em>eoanqelium</em></strong></span> <span class='ocrx_word' id='word_1_211' title='bbox 1543 1481 1631 1535; x_wconf 88' lang='lat' dir='ltr'><strong><em>munit</em></strong></span> <span class='ocrx_word' id='word_1_212' title='bbox 1649 1498 1700 1535; x_wconf 88' lang='lat' dir='ltr'><strong><em>noe</em></strong></span> <span class='ocrx_word' id='word_1_213' title='bbox 1718 1481 1822 1547; x_wconf 87' lang='lat' dir='ltr'><strong><em>dicene,</em></strong></span> 
     </span>
     <span class='ocr_line' id='line_1_16' title="bbox 129 1566 1825 1640; baseline -0.002 -18"><span class='ocrx_word' id='word_1_214' title='bbox 129 1568 230 1636; x_wconf 88' lang='lat' dir='ltr'><strong><em>eoepit,</em></strong></span> <span class='ocrx_word' id='word_1_215' title='bbox 252 1575 281 1621; x_wconf 89' lang='lat' dir='ltr'><strong><em>ut</em></strong></span> <span class='ocrx_word' id='word_1_216' title='bbox 302 1567 442 1636; x_wconf 70' lang='lat' dir='ltr'><strong><em>reliquias</em></strong></span> <span class='ocrx_word' id='word_1_217' title='bbox 458 1568 521 1636; x_wconf 87' lang='lat' dir='ltr'><strong><em>ejue</em></strong></span> <span class='ocrx_word' id='word_1_218' title='bbox 539 1570 581 1622; x_wconf 89' lang='lat' dir='ltr'><strong><em>ad</em></strong></span> <span class='ocrx_word' id='word_1_219' title='bbox 596 1568 771 1640; x_wconf 74' lang='lat' dir='ltr'><strong><em>aepuburam</em></strong></span> <span class='ocrx_word' id='word_1_220' title='bbox 788 1570 894 1624; x_wconf 87' lang='lat' dir='ltr'><strong><em>noetrie</em></strong></span> <span class='ocrx_word' id='word_1_221' title='bbox 914 1572 962 1624; x_wconf 86' lang='lat' dir='ltr'><strong><em>de·</em></strong></span> <span class='ocrx_word' id='word_1_222' title='bbox 990 1570 1067 1637; x_wconf 88' lang='lat' dir='ltr'><strong><em>quad</em></strong></span> <span class='ocrx_word' id='word_1_223' title='bbox 1096 1569 1157 1638; x_wconf 77' lang='lat' dir='ltr'><strong><em>ipm</em></strong></span> <span class='ocrx_word' id='word_1_224' title='bbox 1187 1569 1327 1624; x_wconf 83' lang='lat' dir='ltr'><strong><em>Dominae</em></strong></span> <span class='ocrx_word' id='word_1_225' title='bbox 1361 1569 1481 1622; x_wconf 51' lang='lat' dir='ltr'><strong><em>dinem</em></strong></span> <span class='ocrx_word' id='word_1_226' title='bbox 1518 1568 1596 1630; x_wconf 82' lang='lat' dir='ltr'><strong><em>Quid</em></strong></span> <span class='ocrx_word' id='word_1_227' title='bbox 1624 1567 1693 1621; x_wconf 87' lang='lat' dir='ltr'><strong><em>mibi</em></strong></span> <span class='ocrx_word' id='word_1_228' title='bbox 1721 1576 1747 1620; x_wconf 92' lang='lat' dir='ltr'><strong><em>et</em></strong></span> <span class='ocrx_word' id='word_1_229' title='bbox 1773 1566 1825 1620; x_wconf 88' lang='lat' dir='ltr'><strong><em>tibi</em></strong></span> 
     </span>
     <span class='ocr_line' id='line_1_17' title="bbox 128 1651 1822 1724; baseline 0.001 -18"><span class='ocrx_word' id='word_1_230' title='bbox 128 1653 320 1707; x_wconf 62' lang='lat' dir='ltr'><strong><em>Menneu</em></strong></span> <span class='ocrx_word' id='word_1_231' title='bbox 346 1669 425 1707; x_wconf 91' lang='lat' dir='ltr'><strong><em>nemo</em></strong></span> <span class='ocrx_word' id='word_1_232' title='bbox 453 1655 622 1707; x_wconf 76' lang='lat' dir='ltr'><strong><em>concederet.</em></strong></span> <span class='ocrx_word' id='word_1_233' title='bbox 671 1655 867 1724; x_wconf 83' lang='lat' dir='ltr'><strong><em>Inetiqabatur</em></strong></span> <span class='ocrx_word' id='word_1_234' title='bbox 895 1672 963 1724; x_wconf 84' lang='lat' dir='ltr'><strong><em>erqo</em></strong></span> <span class='ocrx_word' id='word_1_235' title='bbox 990 1671 1075 1708; x_wconf 85' lang='lat' dir='ltr'><strong><em>curae</em></strong></span> <span class='ocrx_word' id='word_1_236' title='bbox 1098 1662 1138 1708; x_wconf 85' lang='lat' dir='ltr'><strong><em>cet</em></strong></span> <span class='ocrx_word' id='word_1_237' title='bbox 1166 1656 1289 1709; x_wconf 69' lang='lat' dir='ltr'><strong><em>mulia!</em></strong></span> <span class='ocrx_word' id='word_1_238' title='bbox 1318 1656 1442 1709; x_wconf 91' lang='lat' dir='ltr'><strong><em>nandum</em></strong></span> <span class='ocrx_word' id='word_1_239' title='bbox 1466 1655 1541 1708; x_wconf 84' lang='lat' dir='ltr'><strong><em>uenit</em></strong></span> <span class='ocrx_word' id='word_1_240' title='bbox 1564 1655 1636 1708; x_wconf 85' lang='lat' dir='ltr'><strong><em>bara</em></strong></span> <span class='ocrx_word' id='word_1_241' title='bbox 1653 1670 1724 1707; x_wconf 91' lang='lat' dir='ltr'><strong><em>mea.</em></strong></span> <span class='ocrx_word' id='word_1_242' title='bbox 1763 1651 1822 1713; x_wconf 76' lang='lat' dir='ltr'><strong><em>Quo</em></strong></span> 
     </span>
     <span class='ocr_line' id='line_1_18' title="bbox 129 1738 1823 1810; baseline -0.002 -16"><span class='ocrx_word' id='word_1_243' title='bbox 129 1739 245 1794; x_wconf 85' lang='lat' dir='ltr'><strong><em>Nicetaa</em></strong></span> <span class='ocrx_word' id='word_1_244' title='bbox 265 1738 391 1793; x_wconf 84' lang='lat' dir='ltr'><strong><em>Herodia</em></strong></span> <span class='ocrx_word' id='word_1_245' title='bbox 401 1745 492 1807; x_wconf 89' lang='lat' dir='ltr'><strong><em>pater,</em></strong></span> <span class='ocrx_word' id='word_1_246' title='bbox 508 1739 609 1806; x_wconf 85' lang='lat' dir='ltr'><strong><em>frater</em></strong></span> <span class='ocrx_word' id='word_1_247' title='bbox 627 1747 720 1792; x_wconf 90' lang='lat' dir='ltr'><strong><em>autem</em></strong></span> <span class='ocrx_word' id='word_1_248' title='bbox 737 1741 859 1804; x_wconf 88' lang='lat' dir='ltr'><strong><em>Dalcae,</em></strong></span> <span class='ocrx_word' id='word_1_249' title='bbox 880 1744 964 1796; x_wconf 83' lang='lat' dir='ltr'><strong><em>adire</em></strong></span> <span class='ocrx_word' id='word_1_250' title='bbox 989 1758 1044 1794; x_wconf 90' lang='lat' dir='ltr'><strong><em>nan</em></strong></span> <span class='ocrx_word' id='word_1_251' title='bbox 1066 1749 1201 1810; x_wconf 89' lang='lat' dir='ltr'><strong><em>putarent</em></strong></span> <span class='ocrx_word' id='word_1_252' title='bbox 1224 1741 1329 1810; x_wconf 88' lang='lat' dir='ltr'><strong><em>aliqui,</em></strong></span> <span class='ocrx_word' id='word_1_253' title='bbox 1361 1743 1451 1808; x_wconf 86' lang='lat' dir='ltr'><strong><em>maqie</em></strong></span> <span class='ocrx_word' id='word_1_254' title='bbox 1472 1741 1603 1795; x_wconf 73' lang='lat' dir='ltr'><strong><em>animiam</em></strong></span> <span class='ocrx_word' id='word_1_255' title='bbox 1620 1757 1676 1794; x_wconf 79' lang='lat' dir='ltr'><strong><em>crae</em></strong></span> <span class='ocrx_word' id='word_1_256' title='bbox 1696 1747 1823 1793; x_wconf 83' lang='lat' dir='ltr'><strong><em>ranetam</em></strong></span> 
     </span>
     <span class='ocr_line' id='line_1_19' title="bbox 122 1824 1822 1899; baseline 0.001 -21"><span class='ocrx_word' id='word_1_257' title='bbox 122 1826 252 1895; x_wconf 84' lang='lat' dir='ltr'><strong><em>jndicem</em></strong></span> <span class='ocrx_word' id='word_1_258' title='bbox 275 1832 302 1878; x_wconf 85' lang='lat' dir='ltr'><strong><em>et</em></strong></span> <span class='ocrx_word' id='word_1_259' title='bbox 316 1832 415 1894; x_wconf 89' lang='lat' dir='ltr'><strong><em>petere</em></strong></span> <span class='ocrx_word' id='word_1_260' title='bbox 434 1824 470 1877; x_wconf 89' lang='lat' dir='ltr'><strong><em>ab</em></strong></span> <span class='ocrx_word' id='word_1_261' title='bbox 489 1841 537 1889; x_wconf 92' lang='lat' dir='ltr'><strong><em>eo,</em></strong></span> <span class='ocrx_word' id='word_1_262' title='bbox 562 1842 598 1879; x_wconf 88' lang='lat' dir='ltr'><strong><em>ne</em></strong></span> <span class='ocrx_word' id='word_1_263' title='bbox 614 1826 784 1880; x_wconf 80' lang='lat' dir='ltr'><strong><em>humandum</em></strong></span> <span class='ocrx_word' id='word_1_264' title='bbox 802 1831 964 1884; x_wconf 87' lang='lat' dir='ltr'><strong><em>concederet</em></strong></span> <span class='ocrx_word' id='word_1_265' title='bbox 989 1827 1135 1897; x_wconf 84' lang='lat' dir='ltr'><strong><em>eirqinem,</em></strong></span> <span class='ocrx_word' id='word_1_266' title='bbox 1146 1828 1290 1882; x_wconf 87' lang='lat' dir='ltr'><strong><em>mulierem</em></strong></span> <span class='ocrx_word' id='word_1_267' title='bbox 1302 1844 1364 1881; x_wconf 88' lang='lat' dir='ltr'><strong><em>eam</em></strong></span> <span class='ocrx_word' id='word_1_268' title='bbox 1377 1827 1541 1899; x_wconf 85' lang='lat' dir='ltr'><strong><em>appellarit,</em></strong></span> <span class='ocrx_word' id='word_1_269' title='bbox 1555 1827 1822 1897; x_wconf 87' lang='lat' dir='ltr'><strong><em>uelutpropbetane,</em></strong></span> 
     </span>
     <span class='ocr_line' id='line_1_20' title="bbox 129 1911 1823 1986; baseline -0.002 -20"><span class='ocrx_word' id='word_1_270' title='bbox 129 1929 246 1982; x_wconf 79' lang='lat' dir='ltr'><strong><em>empne,</em></strong></span> <span class='ocrx_word' id='word_1_271' title='bbox 277 1928 312 1965; x_wconf 91' lang='lat' dir='ltr'><strong><em>ne</em></strong></span> <span class='ocrx_word' id='word_1_272' title='bbox 335 1912 427 1979; x_wconf 77' lang='lat' dir='ltr'><strong><em>forte,</em></strong></span> <span class='ocrx_word' id='word_1_273' title='bbox 453 1911 557 1980; x_wconf 87' lang='lat' dir='ltr'><strong><em>inquit,</em></strong></span> <span class='ocrx_word' id='word_1_274' title='bbox 581 1912 768 1981; x_wconf 70' lang='lat' dir='ltr'><strong><em>relinquentes</em></strong></span> <span class='ocrx_word' id='word_1_275' title='bbox 794 1915 891 1984; x_wconf 82' lang='lat' dir='ltr'><strong><em>ellum,</em></strong></span> <span class='ocrx_word' id='word_1_276' title='bbox 915 1918 966 1986; x_wconf 88' lang='lat' dir='ltr'><strong><em>qui</em></strong></span> <span class='ocrx_word' id='word_1_277' title='bbox 991 1931 1063 1982; x_wconf 79' lang='lat' dir='ltr'><strong><em>qetae</em></strong></span> <span class='ocrx_word' id='word_1_278' title='bbox 1086 1915 1186 1975; x_wconf 72' lang='lat' dir='ltr'><strong><em>fictura</em></strong></span> <span class='ocrx_word' id='word_1_279' title='bbox 1205 1921 1295 1967; x_wconf 88' lang='lat' dir='ltr'><strong><em>eeeent</em></strong></span> <span class='ocrx_word' id='word_1_280' title='bbox 1314 1914 1344 1966; x_wconf 91' lang='lat' dir='ltr'><strong><em>in</em></strong></span> <span class='ocrx_word' id='word_1_281' title='bbox 1363 1921 1442 1967; x_wconf 88' lang='lat' dir='ltr'><strong><em>terra</em></strong></span> <span class='ocrx_word' id='word_1_282' title='bbox 1457 1922 1596 1968; x_wconf 82' lang='lat' dir='ltr'><strong><em>rectarum</em></strong></span> <span class='ocrx_word' id='word_1_283' title='bbox 1612 1931 1647 1968; x_wconf 89' lang='lat' dir='ltr'><strong><em>ac</em></strong></span> <span class='ocrx_word' id='word_1_284' title='bbox 1665 1913 1823 1966; x_wconf 82' lang='lat' dir='ltr'><strong><em>baereeium</em></strong></span> 
     </span>
     <span class='ocr_line' id='line_1_21' title="bbox 127 1998 1821 2070; baseline -0.001 -16"><span class='ocrx_word' id='word_1_285' title='bbox 127 1999 278 2062; x_wconf 68' lang='lat' dir='ltr'><strong><em>meritura</em></strong></span> <span class='ocrx_word' id='word_1_286' title='bbox 296 2004 345 2065; x_wconf 85' lang='lat' dir='ltr'><strong><em>ert,</em></strong></span> <span class='ocrx_word' id='word_1_287' title='bbox 366 1999 523 2054; x_wconf 82' lang='lat' dir='ltr'><strong><em>Obrietiani</em></strong></span> <span class='ocrx_word' id='word_1_288' title='bbox 538 1998 611 2052; x_wconf 84' lang='lat' dir='ltr'><strong><em>bunc</em></strong></span> <span class='ocrx_word' id='word_1_289' title='bbox 626 1999 718 2054; x_wconf 87' lang='lat' dir='ltr'><strong><em>colere</em></strong></span> <span class='ocrx_word' id='word_1_290' title='bbox 738 2001 886 2070; x_wconf 77' lang='lat' dir='ltr'><strong><em>incipiant,</em></strong></span> <span class='ocrx_word' id='word_1_291' title='bbox 906 2004 960 2056; x_wconf 86' lang='lat' dir='ltr'><strong><em>Ju·</em></strong></span> <span class='ocrx_word' id='word_1_292' title='bbox 992 2000 1102 2068; x_wconf 82' lang='lat' dir='ltr'><strong><em>qratia,</em></strong></span> <span class='ocrx_word' id='word_1_293' title='bbox 1122 2008 1154 2053; x_wconf 86' lang='lat' dir='ltr'><strong><em>nt</em></strong></span> <span class='ocrx_word' id='word_1_294' title='bbox 1172 2017 1206 2053; x_wconf 89' lang='lat' dir='ltr'><strong><em>ne</em></strong></span> <span class='ocrx_word' id='word_1_295' title='bbox 1225 1998 1319 2069; x_wconf 85' lang='lat' dir='ltr'><strong><em>aliqui</em></strong></span> <span class='ocrx_word' id='word_1_296' title='bbox 1334 2001 1450 2053; x_wconf 90' lang='lat' dir='ltr'><strong><em>nimium</em></strong></span> <span class='ocrx_word' id='word_1_297' title='bbox 1468 2001 1606 2054; x_wconf 88' lang='lat' dir='ltr'><strong><em>admirati</em></strong></span> <span class='ocrx_word' id='word_1_298' title='bbox 1622 2007 1764 2068; x_wconf 82' lang='lat' dir='ltr'><strong><em>ranetam,</em></strong></span> <span class='ocrx_word' id='word_1_299' title='bbox 1791 2001 1821 2053; x_wconf 88' lang='lat' dir='ltr'><strong><em>in</em></strong></span> 
     </span>
     <span class='ocr_line' id='line_1_22' title="bbox 129 2084 1825 2156; baseline -0.001 -16"><span class='ocrx_word' id='word_1_300' title='bbox 129 2085 212 2140; x_wconf 81' lang='lat' dir='ltr'><strong><em>darie</em></strong></span> <span class='ocrx_word' id='word_1_301' title='bbox 239 2084 358 2139; x_wconf 66' lang='lat' dir='ltr'><strong><em>mamma</em></strong></span> <span class='ocrx_word' id='word_1_302' title='bbox 385 2085 441 2138; x_wconf 88' lang='lat' dir='ltr'><strong><em>iata</em></strong></span> <span class='ocrx_word' id='word_1_303' title='bbox 464 2084 702 2150; x_wconf 83' lang='lat' dir='ltr'><strong><em>maebinantibur,</em></strong></span> <span class='ocrx_word' id='word_1_304' title='bbox 732 2088 782 2156; x_wconf 88' lang='lat' dir='ltr'><strong><em>qui</em></strong></span> <span class='ocrx_word' id='word_1_305' title='bbox 806 2093 833 2142; x_wconf 89' lang='lat' dir='ltr'><strong><em>e&#39;t</em></strong></span> <span class='ocrx_word' id='word_1_306' title='bbox 855 2097 965 2144; x_wconf 88' lang='lat' dir='ltr'><strong><em>naetroe</em></strong></span> <span class='ocrx_word' id='word_1_307' title='bbox 991 2088 1063 2140; x_wconf 85' lang='lat' dir='ltr'><strong><em>bane</em></strong></span> <span class='ocrx_word' id='word_1_308' title='bbox 1080 2088 1209 2140; x_wconf 82' lang='lat' dir='ltr'><strong><em>baererin</em></strong></span> <span class='ocrx_word' id='word_1_309' title='bbox 1229 2088 1342 2156; x_wconf 73' lang='lat' dir='ltr'><strong><em>eiusque</em></strong></span> <span class='ocrx_word' id='word_1_310' title='bbox 1359 2087 1547 2141; x_wconf 71' lang='lat' dir='ltr'><strong><em>deliramenta</em></strong></span> <span class='ocrx_word' id='word_1_311' title='bbox 1564 2087 1738 2140; x_wconf 90' lang='lat' dir='ltr'><strong><em>dilabantur.</em></strong></span> <span class='ocrx_word' id='word_1_312' title='bbox 1770 2087 1825 2139; x_wconf 83' lang='lat' dir='ltr'><strong><em>Eat</em></strong></span> 
     </span>
     <span class='ocr_line' id='line_1_23' title="bbox 128 2172 1825 2246; baseline 0 -20"><span class='ocrx_word' id='word_1_313' title='bbox 128 2172 242 2227; x_wconf 84' lang='lat' dir='ltr'><strong><em>intentie</em></strong></span> <span class='ocrx_word' id='word_1_314' title='bbox 259 2172 349 2226; x_wconf 72' lang='lat' dir='ltr'><strong><em>actalia</em></strong></span> <span class='ocrx_word' id='word_1_315' title='bbox 366 2173 557 2236; x_wconf 70' lang='lat' dir='ltr'><strong><em>alternarent,</em></strong></span> <span class='ocrx_word' id='word_1_316' title='bbox 574 2189 609 2226; x_wconf 87' lang='lat' dir='ltr'><strong><em>ne</em></strong></span> <span class='ocrx_word' id='word_1_317' title='bbox 628 2185 690 2226; x_wconf 90' lang='lat' dir='ltr'><strong><em>eum</em></strong></span> <span class='ocrx_word' id='word_1_318' title='bbox 703 2191 718 2228; x_wconf 88' lang='lat' dir='ltr'><strong><em>e</em></strong></span> <span class='ocrx_word' id='word_1_319' title='bbox 730 2175 855 2244; x_wconf 81' lang='lat' dir='ltr'><strong><em>flammie</em></strong></span> <span class='ocrx_word' id='word_1_320' title='bbox 870 2177 964 2230; x_wconf 84' lang='lat' dir='ltr'><strong><em>adbuc</em></strong></span> <span class='ocrx_word' id='word_1_321' title='bbox 991 2173 1064 2227; x_wconf 91' lang='lat' dir='ltr'><strong><em>enim</em></strong></span> <span class='ocrx_word' id='word_1_322' title='bbox 1086 2174 1240 2228; x_wconf 77' lang='lat' dir='ltr'><strong><em>ludibrium</em></strong></span> <span class='ocrx_word' id='word_1_323' title='bbox 1264 2181 1325 2228; x_wconf 92' lang='lat' dir='ltr'><strong><em>tota</em></strong></span> <span class='ocrx_word' id='word_1_324' title='bbox 1346 2191 1393 2228; x_wconf 90' lang='lat' dir='ltr'><strong><em>ree</em></strong></span> <span class='ocrx_word' id='word_1_325' title='bbox 1409 2183 1436 2228; x_wconf 91' lang='lat' dir='ltr'><strong><em>et</em></strong></span> <span class='ocrx_word' id='word_1_326' title='bbox 1453 2175 1632 2246; x_wconf 73' lang='lat' dir='ltr'><strong><em>anicitiamem</em></strong></span> <span class='ocrx_word' id='word_1_327' title='bbox 1649 2173 1768 2239; x_wconf 68' lang='lat' dir='ltr'><strong><em>famula,</em></strong></span> <span class='ocrx_word' id='word_1_328' title='bbox 1793 2179 1825 2226; x_wconf 90' lang='lat' dir='ltr'><strong><em>ut</em></strong></span> 
     </span>
     <span class='ocr_line' id='line_1_24' title="bbox 129 2256 1823 2333; baseline -0.001 -20"><span class='ocrx_word' id='word_1_329' title='bbox 129 2258 292 2313; x_wconf 70' lang='lat' dir='ltr'><strong><em>ardentibus</em></strong></span> <span class='ocrx_word' id='word_1_330' title='bbox 326 2265 475 2327; x_wconf 87' lang='lat' dir='ltr'><strong><em>raperent,</em></strong></span> <span class='ocrx_word' id='word_1_331' title='bbox 504 2259 668 2328; x_wconf 86' lang='lat' dir='ltr'><strong><em>iqnorantee</em></strong></span> <span class='ocrx_word' id='word_1_332' title='bbox 697 2261 866 2330; x_wconf 69' lang='lat' dir='ltr'><strong><em>mirarimi,</em></strong></span> <span class='ocrx_word' id='word_1_333' title='bbox 887 2256 965 2333; x_wconf 76' lang='lat' dir='ltr'><strong><em>¹quia</em></strong></span> <span class='ocrx_word' id='word_1_334' title='bbox 991 2261 1033 2314; x_wconf 88' lang='lat' dir='ltr'><strong><em>ita</em></strong></span> <span class='ocrx_word' id='word_1_335' title='bbox 1063 2261 1171 2327; x_wconf 83' lang='lat' dir='ltr'><strong><em>dicam,</em></strong></span> <span class='ocrx_word' id='word_1_336' title='bbox 1211 2267 1271 2314; x_wconf 90' lang='lat' dir='ltr'><strong><em>tata</em></strong></span> <span class='ocrx_word' id='word_1_337' title='bbox 1301 2261 1425 2315; x_wconf 62' lang='lat' dir='ltr'><strong><em>lucrm</em></strong></span> <span class='ocrx_word' id='word_1_338' title='bbox 1457 2260 1597 2314; x_wconf 86' lang='lat' dir='ltr'><strong><em>tractatio.</em></strong></span> <span class='ocrx_word' id='word_1_339' title='bbox 1648 2258 1727 2321; x_wconf 77' lang='lat' dir='ltr'><strong><em>Quae</em></strong></span> <span class='ocrx_word' id='word_1_340' title='bbox 1757 2274 1823 2312; x_wconf 87' lang='lat' dir='ltr'><strong><em>uero</em></strong></span> 
     </span>
     <span class='ocr_line' id='line_1_25' title="bbox 128 2344 1824 2419; baseline 0.001 -20"><span class='ocrx_word' id='word_1_341' title='bbox 128 2361 218 2415; x_wconf 86' lang='lat' dir='ltr'><strong><em>neque</em></strong></span> <span class='ocrx_word' id='word_1_342' title='bbox 240 2344 381 2399; x_wconf 82' lang='lat' dir='ltr'><strong><em>Obrietum</em></strong></span> <span class='ocrx_word' id='word_1_343' title='bbox 406 2344 562 2413; x_wconf 87' lang='lat' dir='ltr'><strong><em>aliquando</em></strong></span> <span class='ocrx_word' id='word_1_344' title='bbox 582 2360 734 2414; x_wconf 84' lang='lat' dir='ltr'><strong><em>poeeumue</em></strong></span> <span class='ocrx_word' id='word_1_345' title='bbox 760 2349 963 2419; x_wconf 81' lang='lat' dir='ltr'><strong><em>derelinquere,</em></strong></span> <span class='ocrx_word' id='word_1_346' title='bbox 993 2347 1145 2416; x_wconf 80' lang='lat' dir='ltr'><strong><em>Scriptura</em></strong></span> <span class='ocrx_word' id='word_1_347' title='bbox 1165 2348 1201 2400; x_wconf 88' lang='lat' dir='ltr'><strong><em>de</em></strong></span> <span class='ocrx_word' id='word_1_348' title='bbox 1216 2347 1269 2401; x_wconf 84' lang='lat' dir='ltr'><strong><em>bac</em></strong></span> <span class='ocrx_word' id='word_1_349' title='bbox 1281 2347 1433 2401; x_wconf 69' lang='lat' dir='ltr'><strong><em>narraret!</em></strong></span> <span class='ocrx_word' id='word_1_350' title='bbox 1454 2345 1824 2415; x_wconf 78' lang='lat' dir='ltr'><strong><em>Quiepropbetarumprae·</em></strong></span> 
     </span>
     <span class='ocr_line' id='line_1_26' title="bbox 130 2431 1825 2503; baseline 0 -18"><span class='ocrx_word' id='word_1_351' title='bbox 130 2432 181 2502; x_wconf 90' lang='lat' dir='ltr'><strong><em>qui</em></strong></span> <span class='ocrx_word' id='word_1_352' title='bbox 204 2438 321 2485; x_wconf 89' lang='lat' dir='ltr'><strong><em>mortem</em></strong></span> <span class='ocrx_word' id='word_1_353' title='bbox 340 2448 397 2500; x_wconf 85' lang='lat' dir='ltr'><strong><em>pra</em></strong></span> <span class='ocrx_word' id='word_1_354' title='bbox 415 2431 500 2486; x_wconf 85' lang='lat' dir='ltr'><strong><em>tatiue</em></strong></span> <span class='ocrx_word' id='word_1_355' title='bbox 516 2431 618 2486; x_wconf 90' lang='lat' dir='ltr'><strong><em>mundi</em></strong></span> <span class='ocrx_word' id='word_1_356' title='bbox 634 2433 725 2486; x_wconf 83' lang='lat' dir='ltr'><strong><em>ealute</em></strong></span> <span class='ocrx_word' id='word_1_357' title='bbox 743 2434 893 2503; x_wconf 74' lang='lat' dir='ltr'><strong><em>nuntiauit,</em></strong></span> <span class='ocrx_word' id='word_1_358' title='bbox 919 2454 965 2490; x_wconf 90' lang='lat' dir='ltr'><strong><em>ne-</em></strong></span> <span class='ocrx_word' id='word_1_359' title='bbox 990 2434 1064 2502; x_wconf 87' lang='lat' dir='ltr'><strong><em>cepit</em></strong></span> <span class='ocrx_word' id='word_1_360' title='bbox 1082 2433 1220 2487; x_wconf 87' lang='lat' dir='ltr'><strong><em>bominem</em></strong></span> <span class='ocrx_word' id='word_1_361' title='bbox 1237 2434 1367 2497; x_wconf 86' lang='lat' dir='ltr'><strong><em>adorari,</em></strong></span> <span class='ocrx_word' id='word_1_362' title='bbox 1384 2435 1486 2487; x_wconf 87' lang='lat' dir='ltr'><strong><em>nedum</em></strong></span> <span class='ocrx_word' id='word_1_363' title='bbox 1497 2433 1662 2486; x_wconf 65' lang='lat' dir='ltr'><strong><em>mulierem?</em></strong></span> <span class='ocrx_word' id='word_1_364' title='bbox 1682 2433 1825 2486; x_wconf 71' lang='lat' dir='ltr'><strong><em>Eximium</em></strong></span> 
     </span>
     <span class='ocr_line' id='line_1_27' title="bbox 130 2518 1825 2593; baseline 0.001 -22"><span class='ocrx_word' id='word_1_365' title='bbox 130 2534 184 2587; x_wconf 90' lang='lat' dir='ltr'><strong><em>que</em></strong></span> <span class='ocrx_word' id='word_1_366' title='bbox 210 2518 300 2572; x_wconf 88' lang='lat' dir='ltr'><strong><em>alium</em></strong></span> <span class='ocrx_word' id='word_1_367' title='bbox 327 2534 483 2587; x_wconf 78' lang='lat' dir='ltr'><strong><em>quenquam</em></strong></span> <span class='ocrx_word' id='word_1_368' title='bbox 512 2519 604 2573; x_wconf 89' lang='lat' dir='ltr'><strong><em>colere</em></strong></span> <span class='ocrx_word' id='word_1_369' title='bbox 630 2523 749 2589; x_wconf 71' lang='lat' dir='ltr'><strong><em>(alpem,</em></strong></span> <span class='ocrx_word' id='word_1_370' title='bbox 773 2520 964 2593; x_wconf 79' lang='lat' dir='ltr'><strong><em>christophor·</em></strong></span> <span class='ocrx_word' id='word_1_371' title='bbox 991 2519 1103 2588; x_wconf 86' lang='lat' dir='ltr'><strong><em>quidem</em></strong></span> <span class='ocrx_word' id='word_1_372' title='bbox 1119 2527 1158 2573; x_wconf 83' lang='lat' dir='ltr'><strong><em>eet</em></strong></span> <span class='ocrx_word' id='word_1_373' title='bbox 1174 2537 1238 2588; x_wconf 84' lang='lat' dir='ltr'><strong><em>uae,</em></strong></span> <span class='ocrx_word' id='word_1_374' title='bbox 1265 2522 1319 2574; x_wconf 84' lang='lat' dir='ltr'><strong><em>red</em></strong></span> <span class='ocrx_word' id='word_1_375' title='bbox 1337 2520 1454 2588; x_wconf 84' lang='lat' dir='ltr'><strong><em>mulier,</em></strong></span> <span class='ocrx_word' id='word_1_376' title='bbox 1483 2528 1508 2574; x_wconf 90' lang='lat' dir='ltr'><strong><em>et</em></strong></span> <span class='ocrx_word' id='word_1_377' title='bbox 1527 2519 1599 2573; x_wconf 86' lang='lat' dir='ltr'><strong><em>nibil</em></strong></span> <span class='ocrx_word' id='word_1_378' title='bbox 1618 2538 1638 2574; x_wconf 93' lang='lat' dir='ltr'><strong><em>a</em></strong></span> <span class='ocrx_word' id='word_1_379' title='bbox 1655 2526 1758 2572; x_wconf 74' lang='lat' dir='ltr'><strong><em>naama</em></strong></span> <span class='ocrx_word' id='word_1_380' title='bbox 1773 2520 1825 2572; x_wconf 89' lang='lat' dir='ltr'><strong><em>im·</em></strong></span> 
     </span>
     <span class='ocr_line' id='line_1_28' title="bbox 129 2604 1823 2677; baseline 0 -17"><span class='ocrx_word' id='word_1_381' title='bbox 129 2621 214 2660; x_wconf 86' lang='lat' dir='ltr'><strong><em>eanue</em></strong></span> <span class='ocrx_word' id='word_1_382' title='bbox 232 2605 261 2658; x_wconf 92' lang='lat' dir='ltr'><strong><em>in</em></strong></span> <span class='ocrx_word' id='word_1_383' title='bbox 280 2605 406 2660; x_wconf 67' lang='lat' dir='ltr'><strong><em>rarione</em></strong></span> <span class='ocrx_word' id='word_1_384' title='bbox 423 2604 533 2660; x_wconf 81' lang='lat' dir='ltr'><strong><em>addidit</em></strong></span> <span class='ocrx_word' id='word_1_385' title='bbox 550 2613 581 2659; x_wconf 89' lang='lat' dir='ltr'><strong><em>ut</em></strong></span> <span class='ocrx_word' id='word_1_386' title='bbox 596 2608 696 2675; x_wconf 87' lang='lat' dir='ltr'><strong><em>Deum,</em></strong></span> <span class='ocrx_word' id='word_1_387' title='bbox 720 2606 795 2677; x_wconf 88' lang='lat' dir='ltr'><strong><em>quad</em></strong></span> <span class='ocrx_word' id='word_1_388' title='bbox 815 2606 844 2661; x_wconf 92' lang='lat' dir='ltr'><strong><em>in</em></strong></span> <span class='ocrx_word' id='word_1_389' title='bbox 856 2606 965 2664; x_wconf 81' lang='lat' dir='ltr'><strong><em>Graeco</em></strong></span> <span class='ocrx_word' id='word_1_390' title='bbox 990 2614 1113 2674; x_wconf 75' lang='lat' dir='ltr'><strong><em>mnam,</em></strong></span> <span class='ocrx_word' id='word_1_391' title='bbox 1136 2623 1233 2660; x_wconf 85' lang='lat' dir='ltr'><strong><em>uerum</em></strong></span> <span class='ocrx_word' id='word_1_392' title='bbox 1257 2615 1284 2659; x_wconf 89' lang='lat' dir='ltr'><strong><em>et</em></strong></span> <span class='ocrx_word' id='word_1_393' title='bbox 1300 2606 1444 2661; x_wconf 86' lang='lat' dir='ltr'><strong><em>intellectu</em></strong></span> <span class='ocrx_word' id='word_1_394' title='bbox 1461 2614 1488 2661; x_wconf 86' lang='lat' dir='ltr'><strong><em>et</em></strong></span> <span class='ocrx_word' id='word_1_395' title='bbox 1506 2624 1590 2661; x_wconf 86' lang='lat' dir='ltr'><strong><em>eenau</em></strong></span> <span class='ocrx_word' id='word_1_396' title='bbox 1606 2606 1636 2659; x_wconf 89' lang='lat' dir='ltr'><strong><em>in</em></strong></span> <span class='ocrx_word' id='word_1_397' title='bbox 1655 2605 1760 2660; x_wconf 84' lang='lat' dir='ltr'><strong><em>bonore</em></strong></span> <span class='ocrx_word' id='word_1_398' title='bbox 1776 2606 1823 2660; x_wconf 87' lang='lat' dir='ltr'><strong><em>ba·</em></strong></span> 
     </span>
     <span class='ocr_line' id='line_1_29' title="bbox 131 2690 1830 2765; baseline 0 -19"><span class='ocrx_word' id='word_1_399' title='bbox 131 2707 187 2746; x_wconf 87' lang='lat' dir='ltr'><strong><em>non</em></strong></span> <span class='ocrx_word' id='word_1_400' title='bbox 212 2690 356 2758; x_wconf 85' lang='lat' dir='ltr'><strong><em>habetur),</em></strong></span> <span class='ocrx_word' id='word_1_401' title='bbox 383 2692 516 2761; x_wconf 91' lang='lat' dir='ltr'><strong><em>quoniam</em></strong></span> <span class='ocrx_word' id='word_1_402' title='bbox 539 2709 636 2747; x_wconf 84' lang='lat' dir='ltr'><strong><em>uerum</em></strong></span> <span class='ocrx_word' id='word_1_403' title='bbox 654 2695 748 2747; x_wconf 91' lang='lat' dir='ltr'><strong><em>Deum</em></strong></span> <span class='ocrx_word' id='word_1_404' title='bbox 772 2703 799 2748; x_wconf 88' lang='lat' dir='ltr'><strong><em>et</em></strong></span> <span class='ocrx_word' id='word_1_405' title='bbox 823 2697 874 2765; x_wconf 88' lang='lat' dir='ltr'><strong><em>qui</em></strong></span> <span class='ocrx_word' id='word_1_406' title='bbox 887 2697 965 2750; x_wconf 82' lang='lat' dir='ltr'><strong><em>eolue</em></strong></span> <span class='ocrx_word' id='word_1_407' title='bbox 991 2701 1103 2762; x_wconf 83' lang='lat' dir='ltr'><strong><em>morata,</em></strong></span> <span class='ocrx_word' id='word_1_408' title='bbox 1122 2693 1198 2747; x_wconf 85' lang='lat' dir='ltr'><strong><em>uelut</em></strong></span> <span class='ocrx_word' id='word_1_409' title='bbox 1215 2711 1337 2762; x_wconf 84' lang='lat' dir='ltr'><strong><em>corpora</em></strong></span> <span class='ocrx_word' id='word_1_410' title='bbox 1350 2700 1520 2763; x_wconf 80' lang='lat' dir='ltr'><strong><em>cunctorum,</em></strong></span> <span class='ocrx_word' id='word_1_411' title='bbox 1538 2694 1605 2746; x_wconf 85' lang='lat' dir='ltr'><strong><em>etei</em></strong></span> <span class='ocrx_word' id='word_1_412' title='bbox 1618 2693 1689 2762; x_wconf 88' lang='lat' dir='ltr'><strong><em>quid</em></strong></span> <span class='ocrx_word' id='word_1_413' title='bbox 1702 2693 1830 2765; x_wconf 70' lang='lat' dir='ltr'><strong><em>napum,</em></strong></span> 
     </span>
     <span class='ocr_line' id='line_1_30' title="bbox 130 2778 1825 2850; baseline -0.001 -17"><span class='ocrx_word' id='word_1_414' title='bbox 130 2778 265 2833; x_wconf 79' lang='lat' dir='ltr'><strong><em>colmdue</em></strong></span> <span class='ocrx_word' id='word_1_415' title='bbox 288 2778 340 2846; x_wconf 88' lang='lat' dir='ltr'><strong><em>eit,</em></strong></span> <span class='ocrx_word' id='word_1_416' title='bbox 368 2779 534 2834; x_wconf 72' lang='lat' dir='ltr'><strong><em>noverimne.</em></strong></span> <span class='ocrx_word' id='word_1_417' title='bbox 575 2779 721 2848; x_wconf 74' lang='lat' dir='ltr'><strong><em>Martyres</em></strong></span> <span class='ocrx_word' id='word_1_418' title='bbox 746 2796 813 2834; x_wconf 86' lang='lat' dir='ltr'><strong><em>uera</em></strong></span> <span class='ocrx_word' id='word_1_419' title='bbox 834 2789 965 2850; x_wconf 88' lang='lat' dir='ltr'><strong><em>tanquam</em></strong></span> <span class='ocrx_word' id='word_1_420' title='bbox 991 2782 1032 2834; x_wconf 86' lang='lat' dir='ltr'><strong><em>ad</em></strong></span> <span class='ocrx_word' id='word_1_421' title='bbox 1053 2780 1286 2848; x_wconf 71' lang='lat' dir='ltr'><strong><em>qloriieationem</em></strong></span> <span class='ocrx_word' id='word_1_422' title='bbox 1303 2780 1437 2846; x_wconf 79' lang='lat' dir='ltr'><strong><em>dieerim,</em></strong></span> <span class='ocrx_word' id='word_1_423' title='bbox 1454 2781 1527 2833; x_wconf 73' lang='lat' dir='ltr'><strong><em>matt</em></strong></span> <span class='ocrx_word' id='word_1_424' title='bbox 1546 2779 1666 2843; x_wconf 87' lang='lat' dir='ltr'><strong><em>Heliae,</em></strong></span> <span class='ocrx_word' id='word_1_425' title='bbox 1687 2797 1719 2832; x_wconf 81' lang='lat' dir='ltr'><strong><em>eu</em></strong></span> <span class='ocrx_word' id='word_1_426' title='bbox 1736 2788 1825 2833; x_wconf 88' lang='lat' dir='ltr'><strong><em>matre</em></strong></span> 
     </span>
     <span class='ocr_line' id='line_1_31' title="bbox 131 2863 1826 2938; baseline 0.001 -21"><span class='ocrx_word' id='word_1_427' title='bbox 131 2863 289 2934; x_wconf 79' lang='lat' dir='ltr'><strong><em>dieeepulor</em></strong></span> <span class='ocrx_word' id='word_1_428' title='bbox 314 2865 436 2918; x_wconf 85' lang='lat' dir='ltr'><strong><em>Domini</em></strong></span> <span class='ocrx_word' id='word_1_429' title='bbox 462 2865 617 2933; x_wconf 78' lang='lat' dir='ltr'><strong><em>delipamue</em></strong></span> <span class='ocrx_word' id='word_1_430' title='bbox 645 2873 671 2919; x_wconf 90' lang='lat' dir='ltr'><strong><em>et</em></strong></span> <span class='ocrx_word' id='word_1_431' title='bbox 697 2867 899 2921; x_wconf 52' lang='lat' dir='ltr'><strong><em>ueneremur*</em></strong></span> <span class='ocrx_word' id='word_1_432' title='bbox 924 2867 965 2934; x_wconf 90' lang='lat' dir='ltr'><strong><em>(in</em></strong></span> <span class='ocrx_word' id='word_1_433' title='bbox 990 2867 1071 2937; x_wconf 86' lang='lat' dir='ltr'><strong><em>uirqa</em></strong></span> <span class='ocrx_word' id='word_1_434' title='bbox 1094 2875 1121 2921; x_wconf 90' lang='lat' dir='ltr'><strong><em>et</em></strong></span> <span class='ocrx_word' id='word_1_435' title='bbox 1141 2867 1183 2921; x_wconf 83' lang='lat' dir='ltr'><strong><em>eie</em></strong></span> <span class='ocrx_word' id='word_1_436' title='bbox 1206 2883 1321 2920; x_wconf 90' lang='lat' dir='ltr'><strong><em>manene</em></strong></span> <span class='ocrx_word' id='word_1_437' title='bbox 1344 2868 1374 2920; x_wconf 89' lang='lat' dir='ltr'><strong><em>in</em></strong></span> <span class='ocrx_word' id='word_1_438' title='bbox 1392 2875 1561 2938; x_wconf 84' lang='lat' dir='ltr'><strong><em>perpetuum</em></strong></span> <span class='ocrx_word' id='word_1_439' title='bbox 1578 2873 1604 2919; x_wconf 89' lang='lat' dir='ltr'><strong><em>et</em></strong></span> <span class='ocrx_word' id='word_1_440' title='bbox 1624 2866 1782 2920; x_wconf 69' lang='lat' dir='ltr'><strong><em>uanitatem</em></strong></span> <span class='ocrx_word' id='word_1_441' title='bbox 1800 2873 1826 2919; x_wconf 88' lang='lat' dir='ltr'><strong><em>et</em></strong></span> 
     </span>
     <span class='ocr_line' id='line_1_32' title="bbox 131 2948 1826 3024; baseline -0.001 -17"><span class='ocrx_word' id='word_1_442' title='bbox 131 2948 241 3007; x_wconf 83' lang='lat' dir='ltr'><strong><em>Graeco</em></strong></span> <span class='ocrx_word' id='word_1_443' title='bbox 258 2967 315 3005; x_wconf 88' lang='lat' dir='ltr'><strong><em>non</em></strong></span> <span class='ocrx_word' id='word_1_444' title='bbox 332 2949 451 3005; x_wconf 85' lang='lat' dir='ltr'><strong><em>habetur</em></strong></span> <span class='ocrx_word' id='word_1_445' title='bbox 468 2951 602 3021; x_wconf 68' lang='lat' dir='ltr'><strong><em>renuam,</em></strong></span> <span class='ocrx_word' id='word_1_446' title='bbox 619 2952 670 3006; x_wconf 90' lang='lat' dir='ltr'><strong><em>eed</em></strong></span> <span class='ocrx_word' id='word_1_447' title='bbox 688 2952 802 3024; x_wconf 74' lang='grc' dir='ltr'><em>ἀγαπᾶν</em></span> <span class='ocrx_word' id='word_1_448' title='bbox 819 2952 965 3020; x_wconf 48' lang='lat' dir='ltr'><strong><em>bitauh*</em></strong></span> <span class='ocrx_word' id='word_1_449' title='bbox 992 2961 1107 3007; x_wconf 87' lang='lat' dir='ltr'><strong><em>mortem</em></strong></span> <span class='ocrx_word' id='word_1_450' title='bbox 1127 2971 1182 3006; x_wconf 90' lang='lat' dir='ltr'><strong><em>non</em></strong></span> <span class='ocrx_word' id='word_1_451' title='bbox 1199 2953 1392 3024; x_wconf 56' lang='lat' dir='ltr'><strong><em>compinctum</em></strong></span> <span class='ocrx_word' id='word_1_452' title='bbox 1413 2955 1485 3007; x_wconf 68' lang='lat' dir='ltr'><strong><em>aaut</em></strong></span> <span class='ocrx_word' id='word_1_453' title='bbox 1501 2952 1656 3019; x_wconf 85' lang='lat' dir='ltr'><strong><em>Jobannee,</em></strong></span> <span class='ocrx_word' id='word_1_454' title='bbox 1674 2954 1723 3022; x_wconf 88' lang='lat' dir='ltr'><strong><em>qui</em></strong></span> <span class='ocrx_word' id='word_1_455' title='bbox 1741 2969 1826 3021; x_wconf 88' lang='lat' dir='ltr'><strong><em>euper</em></strong></span> 
     </span>
     <span class='ocr_line' id='line_1_33' title="bbox 131 3037 1827 3109; baseline 0.001 -19"><span class='ocrx_word' id='word_1_456' title='bbox 131 3037 216 3109; x_wconf 78' lang='lat' dir='ltr'><strong><em>quari</em></strong></span> <span class='ocrx_word' id='word_1_457' title='bbox 237 3037 345 3106; x_wconf 83' lang='lat' dir='ltr'><strong><em>inteqre</em></strong></span> <span class='ocrx_word' id='word_1_458' title='bbox 362 3037 452 3106; x_wconf 84' lang='lat' dir='ltr'><strong><em>fidem</em></strong></span> <span class='ocrx_word' id='word_1_459' title='bbox 471 3038 606 3106; x_wconf 85' lang='lat' dir='ltr'><strong><em>maqirtra</em></strong></span> <span class='ocrx_word' id='word_1_460' title='bbox 624 3047 766 3093; x_wconf 80' lang='lat' dir='ltr'><strong><em>eeruantee</em></strong></span> <span class='ocrx_word' id='word_1_461' title='bbox 786 3049 812 3094; x_wconf 89' lang='lat' dir='ltr'><strong><em>et</em></strong></span> <span class='ocrx_word' id='word_1_462' title='bbox 831 3041 966 3105; x_wconf 89' lang='lat' dir='ltr'><strong><em>Domina,</em></strong></span> <span class='ocrx_word' id='word_1_463' title='bbox 988 3047 1086 3109; x_wconf 88' lang='lat' dir='ltr'><strong><em>peotue</em></strong></span> <span class='ocrx_word' id='word_1_464' title='bbox 1105 3039 1224 3093; x_wconf 86' lang='lat' dir='ltr'><strong><em>Domini</em></strong></span> <span class='ocrx_word' id='word_1_465' title='bbox 1240 3040 1374 3107; x_wconf 80' lang='lat' dir='ltr'><strong><em>recubuit,</em></strong></span> <span class='ocrx_word' id='word_1_466' title='bbox 1389 3055 1469 3108; x_wconf 89' lang='lat' dir='ltr'><strong><em>quem</em></strong></span> <span class='ocrx_word' id='word_1_467' title='bbox 1490 3039 1627 3107; x_wconf 84' lang='lat' dir='ltr'><strong><em>diliqebat</em></strong></span> <span class='ocrx_word' id='word_1_468' title='bbox 1640 3039 1734 3107; x_wconf 77' lang='lat' dir='ltr'><strong><em>Jeeeea,</em></strong></span> <span class='ocrx_word' id='word_1_469' title='bbox 1753 3039 1827 3092; x_wconf 87' lang='lat' dir='ltr'><strong><em>eicut</em></strong></span> 
     </span>
     <span class='ocr_line' id='line_1_34' title="bbox 131 3124 1825 3196; baseline -0.001 -17"><span class='ocrx_word' id='word_1_470' title='bbox 131 3141 251 3196; x_wconf 84' lang='lat' dir='ltr'><strong><em>qnorum</em></strong></span> <span class='ocrx_word' id='word_1_471' title='bbox 274 3142 325 3179; x_wconf 86' lang='lat' dir='ltr'><strong><em>noe</em></strong></span> <span class='ocrx_word' id='word_1_472' title='bbox 348 3140 457 3194; x_wconf 89' lang='lat' dir='ltr'><strong><em>quoque</em></strong></span> <span class='ocrx_word' id='word_1_473' title='bbox 481 3124 512 3177; x_wconf 92' lang='lat' dir='ltr'><strong><em>in</em></strong></span> <span class='ocrx_word' id='word_1_474' title='bbox 531 3125 593 3193; x_wconf 78' lang='lat' dir='ltr'><strong><em>fide</em></strong></span> <span class='ocrx_word' id='word_1_475' title='bbox 617 3132 642 3178; x_wconf 90' lang='lat' dir='ltr'><strong><em>et</em></strong></span> <span class='ocrx_word' id='word_1_476' title='bbox 662 3128 876 3194; x_wconf 79' lang='lat' dir='ltr'><strong><em>peremerantia</em></strong></span> <span class='ocrx_word' id='word_1_477' title='bbox 892 3129 965 3182; x_wconf 86' lang='lat' dir='ltr'><strong><em>eari-</em></strong></span> <span class='ocrx_word' id='word_1_478' title='bbox 994 3125 1082 3180; x_wconf 81' lang='lat' dir='ltr'><strong><em>Teela</em></strong></span> <span class='ocrx_word' id='word_1_479' title='bbox 1108 3133 1215 3181; x_wconf 79' lang='lat' dir='ltr'><strong><em>nancta.</em></strong></span> <span class='ocrx_word' id='word_1_480' title='bbox 1258 3127 1299 3180; x_wconf 83' lang='lat' dir='ltr'><strong><em>Et</em></strong></span> <span class='ocrx_word' id='word_1_481' title='bbox 1328 3124 1432 3179; x_wconf 88' lang='lat' dir='ltr'><strong><em>Maria</em></strong></span> <span class='ocrx_word' id='word_1_482' title='bbox 1460 3126 1554 3179; x_wconf 84' lang='lat' dir='ltr'><strong><em>adbuc</em></strong></span> <span class='ocrx_word' id='word_1_483' title='bbox 1580 3125 1746 3180; x_wconf 66' lang='lat' dir='ltr'><strong><em>lennatior</em></strong></span> <span class='ocrx_word' id='word_1_484' title='bbox 1771 3125 1825 3179; x_wconf 87' lang='lat' dir='ltr'><strong><em>baa</em></strong></span> 
     </span>
     <span class='ocr_line' id='line_1_35' title="bbox 131 3211 1826 3284; baseline 0 -20"><span class='ocrx_word' id='word_1_485' title='bbox 131 3211 200 3265; x_wconf 85' lang='lat' dir='ltr'><strong><em>tatie</em></strong></span> <span class='ocrx_word' id='word_1_486' title='bbox 223 3218 352 3279; x_wconf 80' lang='lat' dir='ltr'><strong><em>optantur</em></strong></span> <span class='ocrx_word' id='word_1_487' title='bbox 379 3227 437 3265; x_wconf 86' lang='lat' dir='ltr'><strong><em>eeee</em></strong></span> <span class='ocrx_word' id='word_1_488' title='bbox 457 3219 606 3266; x_wconf 82' lang='lat' dir='ltr'><strong><em>coneorua</em></strong></span> <span class='ocrx_word' id='word_1_489' title='bbox 644 3211 682 3266; x_wconf 88' lang='lat' dir='ltr'><strong><em>Et</em></strong></span> <span class='ocrx_word' id='word_1_490' title='bbox 697 3219 811 3284; x_wconf 86' lang='lat' dir='ltr'><strong><em>poetea:</em></strong></span> <span class='ocrx_word' id='word_1_491' title='bbox 835 3213 965 3269; x_wconf 81' lang='lat' dir='ltr'><strong><em>Celebra-</em></strong></span> <span class='ocrx_word' id='word_1_492' title='bbox 992 3219 1033 3266; x_wconf 84' lang='lat' dir='ltr'><strong><em>eet</em></strong></span> <span class='ocrx_word' id='word_1_493' title='bbox 1055 3220 1175 3283; x_wconf 84' lang='lat' dir='ltr'><strong><em>propter</em></strong></span> <span class='ocrx_word' id='word_1_494' title='bbox 1213 3211 1451 3282; x_wconf 84' lang='lat' dir='ltr'><strong><em>diepeneationem</em></strong></span> <span class='ocrx_word' id='word_1_495' title='bbox 1479 3213 1620 3280; x_wconf 77' lang='lat' dir='ltr'><strong><em>myrterii,</em></strong></span> <span class='ocrx_word' id='word_1_496' title='bbox 1653 3229 1710 3281; x_wconf 88' lang='lat' dir='ltr'><strong><em>qua</em></strong></span> <span class='ocrx_word' id='word_1_497' title='bbox 1737 3212 1826 3280; x_wconf 81' lang='lat' dir='ltr'><strong><em>diqna</em></strong></span> 
     </span>
     <span class='ocr_line' id='line_1_36' title="bbox 131 3297 1826 3368; baseline -0.001 -17"><span class='ocrx_word' id='word_1_498' title='bbox 131 3314 194 3351; x_wconf 86' lang='lat' dir='ltr'><strong><em>mue</em></strong></span> <span class='ocrx_word' id='word_1_499' title='bbox 209 3297 285 3352; x_wconf 87' lang='lat' dir='ltr'><strong><em>diem</em></strong></span> <span class='ocrx_word' id='word_1_500' title='bbox 303 3297 464 3352; x_wconf 70' lang='lat' dir='ltr'><strong><em>nebridium</em></strong></span> <span class='ocrx_word' id='word_1_501' title='bbox 483 3297 651 3367; x_wconf 76' lang='lat' dir='ltr'><strong><em>Polycarpi,</em></strong></span> <span class='ocrx_word' id='word_1_502' title='bbox 671 3298 723 3352; x_wconf 83' lang='lat' dir='ltr'><strong><em>bac</em></strong></span> <span class='ocrx_word' id='word_1_503' title='bbox 743 3306 784 3352; x_wconf 86' lang='lat' dir='ltr'><strong><em>eet</em></strong></span> <span class='ocrx_word' id='word_1_504' title='bbox 802 3301 965 3366; x_wconf 83' lang='lat' dir='ltr'><strong><em>memoriam</em></strong></span> <span class='ocrx_word' id='word_1_505' title='bbox 990 3301 1074 3364; x_wconf 75' lang='lat' dir='ltr'><strong><em>faeta</em></strong></span> <span class='ocrx_word' id='word_1_506' title='bbox 1092 3305 1140 3351; x_wconf 88' lang='lat' dir='ltr'><strong><em>eet.</em></strong></span> <span class='ocrx_word' id='word_1_507' title='bbox 1180 3297 1241 3352; x_wconf 85' lang='lat' dir='ltr'><strong><em>Sed</em></strong></span> <span class='ocrx_word' id='word_1_508' title='bbox 1257 3314 1344 3366; x_wconf 87' lang='lat' dir='ltr'><strong><em>neque</em></strong></span> <span class='ocrx_word' id='word_1_509' title='bbox 1355 3297 1442 3351; x_wconf 85' lang='lat' dir='ltr'><strong><em>Eliae</em></strong></span> <span class='ocrx_word' id='word_1_510' title='bbox 1459 3299 1627 3352; x_wconf 80' lang='lat' dir='ltr'><strong><em>adorandae</em></strong></span> <span class='ocrx_word' id='word_1_511' title='bbox 1646 3307 1695 3368; x_wconf 80' lang='lat' dir='ltr'><strong><em>eat,</em></strong></span> <span class='ocrx_word' id='word_1_512' title='bbox 1714 3297 1826 3351; x_wconf 76' lang='lat' dir='ltr'><strong><em>etramei</em></strong></span> 
     </span>
     <span class='ocr_line' id='line_1_37' title="bbox 131 3383 1825 3453; baseline -0.001 -16"><span class='ocrx_word' id='word_1_513' title='bbox 131 3399 242 3452; x_wconf 86' lang='lat' dir='ltr'><strong><em>eorum,</em></strong></span> <span class='ocrx_word' id='word_1_514' title='bbox 266 3384 317 3453; x_wconf 90' lang='lat' dir='ltr'><strong><em>qui</em></strong></span> <span class='ocrx_word' id='word_1_515' title='bbox 339 3390 480 3438; x_wconf 90' lang='lat' dir='ltr'><strong><em>certamen</em></strong></span> <span class='ocrx_word' id='word_1_516' title='bbox 503 3399 583 3437; x_wconf 77' lang='lat' dir='ltr'><strong><em>tuum</em></strong></span> <span class='ocrx_word' id='word_1_517' title='bbox 604 3384 670 3452; x_wconf 86' lang='lat' dir='ltr'><strong><em>jam</em></strong></span> <span class='ocrx_word' id='word_1_518' title='bbox 686 3386 866 3439; x_wconf 80' lang='lat' dir='ltr'><strong><em>decertarunt</em></strong></span> <span class='ocrx_word' id='word_1_519' title='bbox 882 3395 909 3441; x_wconf 90' lang='lat' dir='ltr'><strong><em>et</em></strong></span> <span class='ocrx_word' id='word_1_520' title='bbox 925 3389 968 3441; x_wconf 90' lang='lat' dir='ltr'><strong><em>ad</em></strong></span> <span class='ocrx_word' id='word_1_521' title='bbox 991 3385 1022 3438; x_wconf 89' lang='lat' dir='ltr'><strong><em>in</em></strong></span> <span class='ocrx_word' id='word_1_522' title='bbox 1039 3384 1125 3453; x_wconf 50' lang='lat' dir='ltr'><strong><em>aiem</em></strong></span> <span class='ocrx_word' id='word_1_523' title='bbox 1141 3385 1194 3436; x_wconf 82' lang='lat' dir='ltr'><strong><em>aed</em></strong></span> <span class='ocrx_word' id='word_1_524' title='bbox 1211 3399 1297 3452; x_wconf 89' lang='lat' dir='ltr'><strong><em>neque</em></strong></span> <span class='ocrx_word' id='word_1_525' title='bbox 1309 3383 1456 3437; x_wconf 84' lang='lat' dir='ltr'><strong><em>Jobannee</em></strong></span> <span class='ocrx_word' id='word_1_526' title='bbox 1473 3386 1640 3439; x_wconf 81' lang='lat' dir='ltr'><strong><em>adorandae</em></strong></span> <span class='ocrx_word' id='word_1_527' title='bbox 1661 3392 1711 3452; x_wconf 85' lang='lat' dir='ltr'><strong><em>eet,</em></strong></span> <span class='ocrx_word' id='word_1_528' title='bbox 1729 3400 1825 3452; x_wconf 89' lang='lat' dir='ltr'><strong><em>quam-</em></strong></span> 
     </span>
     <span class='ocr_line' id='line_1_38' title="bbox 132 3470 1823 3540; baseline -0.002 -14"><span class='ocrx_word' id='word_1_529' title='bbox 132 3470 306 3540; x_wconf 87' lang='lat' dir='ltr'><strong><em>eequentium</em></strong></span> <span class='ocrx_word' id='word_1_530' title='bbox 338 3471 566 3525; x_wconf 69' lang='lat' dir='ltr'><strong><em>erucitationem</em></strong></span> <span class='ocrx_word' id='word_1_531' title='bbox 597 3478 625 3524; x_wconf 90' lang='lat' dir='ltr'><strong><em>et</em></strong></span> <span class='ocrx_word' id='word_1_532' title='bbox 650 3473 905 3540; x_wconf 77' lang='lat' dir='ltr'><strong><em>praeparationem</em></strong></span> <span class='ocrx_word' id='word_1_533' title='bbox 936 3481 966 3526; x_wconf 90' lang='lat' dir='ltr'><strong><em>ut</em></strong></span> <span class='ocrx_word' id='word_1_534' title='bbox 992 3488 1076 3540; x_wconf 89' lang='lat' dir='ltr'><strong><em>quam</em></strong></span> <span class='ocrx_word' id='word_1_535' title='bbox 1097 3486 1149 3539; x_wconf 87' lang='lat' dir='ltr'><strong><em>per</em></strong></span> <span class='ocrx_word' id='word_1_536' title='bbox 1166 3486 1266 3538; x_wconf 82' lang='lat' dir='ltr'><strong><em>precer</em></strong></span> <span class='ocrx_word' id='word_1_537' title='bbox 1287 3487 1354 3522; x_wconf 80' lang='lat' dir='ltr'><strong><em>auae</em></strong></span> <span class='ocrx_word' id='word_1_538' title='bbox 1369 3470 1508 3539; x_wconf 85' lang='lat' dir='ltr'><strong><em>propriae</em></strong></span> <span class='ocrx_word' id='word_1_539' title='bbox 1528 3470 1723 3524; x_wconf 71' lang='lat' dir='ltr'><strong><em>domuitionem</em></strong></span> <span class='ocrx_word' id='word_1_540' title='bbox 1742 3487 1823 3522; x_wconf 87' lang='lat' dir='ltr'><strong><em>enam</em></strong></span> 
     </span>
     <span class='ocr_line' id='line_1_39' title="bbox 132 3556 1827 3627; baseline 0 -17"><span class='ocrx_word' id='word_1_541' title='bbox 132 3557 305 3626; x_wconf 73' lang='lat' dir='ltr'><strong><em>aequatum</em></strong></span> <span class='ocrx_word' id='word_1_542' title='bbox 316 3556 414 3610; x_wconf 74' lang='lat' dir='ltr'><strong><em>&#39;ammi</em></strong></span> <span class='ocrx_word' id='word_1_543' title='bbox 430 3557 472 3609; x_wconf 90' lang='lat' dir='ltr'><strong><em>ad</em></strong></span> <span class='ocrx_word' id='word_1_544' title='bbox 484 3572 699 3625; x_wconf 85' lang='lat' dir='ltr'><strong><em>praeceeeorurn</em></strong></span> <span class='ocrx_word' id='word_1_545' title='bbox 717 3556 792 3613; x_wconf 87' lang='lat' dir='ltr'><strong><em>eiam</em></strong></span> <span class='ocrx_word' id='word_1_546' title='bbox 811 3558 966 3627; x_wconf 84' lang='lat' dir='ltr'><strong><em>ineiqnibue</em></strong></span> <span class='ocrx_word' id='word_1_547' title='bbox 993 3558 1196 3611; x_wconf 89' lang='lat' dir='ltr'><strong><em>admirandam</em></strong></span> <span class='ocrx_word' id='word_1_548' title='bbox 1216 3556 1352 3626; x_wconf 83' lang='lat' dir='ltr'><strong><em>effecerit,</em></strong></span> <span class='ocrx_word' id='word_1_549' title='bbox 1378 3557 1433 3609; x_wconf 90' lang='lat' dir='ltr'><strong><em>imo</em></strong></span> <span class='ocrx_word' id='word_1_550' title='bbox 1446 3557 1545 3626; x_wconf 91' lang='lat' dir='ltr'><strong><em>patiue</em></strong></span> <span class='ocrx_word' id='word_1_551' title='bbox 1564 3572 1599 3610; x_wconf 82' lang='lat' dir='ltr'><strong><em>ee</em></strong></span> <span class='ocrx_word' id='word_1_552' title='bbox 1618 3557 1682 3612; x_wconf 88' lang='lat' dir='ltr'><strong><em>Deo</em></strong></span> <span class='ocrx_word' id='word_1_553' title='bbox 1703 3556 1827 3623; x_wconf 84' lang='lat' dir='ltr'><strong><em>qratiam</em></strong></span> 
     </span>
     <span class='ocr_line' id='line_1_40' title="bbox 133 3641 1828 3712; baseline -0.001 -15"><span class='ocrx_word' id='word_1_554' title='bbox 133 3642 269 3712; x_wconf 74' lang='lat' dir='ltr'><strong><em>emneplie</em></strong></span> <span class='ocrx_word' id='word_1_555' title='bbox 287 3641 465 3705; x_wconf 73' lang='lat' dir='ltr'><strong><em>meitentur,</em></strong></span> <span class='ocrx_word' id='word_1_556' title='bbox 485 3643 641 3708; x_wconf 86' lang='lat' dir='ltr'><strong><em>audientee,</em></strong></span> <span class='ocrx_word' id='word_1_557' title='bbox 660 3644 738 3712; x_wconf 81' lang='lat' dir='ltr'><strong><em>iprae</em></strong></span> <span class='ocrx_word' id='word_1_558' title='bbox 757 3644 791 3698; x_wconf 92' lang='lat' dir='ltr'><strong><em>ab</em></strong></span> <span class='ocrx_word' id='word_1_559' title='bbox 809 3646 966 3700; x_wconf 77' lang='lat' dir='ltr'><strong><em>certamina</em></strong></span> <span class='ocrx_word' id='word_1_560' title='bbox 993 3642 1146 3711; x_wconf 86' lang='lat' dir='ltr'><strong><em>acceperit,·</em></strong></span> <span class='ocrx_word' id='word_1_561' title='bbox 1164 3644 1215 3696; x_wconf 90' lang='lat' dir='ltr'><strong><em>eed</em></strong></span> <span class='ocrx_word' id='word_1_562' title='bbox 1231 3658 1319 3710; x_wconf 84' lang='lat' dir='ltr'><strong><em>neque</em></strong></span> <span class='ocrx_word' id='word_1_563' title='bbox 1334 3642 1427 3705; x_wconf 85' lang='lat' dir='ltr'><strong><em>Tecta,</em></strong></span> <span class='ocrx_word' id='word_1_564' title='bbox 1447 3658 1534 3711; x_wconf 87' lang='lat' dir='ltr'><strong><em>neque</em></strong></span> <span class='ocrx_word' id='word_1_565' title='bbox 1554 3643 1702 3710; x_wconf 89' lang='lat' dir='ltr'><strong><em>quiequam</em></strong></span> <span class='ocrx_word' id='word_1_566' title='bbox 1714 3650 1828 3696; x_wconf 86' lang='lat' dir='ltr'><strong><em>eanctue</em></strong></span> 
     </span>
     <span class='ocr_line' id='line_1_41' title="bbox 133 3727 1827 3800; baseline -0.002 -16"><span class='ocrx_word' id='word_1_567' title='bbox 133 3730 272 3784; x_wconf 87' lang='lat' dir='ltr'><strong><em>celebrari</em></strong></span> <span class='ocrx_word' id='word_1_568' title='bbox 294 3737 322 3782; x_wconf 86' lang='lat' dir='ltr'><strong><em>et</em></strong></span> <span class='ocrx_word' id='word_1_569' title='bbox 343 3729 403 3797; x_wconf 74' lang='lat' dir='ltr'><strong><em>iam</em></strong></span> <span class='ocrx_word' id='word_1_570' title='bbox 425 3747 531 3784; x_wconf 85' lang='lat' dir='ltr'><strong><em>corana</em></strong></span> <span class='ocrx_word' id='word_1_571' title='bbox 559 3730 779 3800; x_wconf 70' lang='lat' dir='ltr'><strong><em>incorruptionee</em></strong></span> <span class='ocrx_word' id='word_1_572' title='bbox 798 3739 912 3786; x_wconf 83' lang='lat' dir='ltr'><strong><em>ornatae</em></strong></span> <span class='ocrx_word' id='word_1_573' title='bbox 931 3751 966 3786; x_wconf 93' lang='lat' dir='ltr'><strong><em>ac</em></strong></span> <span class='ocrx_word' id='word_1_574' title='bbox 993 3730 1140 3781; x_wconf 74' lang='lat' dir='ltr'><strong><em>admatur.</em></strong></span> <span class='ocrx_word' id='word_1_575' title='bbox 1189 3729 1256 3782; x_wconf 89' lang='lat' dir='ltr'><strong><em>Nan</em></strong></span> <span class='ocrx_word' id='word_1_576' title='bbox 1280 3727 1353 3781; x_wconf 86' lang='lat' dir='ltr'><strong><em>enim</em></strong></span> <span class='ocrx_word' id='word_1_577' title='bbox 1378 3729 1569 3783; x_wconf 78' lang='lat' dir='ltr'><strong><em>doninabitur</em></strong></span> <span class='ocrx_word' id='word_1_578' title='bbox 1595 3729 1674 3784; x_wconf 90' lang='lat' dir='ltr'><strong><em>nobie</em></strong></span> <span class='ocrx_word' id='word_1_579' title='bbox 1697 3729 1827 3797; x_wconf 87' lang='lat' dir='ltr'><strong><em>antiquue</em></strong></span> 
     </span>
     <span class='ocr_line' id='line_1_42' title="bbox 134 3814 1827 3886; baseline -0.001 -15"><span class='ocrx_word' id='word_1_580' title='bbox 134 3816 237 3872; x_wconf 88' lang='lat' dir='ltr'><strong><em>brabeo</em></strong></span> <span class='ocrx_word' id='word_1_581' title='bbox 273 3816 491 3886; x_wconf 75' lang='lat' dir='ltr'><strong><em>incomparabili</em></strong></span> <span class='ocrx_word' id='word_1_582' title='bbox 523 3819 643 3871; x_wconf 88' lang='lat' dir='ltr'><strong><em>donatae</em></strong></span> <span class='ocrx_word' id='word_1_583' title='bbox 675 3834 742 3874; x_wconf 79' lang='lat' dir='ltr'><strong><em>eree.</em></strong></span> <span class='ocrx_word' id='word_1_584' title='bbox 795 3817 965 3873; x_wconf 76' lang='lat' dir='ltr'><strong><em>Athanasius</em></strong></span> <span class='ocrx_word' id='word_1_585' title='bbox 995 3832 1092 3884; x_wconf 88' lang='lat' dir='ltr'><strong><em>error,</em></strong></span> <span class='ocrx_word' id='word_1_586' title='bbox 1119 3823 1149 3868; x_wconf 88' lang='lat' dir='ltr'><strong><em>ut</em></strong></span> <span class='ocrx_word' id='word_1_587' title='bbox 1174 3814 1367 3882; x_wconf 83' lang='lat' dir='ltr'><strong><em>relinquamur</em></strong></span> <span class='ocrx_word' id='word_1_588' title='bbox 1395 3817 1528 3869; x_wconf 85' lang='lat' dir='ltr'><strong><em>uiuentem</em></strong></span> <span class='ocrx_word' id='word_1_589' title='bbox 1555 3823 1581 3869; x_wconf 87' lang='lat' dir='ltr'><strong><em>et</em></strong></span> <span class='ocrx_word' id='word_1_590' title='bbox 1608 3818 1757 3870; x_wconf 82' lang='lat' dir='ltr'><strong><em>adoremur</em></strong></span> <span class='ocrx_word' id='word_1_591' title='bbox 1784 3833 1827 3883; x_wconf 90' lang='lat' dir='ltr'><strong><em>ea,</em></strong></span> 
     </span>
     <span class='ocr_line' id='line_1_43' title="bbox 135 3901 1827 3975; baseline -0.002 -16"><span class='ocrx_word' id='word_1_592' title='bbox 135 3908 205 3960; x_wconf 85' lang='lat' dir='ltr'><strong><em>orat.</em></strong></span> <span class='ocrx_word' id='word_1_593' title='bbox 218 3907 243 3958; x_wconf 81' lang='lat'><strong><em>2.</em></strong></span> <span class='ocrx_word' id='word_1_594' title='bbox 260 3908 357 3958; x_wconf 77' lang='lat' dir='ltr'><strong><em>enntm</em></strong></span> <span class='ocrx_word' id='word_1_595' title='bbox 368 3901 488 3957; x_wconf 79' lang='lat' dir='ltr'><strong><em>Arianae</em></strong></span> <span class='ocrx_word' id='word_1_596' title='bbox 507 3902 559 3958; x_wconf 86' lang='lat' dir='ltr'><strong><em>enh</em></strong></span> <span class='ocrx_word' id='word_1_597' title='bbox 576 3902 624 3959; x_wconf 88' lang='lat' dir='ltr'><strong><em>fin.</em></strong></span> <span class='ocrx_word' id='word_1_598' title='bbox 642 3920 706 3975; x_wconf 84' lang='lat' dir='ltr'><strong><em>pag.</em></strong></span> <span class='ocrx_word' id='word_1_599' title='bbox 722 3909 783 3959; x_wconf 78' lang='lat'>184:</span> <span class='ocrx_word' id='word_1_600' title='bbox 804 3905 966 3975; x_wconf 81' lang='lat' dir='ltr'><strong><em>Aqnoeeant</em></strong></span> <span class='ocrx_word' id='word_1_601' title='bbox 994 3918 1067 3971; x_wconf 84' lang='lat' dir='ltr'><strong><em>quae</em></strong></span> <span class='ocrx_word' id='word_1_602' title='bbox 1085 3902 1121 3955; x_wconf 91' lang='lat' dir='ltr'><strong><em>ab</em></strong></span> <span class='ocrx_word' id='word_1_603' title='bbox 1141 3902 1204 3971; x_wconf 83' lang='lat' dir='ltr'><strong><em>ipra</em></strong></span> <span class='ocrx_word' id='word_1_604' title='bbox 1220 3903 1304 3967; x_wconf 76' lang='lat' dir='ltr'><strong><em>faeta</em></strong></span> <span class='ocrx_word' id='word_1_605' title='bbox 1320 3910 1391 3955; x_wconf 87' lang='lat' dir='ltr'><strong><em>aunt.</em></strong></span> <span class='ocrx_word' id='word_1_606' title='bbox 1428 3903 1580 3957; x_wconf 78' lang='lat' dir='ltr'><strong><em>Calucmnt</em></strong></span> <span class='ocrx_word' id='word_1_607' title='bbox 1601 3903 1674 3956; x_wconf 89' lang='lat' dir='ltr'><strong><em>enim</em></strong></span> <span class='ocrx_word' id='word_1_608' title='bbox 1685 3910 1712 3956; x_wconf 88' lang='lat' dir='ltr'><strong><em>et</em></strong></span> <span class='ocrx_word' id='word_1_609' title='bbox 1723 3903 1827 3956; x_wconf 87' lang='lat' dir='ltr'><strong><em>adora·</em></strong></span> 
     </span>
     <span class='ocr_line' id='line_1_44' title="bbox 135 3988 1829 4061; baseline -0.002 -16"><span class='ocrx_word' id='word_1_610' title='bbox 135 3988 255 4059; x_wconf 73' lang='lat' dir='ltr'><strong><em>(nunni)</em></strong></span> <span class='ocrx_word' id='word_1_611' title='bbox 271 3996 383 4044; x_wconf 78' lang='lat' dir='ltr'><strong><em>nanctae</em></strong></span> <span class='ocrx_word' id='word_1_612' title='bbox 398 4007 454 4044; x_wconf 88' lang='lat' dir='ltr'><strong><em>non</em></strong></span> <span class='ocrx_word' id='word_1_613' title='bbox 473 4007 492 4043; x_wconf 91' lang='lat' dir='ltr'><strong><em>a</em></strong></span> <span class='ocrx_word' id='word_1_614' title='bbox 507 3997 603 4044; x_wconf 86' lang='lat' dir='ltr'><strong><em>creato</em></strong></span> <span class='ocrx_word' id='word_1_615' title='bbox 619 3991 779 4061; x_wconf 82' lang='lat' dir='ltr'><strong><em>pertubare,</em></strong></span> <span class='ocrx_word' id='word_1_616' title='bbox 797 3998 828 4046; x_wconf 89' lang='lat' dir='ltr'><strong><em>ut</em></strong></span> <span class='ocrx_word' id='word_1_617' title='bbox 844 3992 966 4046; x_wconf 73' lang='lat' dir='ltr'><strong><em>aemilia·</em></strong></span> <span class='ocrx_word' id='word_1_618' title='bbox 993 3997 1091 4042; x_wconf 69' lang='lat' dir='ltr'><strong><em>emunt</em></strong></span> <span class='ocrx_word' id='word_1_619' title='bbox 1116 3997 1275 4043; x_wconf 86' lang='lat' dir='ltr'><strong><em>creaturam</em></strong></span> <span class='ocrx_word' id='word_1_620' title='bbox 1298 3996 1415 4058; x_wconf 89' lang='lat' dir='ltr'><strong><em>praeter</em></strong></span> <span class='ocrx_word' id='word_1_621' title='bbox 1434 3998 1590 4044; x_wconf 84' lang='lat' dir='ltr'><strong><em>creatorem</em></strong></span> <span class='ocrx_word' id='word_1_622' title='bbox 1609 3998 1637 4043; x_wconf 90' lang='lat' dir='ltr'><strong><em>et</em></strong></span> <span class='ocrx_word' id='word_1_623' title='bbox 1653 3989 1736 4043; x_wconf 83' lang='lat' dir='ltr'><strong><em>etulti</em></strong></span> <span class='ocrx_word' id='word_1_624' title='bbox 1752 3989 1829 4053; x_wconf 77' lang='lat' dir='ltr'><strong><em>faeti</em></strong></span> 
     </span>
     <span class='ocr_line' id='line_1_45' title="bbox 135 4075 1827 4145; baseline -0.002 -13"><span class='ocrx_word' id='word_1_625' title='bbox 135 4085 180 4132; x_wconf 90' lang='lat' dir='ltr'><strong><em>tor</em></strong></span> <span class='ocrx_word' id='word_1_626' title='bbox 203 4076 250 4131; x_wconf 88' lang='lat' dir='ltr'><strong><em>eit.</em></strong></span> <span class='ocrx_word' id='word_1_627' title='bbox 273 4080 343 4132; x_wconf 89' lang='lat' dir='ltr'><strong><em>orat.</em></strong></span> <span class='ocrx_word' id='word_1_628' title='bbox 363 4080 387 4131; x_wconf 88' lang='grc'><strong><em>3.</em></strong></span> <span class='ocrx_word' id='word_1_629' title='bbox 407 4082 504 4131; x_wconf 71' lang='lat' dir='ltr'><strong><em>conae</em></strong></span> <span class='ocrx_word' id='word_1_630' title='bbox 520 4077 615 4130; x_wconf 81' lang='lat' dir='ltr'><strong><em>Arian.</em></strong></span> <span class='ocrx_word' id='word_1_631' title='bbox 643 4081 708 4132; x_wconf 86' lang='lat' dir='ltr'><strong><em>anta</em></strong></span> <span class='ocrx_word' id='word_1_632' title='bbox 725 4076 811 4131; x_wconf 81' lang='lat' dir='ltr'><strong><em>med:</em></strong></span> <span class='ocrx_word' id='word_1_633' title='bbox 840 4081 901 4133; x_wconf 89' lang='lat' dir='ltr'><strong><em>Nee</em></strong></span> <span class='ocrx_word' id='word_1_634' title='bbox 916 4097 966 4133; x_wconf 90' lang='lat' dir='ltr'><strong><em>an·</em></strong></span> <span class='ocrx_word' id='word_1_635' title='bbox 993 4083 1065 4130; x_wconf 75' lang='lat' dir='ltr'><strong><em>erent.</em></strong></span> <span class='ocrx_word' id='word_1_636' title='bbox 1113 4075 1147 4129; x_wconf 81' lang='lat' dir='ltr'><strong><em>Si</em></strong></span> <span class='ocrx_word' id='word_1_637' title='bbox 1171 4075 1243 4128; x_wconf 90' lang='lat' dir='ltr'><strong><em>enim</em></strong></span> <span class='ocrx_word' id='word_1_638' title='bbox 1269 4075 1386 4144; x_wconf 79' lang='lat' dir='ltr'><strong><em>anqetoe</em></strong></span> <span class='ocrx_word' id='word_1_639' title='bbox 1405 4075 1529 4129; x_wconf 86' lang='lat' dir='ltr'><strong><em>adorari</em></strong></span> <span class='ocrx_word' id='word_1_640' title='bbox 1546 4093 1603 4128; x_wconf 90' lang='lat' dir='ltr'><strong><em>non</em></strong></span> <span class='ocrx_word' id='word_1_641' title='bbox 1622 4076 1698 4138; x_wconf 79' lang='lat' dir='ltr'><strong><em>erelt,</em></strong></span> <span class='ocrx_word' id='word_1_642' title='bbox 1723 4083 1827 4145; x_wconf 89' lang='lat' dir='ltr'><strong><em>quanta</em></strong></span> 
     </span>
     <span class='ocr_line' id='line_1_46' title="bbox 135 4160 1827 4234; baseline -0.002 -16"><span class='ocrx_word' id='word_1_643' title='bbox 135 4163 227 4234; x_wconf 77' lang='lat' dir='ltr'><strong><em>pelea,</em></strong></span> <span class='ocrx_word' id='word_1_644' title='bbox 256 4177 344 4230; x_wconf 84' lang='lat' dir='ltr'><strong><em>neque</em></strong></span> <span class='ocrx_word' id='word_1_645' title='bbox 373 4161 496 4216; x_wconf 80' lang='lat' dir='ltr'><strong><em>laminae</em></strong></span> <span class='ocrx_word' id='word_1_646' title='bbox 514 4170 627 4217; x_wconf 81' lang='lat' dir='ltr'><strong><em>ranetae</em></strong></span> <span class='ocrx_word' id='word_1_647' title='bbox 647 4165 815 4218; x_wconf 77' lang='lat' dir='ltr'><strong><em>adaratime</em></strong></span> <span class='ocrx_word' id='word_1_648' title='bbox 834 4165 967 4220; x_wconf 82' lang='lat' dir='ltr'><strong><em>calendar</em></strong></span> <span class='ocrx_word' id='word_1_649' title='bbox 993 4161 1085 4229; x_wconf 82' lang='lat' dir='ltr'><strong><em>maqie</em></strong></span> <span class='ocrx_word' id='word_1_650' title='bbox 1110 4177 1171 4214; x_wconf 90' lang='lat' dir='ltr'><strong><em>eam</em></strong></span> <span class='ocrx_word' id='word_1_651' title='bbox 1193 4160 1315 4229; x_wconf 86' lang='lat' dir='ltr'><strong><em>(adorari</em></strong></span> <span class='ocrx_word' id='word_1_652' title='bbox 1340 4178 1394 4215; x_wconf 89' lang='lat' dir='ltr'><strong><em>non</em></strong></span> <span class='ocrx_word' id='word_1_653' title='bbox 1413 4160 1500 4231; x_wconf 82' lang='lat' dir='ltr'><strong><em>vult),</em></strong></span> <span class='ocrx_word' id='word_1_654' title='bbox 1524 4177 1597 4230; x_wconf 89' lang='lat' dir='ltr'><strong><em>quae</em></strong></span> <span class='ocrx_word' id='word_1_655' title='bbox 1620 4160 1716 4231; x_wconf 77' lang='lat' dir='ltr'><strong><em>penita</em></strong></span> <span class='ocrx_word' id='word_1_656' title='bbox 1734 4168 1774 4214; x_wconf 89' lang='lat' dir='ltr'><strong><em>eet</em></strong></span> <span class='ocrx_word' id='word_1_657' title='bbox 1791 4161 1827 4214; x_wconf 93' lang='lat' dir='ltr'><strong><em>ab</em></strong></span> 
     </span>
     <span class='ocr_line' id='line_1_47' title="bbox 135 4246 1829 4319; baseline 0.002 -14"><span class='ocrx_word' id='word_1_658' title='bbox 135 4266 195 4305; x_wconf 85' lang='lat' dir='ltr'><strong><em>eeee</em></strong></span> <span class='ocrx_word' id='word_1_659' title='bbox 227 4251 334 4303; x_wconf 83' lang='lat' dir='ltr'><strong><em>docent.</em></strong></span> <span class='ocrx_word' id='word_1_660' title='bbox 373 4247 547 4319; x_wconf 77' lang='lat' dir='ltr'><strong><em>Epiphanius</em></strong></span> <span class='ocrx_word' id='word_1_661' title='bbox 576 4247 624 4303; x_wconf 93' lang='lat' dir='ltr'><strong><em>lib.</em></strong></span> <span class='ocrx_word' id='word_1_662' title='bbox 653 4254 678 4306; x_wconf 83' lang='grc'><strong><em>3.</em></strong></span> <span class='ocrx_word' id='word_1_663' title='bbox 713 4255 809 4304; x_wconf 85' lang='lat' dir='ltr'><strong><em>contra</em></strong></span> <span class='ocrx_word' id='word_1_664' title='bbox 839 4250 967 4309; x_wconf 78' lang='lat' dir='ltr'><strong><em>haerenae</em></strong></span> <span class='ocrx_word' id='word_1_665' title='bbox 994 4249 1094 4316; x_wconf 75' lang='lat' dir='ltr'><strong><em>Anna,</em></strong></span> <span class='ocrx_word' id='word_1_666' title='bbox 1122 4263 1194 4316; x_wconf 68' lang='lat' dir='ltr'><strong><em>attat</em></strong></span> <span class='ocrx_word' id='word_1_667' title='bbox 1220 4263 1254 4299; x_wconf 71' lang='lat' dir='ltr'><strong><em>tt</em></strong></span> <span class='ocrx_word' id='word_1_668' title='bbox 1270 4247 1406 4301; x_wconf 75' lang='lat' dir='ltr'><strong><em>Joatlt&#39;m</em></strong></span> <span class='ocrx_word' id='word_1_669' title='bbox 1429 4249 1537 4302; x_wconf 75' lang='lat' dir='ltr'><strong><em>demta</em></strong></span> <span class='ocrx_word' id='word_1_670' title='bbox 1555 4255 1595 4302; x_wconf 73' lang='lat' dir='ltr'><strong><em>tet</em></strong></span> <span class='ocrx_word' id='word_1_671' title='bbox 1613 4246 1727 4312; x_wconf 65' lang='lat' dir='ltr'><strong><em>Anam,</em></strong></span> <span class='ocrx_word' id='word_1_672' title='bbox 1756 4264 1829 4317; x_wconf 73' lang='lat' dir='ltr'><strong><em>quae</em></strong></span> 
     </span>
     <span class='ocr_line' id='line_1_48' title="bbox 134 4333 1828 4408; baseline -0.003 -15"><span class='ocrx_word' id='word_1_673' title='bbox 134 4344 199 4393; x_wconf 86' lang='lat' dir='ltr'><strong><em>tam.</em></strong></span> <span class='ocrx_word' id='word_1_674' title='bbox 227 4340 252 4391; x_wconf 85' lang='grc'><strong><em>2.</em></strong></span> <span class='ocrx_word' id='word_1_675' title='bbox 280 4334 385 4390; x_wconf 86' lang='lat' dir='ltr'><strong><em>haeree.</em></strong></span> <span class='ocrx_word' id='word_1_676' title='bbox 411 4340 452 4390; x_wconf 78' lang='grc'><strong><em>79.</em></strong></span> <span class='ocrx_word' id='word_1_677' title='bbox 482 4339 580 4390; x_wconf 90' lang='lat' dir='ltr'><strong><em>contra</em></strong></span> <span class='ocrx_word' id='word_1_678' title='bbox 603 4334 808 4406; x_wconf 85' lang='lat' dir='ltr'><strong><em>Collyridinnoe</em></strong></span> <span class='ocrx_word' id='word_1_679' title='bbox 831 4337 890 4408; x_wconf 86' lang='lat' dir='ltr'><strong><em>(qui</em></strong></span> <span class='ocrx_word' id='word_1_680' title='bbox 909 4339 968 4393; x_wconf 66' lang='lat' dir='ltr'><strong><em>Mn</em></strong></span> <span class='ocrx_word' id='word_1_681' title='bbox 991 4350 1045 4404; x_wconf 88' lang='lat' dir='ltr'><strong><em>per</em></strong></span> <span class='ocrx_word' id='word_1_682' title='bbox 1061 4350 1160 4403; x_wconf 87' lang='lat' dir='ltr'><strong><em>precee</em></strong></span> <span class='ocrx_word' id='word_1_683' title='bbox 1180 4350 1286 4387; x_wconf 91' lang='lat' dir='ltr'><strong><em>amnem</em></strong></span> <span class='ocrx_word' id='word_1_684' title='bbox 1304 4333 1482 4401; x_wconf 81' lang='lat' dir='ltr'><strong><em>deliqentiam</em></strong></span> <span class='ocrx_word' id='word_1_685' title='bbox 1498 4335 1651 4387; x_wconf 83' lang='lat' dir='ltr'><strong><em>recundmn</em></strong></span> <span class='ocrx_word' id='word_1_686' title='bbox 1660 4334 1828 4407; x_wconf 75' lang='lat' dir='ltr'><strong><em>promieaio;</em></strong></span> 
     </span>
     <span class='ocr_line' id='line_1_49' title="bbox 134 4416 1826 4492; baseline -0.001 -17"><span class='ocrx_word' id='word_1_687' title='bbox 134 4423 204 4479; x_wconf 83' lang='lat' dir='ltr'><strong><em>riam</em></strong></span> <span class='ocrx_word' id='word_1_688' title='bbox 229 4416 362 4475; x_wconf 70' lang='lat' dir='ltr'><strong><em>teatinae</em></strong></span> <span class='ocrx_word' id='word_1_689' title='bbox 385 4420 528 4475; x_wconf 87' lang='lat' dir='ltr'><strong><em>adorando</em></strong></span> <span class='ocrx_word' id='word_1_690' title='bbox 551 4419 700 4492; x_wconf 77' lang='lat' dir='ltr'><strong><em>collyridae</em></strong></span> <span class='ocrx_word' id='word_1_691' title='bbox 726 4438 777 4477; x_wconf 87' lang='lat' dir='ltr'><strong><em>een</em></strong></span> <span class='ocrx_word' id='word_1_692' title='bbox 796 4422 968 4492; x_wconf 77' lang='lat' dir='ltr'><strong><em>placentulas</em></strong></span> <span class='ocrx_word' id='word_1_693' title='bbox 994 4437 1056 4474; x_wconf 88' lang='lat' dir='ltr'><strong><em>nem</em></strong></span> <span class='ocrx_word' id='word_1_694' title='bbox 1071 4420 1153 4490; x_wconf 88' lang='lat' dir='ltr'><strong><em>patri</em></strong></span> <span class='ocrx_word' id='word_1_695' title='bbox 1170 4438 1205 4473; x_wconf 92' lang='lat' dir='ltr'><strong><em>ac</em></strong></span> <span class='ocrx_word' id='word_1_696' title='bbox 1223 4420 1311 4474; x_wconf 88' lang='lat' dir='ltr'><strong><em>matri</em></strong></span> <span class='ocrx_word' id='word_1_697' title='bbox 1329 4422 1399 4475; x_wconf 88' lang='lat' dir='ltr'><strong><em>data</em></strong></span> <span class='ocrx_word' id='word_1_698' title='bbox 1416 4428 1469 4486; x_wconf 88' lang='lat' dir='ltr'><strong><em>eet,</em></strong></span> <span class='ocrx_word' id='word_1_699' title='bbox 1493 4438 1549 4475; x_wconf 89' lang='lat' dir='ltr'><strong><em>non</em></strong></span> <span class='ocrx_word' id='word_1_700' title='bbox 1568 4428 1661 4474; x_wconf 87' lang='lat' dir='ltr'><strong><em>tamen</em></strong></span> <span class='ocrx_word' id='word_1_701' title='bbox 1678 4420 1764 4474; x_wconf 87' lang='lat' dir='ltr'><strong><em>aliter</em></strong></span> <span class='ocrx_word' id='word_1_702' title='bbox 1781 4437 1826 4489; x_wconf 78' lang='lat' dir='ltr'><strong><em>qe</em></strong></span> 
     </span>
     <span class='ocr_line' id='line_1_50' title="bbox 135 4505 1827 4578; baseline -0.003 -13"><span class='ocrx_word' id='word_1_703' title='bbox 135 4507 285 4576; x_wconf 76' lang='lat' dir='ltr'><strong><em>offerendo,</em></strong></span> <span class='ocrx_word' id='word_1_704' title='bbox 299 4506 448 4578; x_wconf 79' lang='lat' dir='ltr'><strong><em>imaginem</em></strong></span> <span class='ocrx_word' id='word_1_705' title='bbox 462 4507 522 4576; x_wconf 80' lang='lat' dir='ltr'><strong><em>ejus</em></strong></span> <span class='ocrx_word' id='word_1_706' title='bbox 533 4505 754 4562; x_wconf 85' lang='lat' dir='ltr'><strong><em>circumferendo</em></strong></span> <span class='ocrx_word' id='word_1_707' title='bbox 766 4515 794 4563; x_wconf 89' lang='lat' dir='ltr'><strong><em>et</em></strong></span> <span class='ocrx_word' id='word_1_708' title='bbox 805 4507 968 4565; x_wconf 91' lang='lat' dir='ltr'><strong><em>honorando</em></strong></span> <span class='ocrx_word' id='word_1_709' title='bbox 994 4507 1056 4562; x_wconf 89' lang='lat' dir='ltr'><strong><em>nita</em></strong></span> <span class='ocrx_word' id='word_1_710' title='bbox 1073 4515 1114 4560; x_wconf 86' lang='lat' dir='ltr'><strong><em>eet</em></strong></span> <span class='ocrx_word' id='word_1_711' title='bbox 1127 4513 1244 4578; x_wconf 88' lang='lat' dir='ltr'><strong><em>praeter</em></strong></span> <span class='ocrx_word' id='word_1_712' title='bbox 1262 4507 1403 4561; x_wconf 84' lang='lat' dir='ltr'><strong><em>lominum</em></strong></span> <span class='ocrx_word' id='word_1_713' title='bbox 1414 4515 1555 4572; x_wconf 86' lang='lat' dir='ltr'><strong><em>naturam,</em></strong></span> <span class='ocrx_word' id='word_1_714' title='bbox 1573 4508 1626 4560; x_wconf 89' lang='lat' dir='ltr'><strong><em>eed</em></strong></span> <span class='ocrx_word' id='word_1_715' title='bbox 1638 4506 1721 4560; x_wconf 84' lang='lat' dir='ltr'><strong><em>aienti</em></strong></span> <span class='ocrx_word' id='word_1_716' title='bbox 1735 4524 1827 4562; x_wconf 84' lang='lat' dir='ltr'><strong><em>amnee</em></strong></span> 
     </span>
     <span class='ocr_line' id='line_1_51' title="bbox 135 4592 1828 4664; baseline 0 -13"><span class='ocrx_word' id='word_1_717' title='bbox 135 4593 275 4660; x_wconf 82' lang='lat' dir='ltr'><strong><em>colebant)</em></strong></span> <span class='ocrx_word' id='word_1_718' title='bbox 316 4610 381 4664; x_wconf 80' lang='lat' dir='ltr'><strong><em>pag.</em></strong></span> <span class='ocrx_word' id='word_1_719' title='bbox 411 4599 469 4649; x_wconf 80' lang='grc'><strong>447.</strong></span> <span class='ocrx_word' id='word_1_720' title='bbox 499 4593 565 4650; x_wconf 88' lang='lat' dir='ltr'><strong><em>edit.</em></strong></span> <span class='ocrx_word' id='word_1_721' title='bbox 591 4592 690 4650; x_wconf 80' lang='lat' dir='ltr'><strong><em>Graec.</em></strong></span> <span class='ocrx_word' id='word_1_722' title='bbox 716 4592 801 4648; x_wconf 88' lang='lat' dir='ltr'><strong><em>Baeil.</em></strong></span> <span class='ocrx_word' id='word_1_723' title='bbox 828 4594 881 4650; x_wconf 92' lang='lat' dir='ltr'><strong><em>col.</em></strong></span> <span class='ocrx_word' id='word_1_724' title='bbox 910 4602 969 4653; x_wconf 79' lang='lat'><strong><em>882.</em></strong></span> <span class='ocrx_word' id='word_1_725' title='bbox 996 4611 1028 4649; x_wconf 81' lang='lat' dir='ltr'><strong><em>er</em></strong></span> <span class='ocrx_word' id='word_1_726' title='bbox 1053 4594 1156 4648; x_wconf 79' lang='lat' dir='ltr'><strong><em>nemine</em></strong></span> <span class='ocrx_word' id='word_1_727' title='bbox 1180 4593 1238 4647; x_wconf 86' lang='lat' dir='ltr'><strong><em>oiri</em></strong></span> <span class='ocrx_word' id='word_1_728' title='bbox 1260 4601 1287 4647; x_wconf 86' lang='lat' dir='ltr'><strong><em>et</em></strong></span> <span class='ocrx_word' id='word_1_729' title='bbox 1310 4602 1391 4648; x_wconf 90' lang='lat' dir='ltr'><strong><em>utero</em></strong></span> <span class='ocrx_word' id='word_1_730' title='bbox 1417 4594 1543 4647; x_wconf 85' lang='lat' dir='ltr'><strong><em>mulierie</em></strong></span> <span class='ocrx_word' id='word_1_731' title='bbox 1561 4600 1614 4650; x_wconf 87' lang='lat' dir='ltr'><strong><em>ete.</em></strong></span> <span class='ocrx_word' id='word_1_732' title='bbox 1661 4592 1699 4647; x_wconf 87' lang='lat' dir='ltr'><strong><em>Et</em></strong></span> <span class='ocrx_word' id='word_1_733' title='bbox 1717 4600 1828 4664; x_wconf 86' lang='lat' dir='ltr'><strong><em>poetea:</em></strong></span> 
     </span>
     <span class='ocr_line' id='line_1_52' title="bbox 135 4678 1828 4751; baseline 0 -17"><span class='ocrx_word' id='word_1_734' title='bbox 135 4681 203 4739; x_wconf 84' lang='lat' dir='ltr'><strong><em>edit.</em></strong></span> <span class='ocrx_word' id='word_1_735' title='bbox 221 4679 309 4737; x_wconf 83' lang='lat' dir='ltr'><strong><em>Parin.</em></strong></span> <span class='ocrx_word' id='word_1_736' title='bbox 327 4679 402 4734; x_wconf 86' lang='lat' dir='ltr'><strong><em>Lat:</em></strong></span> <span class='ocrx_word' id='word_1_737' title='bbox 434 4678 581 4741; x_wconf 78' lang='lat' dir='ltr'><strong><em>Quaedam</em></strong></span> <span class='ocrx_word' id='word_1_738' title='bbox 599 4680 730 4735; x_wconf 88' lang='lat' dir='ltr'><strong><em>mulieree</em></strong></span> <span class='ocrx_word' id='word_1_739' title='bbox 755 4698 867 4735; x_wconf 85' lang='lat' dir='ltr'><strong><em>currum</em></strong></span> <span class='ocrx_word' id='word_1_740' title='bbox 886 4699 969 4751; x_wconf 88' lang='lat' dir='ltr'><strong><em>quen-</em></strong></span> <span class='ocrx_word' id='word_1_741' title='bbox 998 4683 1043 4735; x_wconf 92' lang='lat' dir='ltr'><strong><em>De</em></strong></span> <span class='ocrx_word' id='word_1_742' title='bbox 1066 4680 1153 4735; x_wconf 89' lang='lat' dir='ltr'><strong><em>ooelie</em></strong></span> <span class='ocrx_word' id='word_1_743' title='bbox 1171 4680 1316 4733; x_wconf 84' lang='lat' dir='ltr'><strong><em>deeeendit</em></strong></span> <span class='ocrx_word' id='word_1_744' title='bbox 1336 4689 1363 4734; x_wconf 87' lang='lat' dir='ltr'><strong><em>et</em></strong></span> <span class='ocrx_word' id='word_1_745' title='bbox 1380 4699 1493 4735; x_wconf 84' lang='lat' dir='ltr'><strong><em>carnem</em></strong></span> <span class='ocrx_word' id='word_1_746' title='bbox 1508 4682 1602 4735; x_wconf 90' lang='lat' dir='ltr'><strong><em>induit</em></strong></span> <span class='ocrx_word' id='word_1_747' title='bbox 1620 4683 1701 4735; x_wconf 85' lang='lat' dir='ltr'><strong><em>Deua</em></strong></span> <span class='ocrx_word' id='word_1_748' title='bbox 1717 4683 1828 4735; x_wconf 81' lang='lat' dir='ltr'><strong><em>verbum</em></strong></span> 
     </span>
     <span class='ocr_line' id='line_1_53' title="bbox 136 4765 1829 4838; baseline -0.001 -14"><span class='ocrx_word' id='word_1_749' title='bbox 136 4769 205 4824; x_wconf 76' lang='lat' dir='ltr'><strong><em>elam</em></strong></span> <span class='ocrx_word' id='word_1_750' title='bbox 224 4768 282 4822; x_wconf 86' lang='lat' dir='ltr'><strong><em>eine</em></strong></span> <span class='ocrx_word' id='word_1_751' title='bbox 299 4765 399 4820; x_wconf 78' lang='lat' dir='ltr'><strong><em>tellam</em></strong></span> <span class='ocrx_word' id='word_1_752' title='bbox 418 4767 590 4833; x_wconf 85' lang='lat' dir='ltr'><strong><em>quadratam</em></strong></span> <span class='ocrx_word' id='word_1_753' title='bbox 608 4774 740 4821; x_wconf 84' lang='lat' dir='ltr'><strong><em>arnantee</em></strong></span> <span class='ocrx_word' id='word_1_754' title='bbox 756 4783 970 4838; x_wconf 76' lang='lat' dir='ltr'><strong><em>erpaaeoeuper</em></strong></span> <span class='ocrx_word' id='word_1_755' title='bbox 996 4785 1029 4822; x_wconf 82' lang='lat' dir='ltr'><strong><em>ea</em></strong></span> <span class='ocrx_word' id='word_1_756' title='bbox 1054 4774 1154 4821; x_wconf 75' lang='lat' dir='ltr'><strong><em>taneta</em></strong></span> <span class='ocrx_word' id='word_1_757' title='bbox 1179 4767 1302 4835; x_wconf 83' lang='lat' dir='ltr'><strong><em>oirqine,</em></strong></span> <span class='ocrx_word' id='word_1_758' title='bbox 1328 4786 1385 4820; x_wconf 87' lang='lat' dir='ltr'><strong><em>non</em></strong></span> <span class='ocrx_word' id='word_1_759' title='bbox 1408 4776 1502 4821; x_wconf 89' lang='lat' dir='ltr'><strong><em>tamen</em></strong></span> <span class='ocrx_word' id='word_1_760' title='bbox 1529 4777 1559 4821; x_wconf 88' lang='lat' dir='ltr'><strong><em>ut</em></strong></span> <span class='ocrx_word' id='word_1_761' title='bbox 1583 4770 1718 4822; x_wconf 75' lang='lat' dir='ltr'><strong><em>adoretur¹</em></strong></span> <span class='ocrx_word' id='word_1_762' title='bbox 1739 4768 1829 4838; x_wconf 84' lang='lat' dir='ltr'><strong><em>uirqa,</em></strong></span> 
     </span>
     <span class='ocr_line' id='line_1_54' title="bbox 138 4851 1828 4924; baseline -0.002 -14"><span class='ocrx_word' id='word_1_763' title='bbox 138 4871 200 4910; x_wconf 75' lang='lat' dir='ltr'><strong><em>mm</em></strong></span> <span class='ocrx_word' id='word_1_764' title='bbox 220 4853 317 4921; x_wconf 86' lang='lat' dir='ltr'><strong><em>linteo,</em></strong></span> <span class='ocrx_word' id='word_1_765' title='bbox 333 4852 364 4905; x_wconf 91' lang='lat' dir='ltr'><strong><em>in</em></strong></span> <span class='ocrx_word' id='word_1_766' title='bbox 382 4851 429 4905; x_wconf 88' lang='lat' dir='ltr'><strong><em>die</em></strong></span> <span class='ocrx_word' id='word_1_767' title='bbox 444 4852 569 4920; x_wconf 70' lang='lat' dir='ltr'><strong><em>quadam</em></strong></span> <span class='ocrx_word' id='word_1_768' title='bbox 584 4852 693 4906; x_wconf 71' lang='lat' dir='ltr'><strong><em>illustri</em></strong></span> <span class='ocrx_word' id='word_1_769' title='bbox 709 4854 780 4906; x_wconf 89' lang='lat' dir='ltr'><strong><em>anni</em></strong></span> <span class='ocrx_word' id='word_1_770' title='bbox 791 4870 846 4923; x_wconf 87' lang='lat' dir='ltr'><strong><em>per</em></strong></span> <span class='ocrx_word' id='word_1_771' title='bbox 862 4855 971 4924; x_wconf 89' lang='lat' dir='ltr'><strong><em>aliquot</em></strong></span> <span class='ocrx_word' id='word_1_772' title='bbox 996 4870 1084 4924; x_wconf 88' lang='lat' dir='ltr'><strong><em>neque</em></strong></span> <span class='ocrx_word' id='word_1_773' title='bbox 1108 4859 1139 4906; x_wconf 92' lang='lat' dir='ltr'><strong><em>ut</em></strong></span> <span class='ocrx_word' id='word_1_774' title='bbox 1162 4854 1256 4905; x_wconf 91' lang='lat' dir='ltr'><strong><em>Deum</em></strong></span> <span class='ocrx_word' id='word_1_775' title='bbox 1278 4853 1351 4906; x_wconf 88' lang='lat' dir='ltr'><strong><em>bane</em></strong></span> <span class='ocrx_word' id='word_1_776' title='bbox 1377 4853 1512 4923; x_wconf 78' lang='lat' dir='ltr'><strong><em>efficeret,</em></strong></span> <span class='ocrx_word' id='word_1_777' title='bbox 1540 4872 1596 4909; x_wconf 90' lang='lat' dir='ltr'><strong><em>non</em></strong></span> <span class='ocrx_word' id='word_1_778' title='bbox 1618 4861 1649 4908; x_wconf 89' lang='lat' dir='ltr'><strong><em>ut</em></strong></span> <span class='ocrx_word' id='word_1_779' title='bbox 1674 4853 1704 4906; x_wconf 89' lang='lat' dir='ltr'><strong><em>in</em></strong></span> <span class='ocrx_word' id='word_1_780' title='bbox 1729 4871 1828 4907; x_wconf 90' lang='lat' dir='ltr'><strong><em>namen</em></strong></span> 
     </span>
     <span class='ocr_line' id='line_1_55' title="bbox 139 4938 1828 5010; baseline 0 -16"><span class='ocrx_word' id='word_1_781' title='bbox 139 4943 201 4997; x_wconf 81' lang='lat' dir='ltr'><strong><em>dier</em></strong></span> <span class='ocrx_word' id='word_1_782' title='bbox 212 4955 317 5010; x_wconf 85' lang='lat' dir='ltr'><strong><em>panem</em></strong></span> <span class='ocrx_word' id='word_1_783' title='bbox 336 4944 499 5008; x_wconf 86' lang='lat' dir='ltr'><strong><em>proponunt</em></strong></span> <span class='ocrx_word' id='word_1_784' title='bbox 516 4946 543 4991; x_wconf 90' lang='lat' dir='ltr'><strong><em>et</em></strong></span> <span class='ocrx_word' id='word_1_785' title='bbox 561 4939 682 5008; x_wconf 82' lang='lat' dir='ltr'><strong><em>afferunt</em></strong></span> <span class='ocrx_word' id='word_1_786' title='bbox 695 4938 725 4992; x_wconf 90' lang='lat' dir='ltr'><strong><em>in</em></strong></span> <span class='ocrx_word' id='word_1_787' title='bbox 737 4956 835 4993; x_wconf 91' lang='lat' dir='ltr'><strong><em>nomen</em></strong></span> <span class='ocrx_word' id='word_1_788' title='bbox 845 4941 971 5010; x_wconf 87' lang='lat' dir='ltr'><strong><em>Mariae,</em></strong></span> <span class='ocrx_word' id='word_1_789' title='bbox 997 4941 1086 5010; x_wconf 83' lang='lat' dir='ltr'><strong><em>ipeiue</em></strong></span> <span class='ocrx_word' id='word_1_790' title='bbox 1109 4941 1274 5009; x_wconf 83' lang='lat' dir='ltr'><strong><em>offeramur,</em></strong></span> <span class='ocrx_word' id='word_1_791' title='bbox 1301 4957 1357 4993; x_wconf 87' lang='lat' dir='ltr'><strong><em>non</em></strong></span> <span class='ocrx_word' id='word_1_792' title='bbox 1381 4947 1411 4991; x_wconf 91' lang='lat' dir='ltr'><strong><em>ut</em></strong></span> <span class='ocrx_word' id='word_1_793' title='bbox 1427 4948 1494 5009; x_wconf 83' lang='lat' dir='ltr'><strong><em>poet</em></strong></span> <span class='ocrx_word' id='word_1_794' title='bbox 1517 4947 1557 4993; x_wconf 90' lang='lat' dir='ltr'><strong><em>tat</em></strong></span> <span class='ocrx_word' id='word_1_795' title='bbox 1579 4941 1674 4995; x_wconf 88' lang='lat' dir='ltr'><strong><em>eeonla</em></strong></span> <span class='ocrx_word' id='word_1_796' title='bbox 1697 4940 1828 4994; x_wconf 88' lang='lat' dir='ltr'><strong><em>mulieree</em></strong></span> 
     </span>
     <span class='ocr_line' id='line_1_56' title="bbox 139 5023 1829 5099; baseline -0.002 -16"><span class='ocrx_word' id='word_1_797' title='bbox 139 5043 233 5083; x_wconf 72' lang='lat' dir='ltr'><strong><em>omnm</em></strong></span> <span class='ocrx_word' id='word_1_798' title='bbox 258 5033 352 5080; x_wconf 79' lang='lat' dir='ltr'><strong><em>aretem</em></strong></span> <span class='ocrx_word' id='word_1_799' title='bbox 373 5041 452 5095; x_wconf 90' lang='lat' dir='ltr'><strong><em>pane</em></strong></span> <span class='ocrx_word' id='word_1_800' title='bbox 470 5024 650 5093; x_wconf 85' lang='lat' dir='ltr'><strong><em>participant</em></strong></span> <span class='ocrx_word' id='word_1_801' title='bbox 668 5031 719 5081; x_wconf 86' lang='lat' dir='ltr'><strong><em>etc.</em></strong></span> <span class='ocrx_word' id='word_1_802' title='bbox 744 5023 799 5079; x_wconf 84' lang='lat' dir='ltr'><strong><em>illie</em></strong></span> <span class='ocrx_word' id='word_1_803' title='bbox 818 5025 902 5081; x_wconf 84' lang='lat' dir='ltr'><strong><em>talem</em></strong></span> <span class='ocrx_word' id='word_1_804' title='bbox 922 5044 970 5099; x_wconf 91' lang='lat' dir='ltr'><strong><em>op·</em></strong></span> <span class='ocrx_word' id='word_1_805' title='bbox 996 5027 1155 5080; x_wconf 70' lang='lat' dir='ltr'><strong><em>ememtes</em></strong></span> <span class='ocrx_word' id='word_1_806' title='bbox 1175 5042 1209 5079; x_wconf 89' lang='lat' dir='ltr'><strong><em>ac</em></strong></span> <span class='ocrx_word' id='word_1_807' title='bbox 1224 5025 1401 5094; x_wconf 69' lang='lat' dir='ltr'><strong><em>aacmfieulae</em></strong></span> <span class='ocrx_word' id='word_1_808' title='bbox 1414 5026 1545 5095; x_wconf 83' lang='lat' dir='ltr'><strong><em>efficeret.</em></strong></span> <span class='ocrx_word' id='word_1_809' title='bbox 1581 5027 1646 5079; x_wconf 90' lang='lat' dir='ltr'><strong><em>Nan</em></strong></span> <span class='ocrx_word' id='word_1_810' title='bbox 1659 5026 1829 5094; x_wconf 87' lang='lat' dir='ltr'><strong><em>camplacuit</em></strong></span> 
     </span>
     <span class='ocr_line' id='line_1_57' title="bbox 138 5111 1828 5187; baseline -0.002 -17"><span class='ocrx_word' id='word_1_811' title='bbox 138 5115 218 5187; x_wconf 89' lang='lat' dir='ltr'><strong><em>ponit</em></strong></span> <span class='ocrx_word' id='word_1_812' title='bbox 234 5112 407 5185; x_wconf 84' lang='lat' dir='ltr'><strong><em>Epiphaniae</em></strong></span> <span class='ocrx_word' id='word_1_813' title='bbox 425 5111 632 5166; x_wconf 83' lang='lat' dir='ltr'><strong><em>refutationem:</em></strong></span> <span class='ocrx_word' id='word_1_814' title='bbox 658 5112 735 5166; x_wconf 88' lang='lat' dir='ltr'><strong><em>Unde</em></strong></span> <span class='ocrx_word' id='word_1_815' title='bbox 754 5128 811 5164; x_wconf 91' lang='lat' dir='ltr'><strong><em>non</em></strong></span> <span class='ocrx_word' id='word_1_816' title='bbox 828 5120 869 5165; x_wconf 83' lang='lat' dir='ltr'><strong><em>eet</em></strong></span> <span class='ocrx_word' id='word_1_817' title='bbox 886 5114 969 5167; x_wconf 87' lang='lat' dir='ltr'><strong><em>eimu-</em></strong></span> <span class='ocrx_word' id='word_1_818' title='bbox 996 5114 1048 5168; x_wconf 86' lang='lat' dir='ltr'><strong><em>bac</em></strong></span> <span class='ocrx_word' id='word_1_819' title='bbox 1070 5113 1133 5166; x_wconf 91' lang='lat' dir='ltr'><strong><em>Deo</em></strong></span> <span class='ocrx_word' id='word_1_820' title='bbox 1152 5112 1182 5165; x_wconf 91' lang='lat' dir='ltr'><strong><em>in</em></strong></span> <span class='ocrx_word' id='word_1_821' title='bbox 1202 5111 1316 5166; x_wconf 75' lang='lat' dir='ltr'><strong><em>Salam</em></strong></span> <span class='ocrx_word' id='word_1_822' title='bbox 1332 5112 1403 5175; x_wconf 71' lang='lat' dir='ltr'><strong><em>ieri,</em></strong></span> <span class='ocrx_word' id='word_1_823' title='bbox 1424 5128 1480 5164; x_wconf 89' lang='lat' dir='ltr'><strong><em>non</em></strong></span> <span class='ocrx_word' id='word_1_824' title='bbox 1497 5111 1527 5165; x_wconf 91' lang='lat' dir='ltr'><strong><em>in</em></strong></span> <span class='ocrx_word' id='word_1_825' title='bbox 1545 5111 1666 5175; x_wconf 88' lang='lat' dir='ltr'><strong><em>Maria;</em></strong></span> <span class='ocrx_word' id='word_1_826' title='bbox 1688 5129 1745 5165; x_wconf 88' lang='lat' dir='ltr'><strong><em>non</em></strong></span> <span class='ocrx_word' id='word_1_827' title='bbox 1759 5129 1828 5181; x_wconf 89' lang='lat' dir='ltr'><strong><em>per·</em></strong></span> 
     </span>
     <span class='ocr_line' id='line_1_58' title="bbox 135 5197 1828 5268; baseline -0.003 -10"><span class='ocrx_word' id='word_1_828' title='bbox 135 5202 297 5268; x_wconf 74' lang='lat' dir='ltr'><strong><em>laeritieum</em></strong></span> <span class='ocrx_word' id='word_1_829' title='bbox 316 5201 368 5254; x_wconf 86' lang='lat' dir='ltr'><strong><em>boe</em></strong></span> <span class='ocrx_word' id='word_1_830' title='bbox 384 5200 507 5253; x_wconf 85' lang='lat' dir='ltr'><strong><em>etudium</em></strong></span> <span class='ocrx_word' id='word_1_831' title='bbox 527 5206 553 5252; x_wconf 89' lang='lat' dir='ltr'><strong><em>et</em></strong></span> <span class='ocrx_word' id='word_1_832' title='bbox 566 5198 723 5252; x_wconf 72' lang='lat' dir='ltr'><strong><em>diaboleeua</em></strong></span> <span class='ocrx_word' id='word_1_833' title='bbox 735 5199 872 5252; x_wconf 70' lang='lat' dir='ltr'><strong><em>canatur!</em></strong></span> <span class='ocrx_word' id='word_1_834' title='bbox 883 5216 970 5268; x_wconf 89' lang='lat' dir='ltr'><strong><em>prae·</em></strong></span> <span class='ocrx_word' id='word_1_835' title='bbox 996 5197 1072 5253; x_wconf 88' lang='lat' dir='ltr'><strong><em>mieit</em></strong></span> <span class='ocrx_word' id='word_1_836' title='bbox 1089 5199 1147 5268; x_wconf 71' lang='lat' dir='ltr'><strong><em>epti</em></strong></span> <span class='ocrx_word' id='word_1_837' title='bbox 1163 5200 1235 5251; x_wconf 87' lang='lat' dir='ltr'><strong><em>dare</em></strong></span> <span class='ocrx_word' id='word_1_838' title='bbox 1253 5198 1402 5267; x_wconf 75' lang='lat' dir='ltr'><strong><em>baptimo,</em></strong></span> <span class='ocrx_word' id='word_1_839' title='bbox 1417 5216 1475 5252; x_wconf 91' lang='lat' dir='ltr'><strong><em>non</em></strong></span> <span class='ocrx_word' id='word_1_840' title='bbox 1488 5197 1649 5252; x_wconf 87' lang='lat' dir='ltr'><strong><em>benedicere</em></strong></span> <span class='ocrx_word' id='word_1_841' title='bbox 1664 5198 1828 5268; x_wconf 78' lang='lat' dir='ltr'><strong><em>diecepuloe,</em></strong></span> 
     </span>
     <span class='ocr_line' id='line_1_59' title="bbox 138 5284 1826 5355; baseline -0.003 -10"><span class='ocrx_word' id='word_1_842' title='bbox 138 5297 214 5345; x_wconf 75' lang='lat' dir='ltr'><strong><em>tenu</em></strong></span> <span class='ocrx_word' id='word_1_843' title='bbox 237 5288 312 5342; x_wconf 87' lang='lat' dir='ltr'><strong><em>enim</em></strong></span> <span class='ocrx_word' id='word_1_844' title='bbox 329 5285 458 5354; x_wconf 75' lang='lat' dir='ltr'><strong><em>juetitiae</em></strong></span> <span class='ocrx_word' id='word_1_845' title='bbox 476 5302 587 5355; x_wconf 88' lang='lat' dir='ltr'><strong><em>eemper</em></strong></span> <span class='ocrx_word' id='word_1_846' title='bbox 602 5285 714 5339; x_wconf 85' lang='lat' dir='ltr'><strong><em>eubiene</em></strong></span> <span class='ocrx_word' id='word_1_847' title='bbox 734 5284 876 5338; x_wconf 85' lang='lat' dir='ltr'><strong><em>bominum</em></strong></span> <span class='ocrx_word' id='word_1_848' title='bbox 894 5302 970 5339; x_wconf 90' lang='lat' dir='ltr'><strong><em>men·</em></strong></span> <span class='ocrx_word' id='word_1_849' title='bbox 996 5304 1052 5341; x_wconf 91' lang='lat' dir='ltr'><strong><em>non</em></strong></span> <span class='ocrx_word' id='word_1_850' title='bbox 1070 5287 1210 5355; x_wconf 86' lang='lat' dir='ltr'><strong><em>imperare</em></strong></span> <span class='ocrx_word' id='word_1_851' title='bbox 1229 5285 1259 5338; x_wconf 92' lang='lat' dir='ltr'><strong><em>in</em></strong></span> <span class='ocrx_word' id='word_1_852' title='bbox 1276 5292 1355 5338; x_wconf 89' lang='lat' dir='ltr'><strong><em>terra</em></strong></span> <span class='ocrx_word' id='word_1_853' title='bbox 1362 5286 1458 5355; x_wconf 72' lang='lat' dir='ltr'><strong><em>jureii,</em></strong></span> <span class='ocrx_word' id='word_1_854' title='bbox 1478 5288 1530 5339; x_wconf 89' lang='lat' dir='ltr'><strong><em>eed</em></strong></span> <span class='ocrx_word' id='word_1_855' title='bbox 1549 5284 1639 5339; x_wconf 88' lang='lat' dir='ltr'><strong><em>eolum</em></strong></span> <span class='ocrx_word' id='word_1_856' title='bbox 1657 5285 1751 5355; x_wconf 80' lang='lat' dir='ltr'><strong><em>ipram</em></strong></span> <span class='ocrx_word' id='word_1_857' title='bbox 1762 5304 1826 5340; x_wconf 89' lang='lat' dir='ltr'><strong><em>ean-</em></strong></span> 
     </span>
     <span class='ocr_line' id='line_1_60' title="bbox 139 5370 1826 5442; baseline -0.004 -11"><span class='ocrx_word' id='word_1_858' title='bbox 139 5385 181 5433; x_wconf 84' lang='lat' dir='ltr'><strong><em>tce</em></strong></span> <span class='ocrx_word' id='word_1_859' title='bbox 198 5375 343 5438; x_wconf 86' lang='lat' dir='ltr'><strong><em>diabolua,</em></strong></span> <span class='ocrx_word' id='word_1_860' title='bbox 360 5374 510 5428; x_wconf 92' lang='lat' dir='ltr'><strong><em>mortalem</em></strong></span> <span class='ocrx_word' id='word_1_861' title='bbox 528 5380 661 5425; x_wconf 86' lang='lat' dir='ltr'><strong><em>naturam</em></strong></span> <span class='ocrx_word' id='word_1_862' title='bbox 677 5372 707 5424; x_wconf 90' lang='lat' dir='ltr'><strong><em>in</em></strong></span> <span class='ocrx_word' id='word_1_863' title='bbox 725 5370 865 5424; x_wconf 84' lang='lat' dir='ltr'><strong><em>bominum</em></strong></span> <span class='ocrx_word' id='word_1_864' title='bbox 883 5372 971 5427; x_wconf 75' lang='lat' dir='ltr'><strong><em>omelia</em></strong></span> <span class='ocrx_word' id='word_1_865' title='bbox 996 5373 1192 5442; x_wconf 82' lang='lat' dir='ltr'><strong><em>ctifieationem</em></strong></span> <span class='ocrx_word' id='word_1_866' title='bbox 1223 5387 1282 5425; x_wconf 90' lang='lat' dir='ltr'><strong><em>eeee</em></strong></span> <span class='ocrx_word' id='word_1_867' title='bbox 1311 5380 1338 5425; x_wconf 90' lang='lat' dir='ltr'><strong><em>et</em></strong></span> <span class='ocrx_word' id='word_1_868' title='bbox 1367 5372 1484 5441; x_wconf 87' lang='lat' dir='ltr'><strong><em>diqnam</em></strong></span> <span class='ocrx_word' id='word_1_869' title='bbox 1512 5373 1620 5433; x_wconf 81' lang='lat' dir='ltr'><strong><em>factam</em></strong></span> <span class='ocrx_word' id='word_1_870' title='bbox 1651 5388 1709 5425; x_wconf 88' lang='lat' dir='ltr'><strong><em>eeee</em></strong></span> <span class='ocrx_word' id='word_1_871' title='bbox 1739 5389 1826 5442; x_wconf 82' lang='lat' dir='ltr'><strong><em>reque</em></strong></span> 
     </span>
    </p>
   </div>
   <div class='ocr_carea' id='block_1_3' title="bbox 141 5415 1826 5532">
    <p class='ocr_par' dir='ltr' id='par_1_3' title="bbox 141 5415 1826 5532">
     <span class='ocr_line' id='line_1_61' title="bbox 141 5415 1826 5532; baseline -0.003 -12"><span class='ocrx_word' id='word_1_872' title='bbox 141 5463 278 5530; x_wconf 63' lang='lat' dir='ltr'><strong><em>Micam</em></strong></span> <span class='ocrx_word' id='word_1_873' title='bbox 303 5469 412 5517; x_wconf 87' lang='lat' dir='ltr'><strong><em>etatuae</em></strong></span> <span class='ocrx_word' id='word_1_874' title='bbox 430 5460 569 5515; x_wconf 77' lang='lat' dir='ltr'><strong><em>humanae</em></strong></span> <span class='ocrx_word' id='word_1_875' title='bbox 586 5459 722 5528; x_wconf 86' lang='lat' dir='ltr'><strong><em>imaqinee</em></strong></span> <span class='ocrx_word' id='word_1_876' title='bbox 737 5475 810 5527; x_wconf 88' lang='lat' dir='ltr'><strong><em>prae</em></strong></span> <span class='ocrx_word' id='word_1_877' title='bbox 828 5475 858 5512; x_wconf 93' lang='lat' dir='ltr'><strong><em>ee</em></strong></span> <span class='ocrx_word' id='word_1_878' title='bbox 876 5460 970 5525; x_wconf 76' lang='lat' dir='ltr'><strong><em>feren</em></strong></span> <span class='ocrx_word' id='word_1_879' title='bbox 980 5415 984 5520; x_wconf 79' lang='lat' dir='ltr'><strong><em>l</em></strong></span> <span class='ocrx_word' id='word_1_880' title='bbox 996 5462 1100 5532; x_wconf 86' lang='lat' dir='ltr'><strong><em>ipeiue,</em></strong></span> <span class='ocrx_word' id='word_1_881' title='bbox 1125 5463 1153 5514; x_wconf 87' lang='lat' dir='ltr'><strong><em>et</em></strong></span> <span class='ocrx_word' id='word_1_882' title='bbox 1170 5457 1267 5530; x_wconf 78' lang='lat' dir='ltr'><strong><em>paucis</em></strong></span> <span class='ocrx_word' id='word_1_883' title='bbox 1284 5456 1450 5529; x_wconf 72' lang='lat' dir='ltr'><strong><em>interjectis:</em></strong></span> <span class='ocrx_word' id='word_1_884' title='bbox 1476 5458 1521 5512; x_wconf 76' lang='lat' dir='ltr'><strong><em>Sit</em></strong></span> <span class='ocrx_word' id='word_1_885' title='bbox 1537 5459 1569 5513; x_wconf 85' lang='lat' dir='ltr'><strong><em>in</em></strong></span> <span class='ocrx_word' id='word_1_886' title='bbox 1585 5458 1689 5514; x_wconf 86' lang='lat' dir='ltr'><strong><em>bonore</em></strong></span> <span class='ocrx_word' id='word_1_887' title='bbox 1708 5459 1810 5515; x_wconf 86' lang='lat' dir='ltr'><strong><em>Maria</em></strong></span> <span class='ocrx_word' id='word_1_888' title='bbox 1814 5481 1826 5532; x_wconf 86' lang='lat'><strong><em>,-</em></strong></span> 
     </span>
    </p>
   </div>
   <div class='ocr_carea' id='block_1_4' title="bbox 0 0 2075 6004">
    <p class='ocr_par' dir='ltr' id='par_1_4' title="bbox 0 0 2075 6004">
     <span class='ocr_line' id='line_1_62' title="bbox 0 0 2075 6004; baseline 0 0"><span class='ocrx_word' id='word_1_889' title='bbox 0 0 2075 6004; x_wconf 95' lang='lat' dir='ltr'><strong><em> </em></strong></span> 
     </span>
    </p>
   </div>
  </div>
 </body>
</html>
