4104 6014
228 315 289 374 294
818 309 941 367 LOCUS
958 306 1166 366 wensinus
1185 308 1333 368 SEXTUS

284 464 324 517 'I'e
341 480 412 531 repo
434 464 520 532 Virpo
541 465 601 534 pio,
620 483 694 520 acac
712 481 756 520 me
774 466 897 531 defende
910 462 1019 519 Maria.
1094 478 1127 516 55
1147 464 1289 519 immeruit
1313 466 1476 521 meritorum
1498 482 1614 520 5555555
1639 465 1782 519 mercorio
1803 430 1932 518 51551555

229 583 274 637 Ex
293 600 349 637 uno
366 582 452 639 letere
464 583 497 639 B.
509 583 600 640 hieria
618 585 766 641 denudatis
783 584 916 641 uberibus
928 583 1068 640 Christum
1095 566 1174 620 ‘'W''
1190 552 1265 617 sm·
1278 637 1284 650 ,
1296 551 1418 652 Brissmff
1433 552 1463 606 ³¹²
1480 551 1593 652 ”mhi
1608 569 1670 651 ,αἶρ’
1688 548 1869 606 &mmm
1888 549 1932 605 ⁸i⁰

231 669 318 724 filium
339 669 379 724 ⁸ic
398 669 561 741 alloquitur:
1094 635 1254 708 loquentem
1277 637 1442 694 mtfoduelti
1471 640 1535 707 Effo
1551 639 1648 693 filim
1666 639 1725 692 DCC
1747 638 1816 737 bufli„
1834 639 1933 691 dim

1092 737 1222 792 portum,
1258 725 1336 793 qaod
1361 731 1450 779 mater
1474 741 1535 779 mea
1558 732 1585 778 et
1608 740 1659 793 epo
1681 741 1765 794 quaes
1787 740 1852 778 5555
1872 739 1932 776 555

232 842 234 846 2
285 791 367 844 ΗΜ
385 790 455 859 9²5⁰
471 790 581 860 Mittis
599 791 651 858 tilis
668 791 778 845 wifam
793 807 896 861 Pmffl'
913 791 969 855 5⁸²5»
1095 811 1183 863 corde
1201 809 1372 864 adnavimus
1394 810 1545 880 homimem,
1567 826 1619 880 epo
1637 810 1778 880 patiendo
1800 810 1887 863 corde
1904 815 1940 876 et

235 925 324 998 digito
340 931 497 982 monstrans
515 931 697 998 peccatorem.
735 926 776 982 Ex
794 926 881 984 altero
900 905 986 984 latere
1005 943 1068 983 con-
1095 912 1193 993 mi·
1224 897 1290 994 ’.ξω
1319 897 1416 951 ω”ἀίὸ
1442 897 1541 951 ᾱθῑθῗθ
1565 903 1593 951 ⁰²
1614 911 1718 953 “mm-
1746 893 1932 993 'VJQQ

234 1010 351 1084 spicitur
376 1011 501 1068 Christus
527 1012 643 1068 vnlnere
665 1012 743 1068 Patri
775 1012 886 1068 coelesti
913 1019 1070 1069 monetreus
1096 981 1216 1036 Brumm
1245 999 1275 1036 ¹¹¹
1299 982 1393 1038 Wsst’
1420 981 1555 1039 sewum
1584 981 1691 1037 Rem
1717 979 1843 1053 Vff8¹¹¹¹⁸
1864 979 1931 1080 ⁰⁶¹}

232 1097 276 1154 hi,
293 1097 400 1154 verbi„
860 1072 871 1094 ⁸
1096 1064 1191 1123 Colon.
1226 1083 1299 1123 enno
1329 1073 1405 1124 1599.
1433 1085 1498 1139 peg.
1530 1074 1578 1125 ll:
1609 1071 1677 1122 Com
1689 1069 1770 1122 Deos
1798 1069 1933 1131 dees-emt,

1096 1152 1175 1206 11115
1193 1170 1245 1208 orso
1267 1154 1411 1222 enipeoito
1425 1172 1484 1224 pro
1509 1154 1675 1209 redimendo
1692 1169 1792 1224 pectre
1810 1153 1933 1208 mmmm

274 1218 400 1274 ΝΜ
416 1235 499 1274 mm
508 1220 606 1289 Pausi
624 1223 664 1276 da
679 1220 757 1289 ‘1¹⁴⁰d
772 1220 880 1289 1011191
891 1236 954 1275 Μ
971 1229 1062 1276 ’119161
1063 1263 1071 1279 ·
1097 1241 1294 1293 assumendam
1312 1255 1371 1294 5555
1388 1257 1514 1309 carnem,
1539 1240 1626 1294 timui
1654 1239 1740 1294 511555
1765 1239 1890 1293 55555511
1907 1246 1933 1293 et

235 1341 268 1396 In
290 1339 403 1396 sublimi
422 1341 590 1396 constitutus
605 1339 690 1396 Peter
704 1338 832 1396 coelestis
850 1340 1012 1412 respondet:
1093 1325 1334 1396 Prafflfftam'ir
1353 1344 1426 1396 1991
1444 1328 1557 1381 ‘stimi
1575 1344 1633 1381 Μ
1652 1326 1716 1396 11118
1735 1334 1827 1380 mater
1844 1333 1873 1378 ⁶²
1889 1341 1932 1379 ¹*

493 1461 499 1474 .
681 1460 686 1475 .
732 1459 738 1474 .
761 1460 767 1474 .
1098 1412 1248 1465 demtiom't
1264 1415 1575 1483 cormaccooperotrtc.
1605 1413 1708 1470 Snnres
1719 1417 1821 1468 tomt.
1834 1428 1932 1467 comm.

288 1459 421 1534 Quam
436 1469 529 1532 mma
541 1461 622 1530 ‘im’
640 1462 694 1530 ψ’
714 1460 765 1515 ²⁸⁶⁸
785 1461 868 1515 'maa
887 1459 1003 1529 malm·
1097 1497 1126 1551 in
1143 1496 1241 1552 Thom.
1259 1498 1332 1569 disp.
1350 1504 1392 1555 22.
1408 1517 1434 1570 q.
1448 1506 1489 1555 31.
1507 1506 1575 1557 5551.
1587 1505 1618 1555 2:
1635 1500 1738 1554 Maria
1751 1500 1793 1552 ad
1807 1507 1933 1553 55515555

237 1589 262 1639 1.
279 1582 337 1649 Qui
353 1589 465 1638 5555155
477 1588 579 1640 vocent
591 1584 773 1653 coadjutores
786 1590 813 1636 ct
831 1591 1029 1656 cooperatorer
1041 1583 1071 1637 im
1096 1584 1296 1638 redemtionem
1312 1586 1457 1654 ciopnlari
1479 1588 1563 1641 modo
1580 1593 1733 1656 cooperata
1750 1593 1798 1642 cst.
1835 1584 1930 1640 Lorim

235 1686 320 1741 opere
351 1669 535 1723 redemtionis
564 1687 599 1724 cc
628 1669 730 1723 5515115
755 1676 884 1734 5551555,
910 1668 951 1724 1111
974 1686 1072 1726 revere
1097 1670 1126 1724 in
1152 1686 1250 1727 comm.
1281 1677 1303 1728 1.
1329 1671 1393 1728 Joh.
1418 1679 1443 1730 1.
1469 1690 1496 1744 p.
1521 1679 1569 1730 32:
1608 1674 1780 1746 impartito
1805 1671 1933 1728 01515555

234 1759 345 1810 5555155
363 1753 426 1810 ideo
443 1754 588 1824 invocant,
611 1760 644 1810 nt
662 1753 801 1810 Christum
821 1754 962 1825 edjuvent
998 1754 1072 1810 Pon·
1096 1756 1169 1810 15555
1188 1756 1322 1811 honorem
1339 1758 1506 1828 (patrocinii)
1525 1760 1623 1814 amicir
1640 1761 1707 1827 5515,
1727 1766 1758 1813 51
1775 1759 1868 1829 ipeirsr
1882 1760 1933 1812 ad

235 1840 314 1895 titicii
332 1845 444 1895 sanctos
461 1845 563 1896 vocent
581 1840 756 1911 coadjutores
780 1845 810 1896 et
829 1848 1023 1911 cooperatores
1040 1841 1070 1895 in
1091 1842 1217 1911 jmoreo,
1242 1844 1380 1907 ministri,
1408 1853 1608 1914 cooperatores
1632 1853 1659 1900 et
1681 1844 1851 1899 coadoocati
1868 1844 1933 1898 5151.

235 1943 319 1998 opere
340 1926 526 1999 ‚redemtionis
552 1942 586 1982 ec
610 1927 709 1982 5515115
737 1932 853 1984 necnee.
901 1928 935 1981 In
961 1926 1071 1983 Merioli
1097 1925 1212 1983 omrim
1228 1933 1248 1987 t.
1266 1934 1290 1985 4.
1308 1946 1384 1987 conc.
1401 1949 1427 2000 p.
1441 1936 1506 1987 530:
1527 1930 1654 1984 Ctrr'etor
1671 1931 1702 1984 ic
1722 1930 1853 1986 calceria
1870 1948 1933 1984 car-

233 2030 307 2070 5555
328 2018 403 2072 1493.
416 2012 590 2086 Argentinse
610 2013 685 2069 edito
703 2030 754 2084 per
764 2013 915 2069 Martinum
926 2012 1070 2070 Simmium
1097 2032 1167 2085 nem,
1185 2015 1288 2071 Maria
1304 2016 1469 2071 immolabat
1488 2017 1620 2075 animam.
1642 2015 1829 2072 Selmercnirm
1846 2023 1868 2074 t.
1893 2023 1933 2073 19.

232 2099 329 2156 15151.
355 2100 416 2159 libr.
439 2107 462 2158 1.
489 2117 550 2172 esp.
569 2107 593 2157 5.
623 2099 672 2156 fol.
696 2105 735 2157 13.
765 2098 792 2154 1).
814 2100 854 2154 515
877 2099 994 2171 legitur:
1020 2101 1073 2154 Ad
1097 2104 1176 2154 treet.
1198 2108 1245 2157 41:
1270 2103 1373 2157 Morio
1390 2105 1466 2157 515111
1483 2104 1533 2157 sub
1551 2119 1640 2171 entre,
1659 2109 1691 2157 nt
1711 2109 1783 2157 erret
1801 2104 1934 2174 adjuto-ir

232 2186 361 2242 nltimam
378 2187 436 2253 fnit
456 2187 598 2241 Dominae
616 2204 677 2241 cnm
697 2202 732 2240 ea
749 2185 861 2252 (115515)
881 2187 992 2255 etipsa
1009 2204 1072 2241 cnm
1096 2187 1275 2242 liberationis
1304 2196 1330 2242 et
1360 2191 1575 2257 corredemtrie,
1603 2191 1836 2259 quemadmodem
1869 2191 1934 2244 an

233 2273 359 2328 Domino
377 2272 408 2326 15
427 2274 524 2327 eodem
542 2273 641 2327 labore
658 2279 683 2326 et
700 2273 731 2326 s'n
749 2274 845 2326 codem
861 2289 946 2341 opere
964 2275 1072 2328 redem-
1097 2291 1155 2329 mo
1177 2292 1240 2328 cum
1264 2277 1378 2330 Artemo
1405 2277 1510 2331 5551515
1533 2277 1645 2331 incenit
1694 2276 1777 2332 Sotns
1808 2276 1837 2330 in
1860 2276 1934 2332 5551

233 2359 327 2417 tionis.
356 2363 454 2413 Mater
466 2357 682 2413 misericordiae
702 2359 816 2427 adjuvit
826 2359 944 2412 Patrem
963 2359 1072 2413 mireri—
1098 2359 1172 2417 ceth.
1203 2367 1314 2416 senctos
1346 2361 1375 2415 15
1406 2361 1484 2417 55515
1511 2361 1579 2417 dicit
1608 2379 1669 2417 esse
1697 2363 1881 2432 coadjutorer
1908 2370 1935 2416 et

233 2446 399 2500 cordicrnm
410 2445 441 2499 15
454 2461 539 2515 opere
553 2451 667 2499 cosmae
679 2445 791 2511 5515115,
803 2445 1072 2515 oadc'praedt'etum
1098 2455 1296 2517 cooperatores
1331 2449 1361 2501 im
1397 2465 1481 2519 opere
1514 2449 1617 2504 5515115
1647 2456 1770 2506 nostroe.
1823 2455 1848 2504 5.
1880 2448 1935 2516 Qui

233 2541 275 2587 est
306 2534 342 2588 dc
367 2532 467 2602 prima
493 2531 624 2595 muliere,
653 2530 811 2598 sociamur
829 2531 857 2586 ei
886 2532 1072 2601 adjutorium.
1098 2532 1203 2588 meritis
1220 2539 1378 2589 senotorum
1400 2548 1431 2590 se
1445 2533 1476 2589 in
1491 2533 1622 2606 precibus
1639 2534 1767 2605 adjuvari
1782 2533 1935 2595 confidunt.

236 2619 312 2684 uate
330 2625 372 2673 551
388 2635 470 2688 erpo,
488 2619 566 2688 quod
584 2617 726 2673 Domitor
746 2617 816 2672 dicit
834 2620 908 2674 Era.
927 2621 981 2673 63:
1003 2619 1073 2673 Tor·
1098 2619 1140 2674 illi
1177 2619 1277 2674 meritc
1313 2624 1473 2675 sanctornm
1509 2620 1608 2675 merito
1639 2618 1742 2676 Christi
1770 2619 1880 2676 addunt
1908 2629 1937 2676 et

234 2706 316 2761 calor
343 2705 455 2760 colocoi
476 2705 572 2775 55155,
600 2712 626 2760 51
657 2707 693 2759 de
724 2705 853 2776 pestibus
870 2723 927 2759 555
945 2706 1011 2772 seit
1027 2706 1073 2761 cir
1099 2710 1210 2761 5555155
1229 2705 1292 2772 ideo
1310 2706 1458 2776 invocent,
1475 2712 1506 2761 nt
1524 2706 1664 2762 Christum
1682 2706 1825 2776 adjuvent.
1863 2706 1936 2762 Pon·

234 2794 362 2848 merom!
414 2793 516 2847 Verum
539 2798 581 2846 ert
606 2792 743 2857 Domine,
772 2794 849 2861 quod
872 2809 929 2847 aon
950 2792 1011 2858 snit
1029 2793 1073 2847 cir
1098 2792 1176 2848 tificii
1194 2793 1224 2848 id
1238 2792 1354 2851 faciunt.
1384 2793 1466 2865 Ergo.
1496 2793 1609 2865 ldsjorie
1625 2793 1937 2865 fimitespetetexeo,

235 2887 347 2950 tecam,
359 2881 412 2934 red
428 2879 531 2934 5551155
548 2896 608 2934 555
627 2887 716 2934 tecum
734 2886 790 2945 cst,
808 2894 881 2948 onae
898 2879 994 2934 omnia
1012 2880 1073 2934 oul-
1099 2879 1166 2951 quie
1183 2878 1343 2950 nbirplnres
1357 2895 1457 2936 555555
1475 2880 1511 2934 rd
1529 2897 1615 2935 onom
1633 2879 1764 2936 effectum
1781 2879 1937 2951 producen-

234 2982 319 3035 5555,
349 2982 422 3037 ortae
440 2972 470 3019 tn
501 2966 649 3036 5555551511
674 2966 705 3019 io
735 2982 868 3034 corpore,
899 2966 1022 3036 accepit
1042 2966 1073 3019 io
1099 2966 1167 3021 dum
1186 2965 1342 3021 necessario
1360 2971 1544 3038 concurrent,
1568 2965 1614 3021 ibi·
1632 2983 1689 3021 555
1713 2966 1831 3023 alteram
1853 2965 1936 3037 odju-

235 3055 331 3108 corde.
360 3051 519 3108 Antoninus
544 3055 616 3123 pert
629 3057 653 3108 3.
674 3067 798 3108 summes
817 3052 860 3110 tit
878 3056 910 3108 3:
938 3053 1073 3107 decoram
1099 3058 1153 3108 vet
1200 3057 1224 3107 6.
1242 3051 1273 3108 si
1299 3057 1409 3108 sanctos
1426 3053 1489 3108 ideo
1512 3052 1642 3108 invocare
1658 3053 1804 3122 dehemus,
1827 3059 1860 3109 nt
1884 3069 1937 3108 nos

235 3156 377 3194 nccetrcm
393 3139 478 3193 habes
495 3140 537 3193 ad
558 3140 653 3193 Deom
671 3157 687 3193 α
708 3137 802 3205 homo,
828 3139 878 3193 abi
901 3146 992 3193 mater
1014 3147 1073 3194 5151
1100 3139 1247 3210 edjuvent,
1268 3156 1324 3210 quo
1342 3157 1392 3195 555
1413 3138 1524 3194 fecilior
1541 3155 1560 3194 5
1577 3138 1639 3194 Deo
1657 3139 1845 3212 impetremus,
1863 3156 1937 3213 quae

236 3233 300 3280 5515
320 3225 444 3290 dilium,
468 3224 563 3280 Filiae
588 3233 654 3278 onte
671 3225 797 3280 Patrem.
838 3227 936 3280 Mater
954 3227 1074 3282 attendit
1099 3225 1228 3297 petimur,
1247 3226 1346 3297 ntique
1370 3225 1480 3282 Christo
1497 3225 1642 3282 mediatori
1661 3231 1689 3282 51
1706 3226 1881 3283 intercessori
1904 3235 1937 3283 ut

237 3314 316 3368 litio
330 3321 430 3385 pectus
451 3320 478 3366 51
493 3312 589 3384 ubere,
608 3311 703 3366 Filias
714 3311 801 3366 Patri
811 3313 887 3366 latos
905 3319 930 3365 et
948 3312 1073 3369 5515555.
1100 3312 1241 3382 5511515555
1268 3306 1380 3368 eosdem
1410 3313 1615 3385 conjungimus.
1660 3312 1691 3371 si
1723 3313 1796 3370 enim
1821 3321 1936 3386 propter

233 3399 312 3455 Idem
331 3404 445 3470 perth
471 3398 514 3453 tit.
535 3403 575 3453 15.
599 3413 660 3468 cep.
679 3403 721 3454 41.
745 3395 774 3473 ξ.
801 3403 824 3454 9.
848 3397 965 3453 Marium
989 3399 1074 3454 iutro·
1099 3398 1189 3454 solum
1206 3397 1347 3453 Christum
1370 3415 1422 3454 nos
1445 3398 1570 3454 exaudiri
1593 3404 1704 3456 orentes
1722 3417 1778 3456 non
1794 3399 1836 3456 115
1851 3400 1936 3458 155115

236 3486 313 3541 ducit
349 3502 414 3540 oum
446 3483 593 3555 Seraphim
626 3485 667 3539 sie
700 3484 917 3555 colloquentem:
956 3486 1075 3555 Oportet
1099 3483 1293 3554 impetremus,
1318 3500 1391 3557 qnae
1407 3484 1541 3555 petimus,
1567 3501 1651 3557 quom
1669 3485 1692 3539 51
1709 3485 1936 3543 interemtionem

235 3571 351 3643 impleri
368 3571 550 3640 Seremus-am
568 3570 721 3625 dicentem:
745 3573 812 3625 Nou
836 3578 876 3625 551
896 3571 1005 3636 bonnm
1024 3571 1073 3626 ito·
1099 3576 1129 3628 et
1146 3571 1245 3626 meritc
1263 3576 1421 3627 sanctorum
1439 3571 1520 3628 nobis
1539 3570 1569 3626 in
1586 3571 1717 3642 precihus
1734 3588 1935 3643 comparemus,

235 3658 335 3713 minem
353 3673 412 3712 5555
429 3658 521 3712 oolam
538 3663 589 3713 stc
606 3660 754 3712 mederet
773 3658 861 3726 ipitar
881 3674 944 3713 cum
960 3658 1072 3726 (lilium
1099 3673 1166 3729 ergo
1189 3657 1279 3713 suncti
1307 3673 1405 3712 revers
1426 3657 1537 3714 Christo
1565 3657 1595 3713 iu
1620 3656 1802 3729 impcnmdia
1827 3677 1846 3714 5
1872 3660 1934 3716 Deo

235 3746 337 3813 mcum)
363 3759 422 3798 eree
449 3743 554 3812 solum,
584 3745 637 3799 red
667 3760 709 3797 me
734 3752 853 3799 matrem
872 3761 953 3799 mom
980 3761 1073 3799 recum
1099 3743 1240 3800 benefieiis
1272 3745 1489 3815 conjunguntur.
1542 3751 1566 3801 7.
1596 3743 1654 3800 Ubi
1684 3760 1751 3800 vero
1785 3751 1876 3802 emtot
1905 3747 1935 3802 in

232 3836 314 3894 15515
334 3845 397 3883 cam
416 3831 515 3884 datam
526 3829 583 3884 5151
598 3829 629 3883 15
648 3830 834 3899 adjutorium,
853 3831 884 3884 ia
901 3831 1074 3887 redemtione
1100 3828 1249 3901 scripturis
1275 3829 1434 3899 promissio,
1463 3830 1538 3902 quod
1564 3830 1644 3887 Dour
1671 3847 1723 3888 not
1753 3831 1837 3888 citius
1865 3833 1936 3889 velit

172 3948 177 3969 .
232 3934 287 3988 per
305 3917 538 3986 compartionem,
560 3917 591 3970 ia
606 3916 813 3985 clorificctioae
828 3935 885 3988 per
900 3918 1075 3973 interrectio-
1099 3915 1232 3972 exaudire
1249 3921 1278 3970 et
1297 3915 1372 3986 quod
1392 3915 1504 3972 15511155
1529 3933 1577 3987 en,
1595 3932 1668 3989 quoe
1680 3917 1816 3989 petimus,
1832 3918 1935 3974 deben-

237 4021 300 4059 ocm
313 4003 474 4058 coatirtaam
488 4019 545 4074 pro
563 4002 685 4058 humano
702 4019 811 4072 pestere,
828 4011 934 4058 utrum
950 4004 1075 4058 minatus
1099 4018 1160 4058 mus
1184 4001 1349 4074 impetrare,
1375 4002 1400 4057 51
1430 4019 1487 4057 nnc
1510 4019 1573 4057 cum
1596 4002 1699 4058 chricti
1726 4003 1824 4059 merito
1850 4005 1935 4060 etiem

230 4091 328 4160 fucrit
344 4090 502 4144 ruboerterc
519 4097 626 4144 ten-cm
645 4089 766 4153 5155115
782 4087 899 4158 dilacio,
916 4107 966 4158 epo
984 4107 1074 4159 appa·
1100 4094 1255 4143 sanctornm
1280 4087 1380 4142 merite
1405 4087 1441 4141 cd
1462 4087 1585 4144 tribunal
1609 4088 1664 4143 Dei
1689 4088 1852 4158 efferemus,
1884 4106 1936 4145 nec

236 4194 314 4231 ream
334 4183 468 4246 tanquam
485 4184 629 4239 5555551
646 4176 814 4230 recordatae
826 4176 960 4241 foederis
976 4192 1074 4245 repro·
1101 4172 1205 4228 Christi
1229 4180 1351 4241 tentum,
1379 4173 1430 4229 sed
1456 4172 1540 4229 etiam
1559 4179 1717 4230 sanctorum
1746 4174 1935 4232 intercessioni

232 4262 361 4332 pitictpr.
407 4261 442 4317 ln
470 4260 609 4317 exercitiis
648 4259 761 4316 Tnnleri
796 4277 880 4330 super
917 4261 1075 4331 pensionem
1100 4259 1291 4316 confidemus?
1326 4259 1409 4314 Certo
1425 4258 1511 4324 Deus,
1527 4275 1579 4329 per
1595 4259 1736 4316 Christum
1755 4261 1936 4318 mediatorem

92 4362 169 4405 555.
179 4363 225 4406 112
237 4347 349 4405 Domini
367 4346 449 4403 editis
473 4364 492 4401 5
507 4346 641 4403 Iacerent
666 4345 747 4401 Surio
772 4346 903 4418 Lugdun.
925 4364 991 4419 ρας.
1008 4352 1075 4404 ete:
1101 4347 1130 4402 in
1147 4363 1214 4403 vere
1230 4345 1402 4418 poenitentia
1426 4350 1456 4402 et
1474 4344 1531 4402 1115
1553 4363 1572 4402 5
1588 4346 1668 4402 nobis
1685 4347 1837 4418 invocatos,
1853 4364 1935 4420 prro·

237 4435 306 4489 Jam
324 4433 442 4489 5155115
455 4435 551 4489 cidere
570 4441 632 4490 erat
648 4433 757 4489 altario
767 4434 882 4489 55515511
895 4435 981 4489 Patri
987 4451 1076 4504 prce·
1100 4432 1224 4491 tissimus
1242 4441 1285 4489 est
1302 4432 1382 4487 nobis
1399 4432 1476 4500 dere,
1496 4432 1633 4504 quidquid
1648 4433 1769 4505 petimus
1781 4433 1881 4493 1151111.
1895 4441 1935 4503 18,

232 4528 351 4592 parata.
389 4521 476 4575 Unum
493 4521 524 4575 ία
538 4519 646 4575 Christi
661 4536 788 4590 corpore,
807 4521 928 4575 alterum
945 4521 976 4575 ia
988 4523 1074 4576 corde
1100 4537 1125 4576 s.
1148 4524 1187 4575 19.
1206 4517 1270 4574 Jch.
1292 4523 1331 4581 16,
1350 4534 1375 4573 v.
1394 4522 1434 4573 2³.
1456 4516 1562 4595 tdoh.
1576 4524 1602 4588 5,
1620 4536 1647 4574 v.
1666 4525 1706 4577 11.
1726 4527 1777 4576 etc.
1796 4535 1830 4575 ec
1847 4521 1937 4590 mejor

236 4607 356 4677 cirpms'e
373 4608 500 4666 Mance.
543 4606 672 4662 Ctrs'stss
696 4606 810 4677 quidem
831 4622 946 4664 carmem
965 4614 992 4662 et
1009 4625 1075 4662 ears·
1101 4609 1146 4661 est
1165 4603 1269 4659 Christi
1294 4619 1363 4675 erge
1390 4621 1441 4659 nos
1467 4603 1595 4673 dilectio,
1627 4622 1709 4677 quem
1739 4605 1824 4662 ullius
1848 4607 1937 4662 555511

236 4695 348 4765 onmem
375 4693 491 4762 obtulit,
513 4693 616 4748 Maria
644 4699 737 4747 andem
766 4694 889 4747 aninam
914 4711 1003 4749 mom.
1038 4693 1076 4747 Et
1100 4689 1163 4747 Joh.
1183 4696 1228 4756 15,
1252 4688 1493 4754 5151151151,
1516 4707 1543 4745 v.
1563 4695 1602 4746 15.
1625 4697 1679 4746 515.
1703 4692 1832 4747 meritum
1849 4692 1937 4764 ipsius

236 4779 322 4852 poulo
341 4785 420 4835 ente:
449 4778 523 4841 Qoio
547 4780 632 4835 dolor
654 4786 719 4834 1555
742 4778 853 4848 (Murio)
877 4780 935 4846 filii
951 4781 995 4834 151
1014 4797 1075 4834 cre·
1099 4782 1159 4832 tem
1176 4775 1329 4847 perfectum
1355 4781 1385 4831 et
1399 4775 1557 4831 absolutum
1576 4784 1635 4846 est,
1661 4784 1692 4833 ut
1711 4779 1809 4835 merite
1827 4784 1936 4836 seucto·

236 4866 356 4921 51511555
371 4865 568 4936 reepoodcbot,
585 4866 646 4932 fait
664 4881 700 4920 eo
715 4874 834 4936 propter
850 4874 879 4921 et
895 4884 964 4921 croc
983 4874 1032 4921 155
1049 4874 1076 4922 et
1099 4879 1161 4917 rum
1177 4861 1291 4918 minime
1311 4861 1457 4927 desideret,
1474 4862 1576 4934 quibus
1593 4863 1622 4918 in
1635 4864 1859 4921 reconciliatione
1871 4882 1936 4922 cum

237 4951 360 5021 afflictio
389 4960 440 5006 155
468 4951 759 5025 incompreheneibs'ts'e
795 4969 830 5006 ac
869 4953 1005 5007 immensa
1048 4960 1075 5008 51
1099 4949 1161 5005 Deo
1190 4953 1218 5004 et
1240 4964 1355 5019 precum
1383 4954 1538 5004 nostrerum
1560 4948 1736 5006 exauditione
1763 4951 1936 5022 adjuvemur.

237 5040 339 5094 mm'ta
357 5037 475 5108 infinito.
515 5038 610 5110 Porro
628 5040 857 5108 qnandoquidem
880 5039 922 5092 ito
942 5038 1075 5093 55551115-
1099 5036 1190 5093 Solius
1197 5034 1300 5092 Christi
1308 5035 1820 5106 memmetintercmeioncnoneutem
1829 5032 1936 5095 155515

237 5133 296 5180 tum
313 5132 375 5179 erat
392 5141 412 5177 α
430 5125 503 5189 Deo,
523 5133 555 5178 51
574 5123 736 5179 beatiorima
753 5125 833 5193 oirpo
856 5125 959 5179 Maria
978 5125 1075 5179 medic
1098 5121 1640 5195 commeritisnecpropricdignitrtevel
1648 5123 1828 5194 dispositione
1839 5142 1935 5197 preces

236 5218 308 5266 estet
325 5218 351 5264 et
371 5210 550 5266 concdiotrie
569 5211 630 5264 Dei
645 5217 672 5265 et
689 5210 810 5266 hominis
821 5210 991 5279 peccatorio,
1010 5224 1073 5265 eam
1098 5206 1422 5270 nostreenitidebentsi
1433 5208 1549 5265 velimus
1560 5213 1748 5269 eesmseDec
1757 5213 1936 5285 gretesetsb

238 5297 272 5351 ot
290 5312 351 5351 rem
369 5297 446 5351 idom
469 5297 529 5368 ipse
546 5313 609 5352 eam
628 5304 709 5351 15515
726 5295 818 5350 animi
843 5295 1073 5367 monteronem
1098 5296 1159 5367 ipso
1182 5294 1319 5353 ernudiri.
1355 5294 1456 5352 Nullus
1480 5301 1640 5353 cunctorum
1658 5307 1737 5356 15515
1755 5297 1835 5355 nobie
1854 5316 1935 5371 pree·

237 5399 364 5438 moerore
386 5384 497 5455 corrept
511 5382 655 5454 permisit,
679 5389 712 5436 nt
728 5389 808 5436 15515
827 5389 917 5439 eorem
935 5381 1072 5452 afflictio·
1097 5383 1176 5448 stitit,
1194 5388 1300 5454 555515
1311 5380 1445 5451 Christus,
1464 5382 1557 5437 nullus
1573 5401 1625 5454 pro
1642 5385 1724 5441 nobis
1739 5391 1864 5442 mortuus
1884 5392 1936 5451 cet,

236 5470 365 5539 5155155
381 5470 498 5540 merita,
524 5475 633 5540 cacata
655 5475 685 5523 at
705 5477 811 5534 serent,
834 5469 921 5524 talem
938 5469 1072 5524 5155511551
1098 5470 1192 5525 nuilus
1215 5474 1274 5526 tem
1297 5472 1375 5524 erote
1392 5485 1443 5523 555
1469 5467 1574 5539 (1111511,
1601 5471 1700 5542 mojori
1721 5472 1808 5544 igitur
1831 5472 1936 5529 fiducie

235 5556 469 5628 conciliatricem,
501 5573 558 5626 pao
578 5564 604 5610 et
629 5555 762 5625 sufficere
786 5562 884 5625 portet
902 5556 1029 5612 omnibus
1044 5562 1072 5611 51
1098 5569 1149 5626 per
1167 5552 1309 5611 Christum
1324 5558 1355 5610 51
1370 5553 1400 5611 in
1417 5551 1520 5609 Christi
1543 5555 1653 5613 nemine
1669 5556 1765 5615 Deum
1788 5574 1938 5629 pouumur
