4104 6014
628 306 684 375 ¹DE
703 304 946 364 MOBTUOBUM
966 304 1288 364 trutinatoribus.
1743 314 1800 373 lb'l

114 464 246 516 tudonem
279 461 520 531 incorruptibilis,
556 480 621 513 noro
659 463 729 514 lmus
762 461 943 515 induitionem
956 462 958 473 '
972 469 997 511 et
1030 463 1165 530 qualitate
1197 471 1308 516 mutatu.
1346 461 1581 526 Quemadmodum
1614 462 1686 515 idem
1722 461 1801 515 homo

110 556 210 617 posteo
229 564 284 617 per
302 548 508 614 obsmptionem
528 547 665 617 replicat,
690 549 744 601 imo
757 547 879 615 probot;
898 548 944 599 ob·
971 553 1077 615 manet,
1103 548 1215 618 quando
1242 554 1325 604 exuta
1351 555 1427 603 reste
1451 547 1553 602 debita
1576 564 1677 601 novam
1696 547 1800 611 induit;

113 634 221 700 sorptio
244 641 335 686 autem
354 642 393 685 ert
414 633 529 686 abolitio
544 633 655 701 prioris
673 642 700 685 et
727 632 883 686 nrbstimtio
901 632 943 685 ol·
970 632 1008 686 sic
1026 633 1098 688 idern
1119 651 1218 704 eorpus
1236 632 1371 701 manebit,
1397 634 1471 702 quod
1489 639 1571 687 exuta
1591 636 1688 704 φθορᾷ
1705 632 1800 687 induet

113 720 213 781 urim,
240 721 473 788 qrreniodmodum
491 720 578 772 veteri
594 726 667 772 ueste
684 719 795 785 objecto
811 737 885 772 roeo
902 719 943 771 in·
970 715 1143 787 ἀφθαρσίαν.
1177 719 1239 773 Non
1257 719 1347 788 ipsum
1362 717 1391 772 ri
1405 717 1541 789 φθαρτόν,
1562 717 1610 772 sed
1626 714 1673 783 rip
1686 714 1800 786 φθοράν

112 807 216 860 duitnr.
254 804 332 858 idam
356 804 383 857 in
410 821 498 861 exam.
526 809 581 859 121.
607 821 690 860 error.
717 822 781 875 pag.
801 810 848 861 aa:
880 807 943 859 Non
968 804 1121 858 exuendam
1145 810 1173 858 et
1195 803 1268 858 illius
1295 804 1354 857 luco
1373 803 1536 874 ἀφθαρσίαν
1554 802 1722 857 induendam
1740 819 1801 857 esse

110 901 200 958 potest
236 891 402 960 Smiplscius
437 899 562 944 creatore
591 899 732 944 ueternum
761 891 856 957 ilium,
889 907 942 959 qno
966 887 1105 957 apostolus
1124 890 1212 944 docet.
1252 896 1275 943 7.
1293 890 1373 954 Quod
1392 888 1575 943 Schmaltziua
1594 889 1668 956 dicit,
1688 897 1797 957 oporto·

111 978 245 1043 sorrrniot,
279 977 453 1030 immortalia
479 994 602 1044 corporo
626 977 658 1029 in
676 977 729 1031 illo
749 977 829 1031 beato
847 976 941 1031 seculo
952 985 956 1039 1
967 974 1026 1027 lum
1042 992 1094 1042 per
1111 991 1203 1030 uocem
1220 977 1360 1030 indicendi
1374 993 1430 1027 non
1447 975 1603 1044 intelliperc
1621 975 1799 1028 retentionem

103 1063 212 1128 frutico
235 1063 322 1132 talio,
356 1078 427 1131 quoe
450 1079 483 1116 eu
506 1078 606 1126 corne,
636 1063 772 1129 sanquine
791 1071 817 1114 et
835 1042 1159 1128 ornmrlrorruprttitir
1175 1071 1201 1114 et
1214 1064 1391 1131 adeptionem
1406 1069 1557 1128 praetereo
1570 1060 1799 1129 incorruptibilis,

111 1155 244 1216 comtont,
265 1166 318 1217 quo
336 1150 383 1202 oin
405 1149 518 1215 aliquid
536 1148 685 1200 absrrrdius
705 1155 731 1200 ot
752 1148 858 1201 Olrrr'sti
874 1147 938 1200 reli·
966 1147 1017 1196 sed
1039 1146 1100 1198 loco
1125 1147 1315 1215 corruptibilis
1334 1147 1549 1200 substitutionem
1567 1145 1798 1213 incorruptibilis,

109 1235 190 1302 piore
220 1235 366 1303 indipnius
400 1234 522 1303 cogitari
551 1241 650 1302 potest.
695 1233 728 1286 In
761 1250 847 1289 exam.
882 1239 940 1289 tut.
966 1231 1095 1309 ambigue
1124 1231 1237 1293 dieitur,
1267 1233 1310 1285 vel
1340 1232 1412 1287 enim
1439 1232 1473 1286 de
1498 1231 1653 1285 substantia
1677 1232 1797 1301 corporis
1813 1232 1913 1275 ¹1¹³!-

110 1337 191 1375 error.
217 1336 267 1374 err.
295 1325 350 1374 10³.
380 1337 405 1388 p.
427 1325 476 1374 29:
507 1320 576 1372 Post
600 1318 831 1373 resurrectionem
847 1319 942 1385 futuri
965 1315 1099 1386 loquitur,
1127 1317 1170 1370 vel
1188 1318 1223 1372 de
1239 1318 1362 1387 ejusdem
1382 1317 1568 1388 qualitatibus.
1608 1317 1695 1371 Priori
1715 1336 1795 1373 sensu

108 1408 211 1459 eriruns
231 1406 337 1459 similes
350 1408 412 1460 Deo
432 1406 461 1457 in
479 1412 582 1458 notrrro
600 1406 682 1457 etium
700 1407 797 1473 qrrood
809 1422 938 1473 corporo.
965 1418 1112 1471 negamus,
1144 1402 1217 1472 quod
1242 1419 1260 1455 a
1280 1403 1445 1458 Schmaltzio
1464 1401 1632 1469 affirmatur,
1666 1404 1796 1459 videlicet

109 1509 158 1546 err.
184 1497 237 1547 115.
267 1508 390 1560 corporo
415 1491 585 1545 immortalia
608 1491 765 1544 stomachos
790 1509 846 1545 non
863 1491 940 1545 tott-
966 1486 1138 1540 substantiae
1156 1488 1276 1556 corporis
1296 1488 1482 1558 corruptibilis
1496 1488 1616 1543 abolitae
1630 1488 1796 1544 substituen-

109 1587 173 1631 turo
190 1577 296 1634 assent.
322 1577 426 1631 Contra
444 1576 514 1646 disp.
537 1583 560 1631 t.
581 1582 644 1647 post
663 1576 697 1631 D.
710 1577 822 1632 Frenis.
837 1582 938 1647 pili:
966 1571 1029 1625 dam
1048 1572 1106 1626 sore
1124 1572 1207 1626 aliam
1227 1573 1409 1628 substantiam
1429 1574 1550 1642 corporis
1564 1573 1795 1644 incorruptibilis:

111 1664 207 1716 Slorate
220 1681 266 1727 eo,
282 1666 361 1732 quod
380 1680 501 1732 corporo
514 1672 613 1717 nostro
626 1665 728 1726 fmuro
740 1664 796 1717 sint
806 1664 940 1730 pluriora,
965 1656 1110 1727 posteriori
1141 1664 1232 1713 autem
1270 1676 1351 1714 senisu
1383 1658 1572 1725 concedimus,
1609 1677 1664 1730 qua
1692 1662 1797 1717 ratione

110 1750 280 1819 impossibiie
316 1758 377 1818 err,
422 1766 544 1817 corpora
581 1750 653 1802 ralia
691 1749 758 1802 oiim
796 1751 940 1816 moitura,
966 1743 1055 1813 stylus
1075 1743 1114 1796 sic
1132 1743 1230 1798 fuisset
1249 1744 1447 1814 informandus,
1466 1746 1620 1815 apostolum
1639 1763 1796 1815 perronem

109 1853 180 1907 qrrrre
197 1853 311 1890 curnem
328 1837 531 1904 etuonpuinem
546 1836 674 1902 bobeont,
688 1843 744 1889 toto
758 1837 941 1903 reimponere
966 1828 1103 1883 induendi
1131 1846 1187 1883 uon
1219 1829 1372 1901 intelligere
1404 1832 1584 1886 retentionem
1618 1834 1659 1898 uit
1686 1836 1797 1905 φθορᾶς

109 1926 243 1994 differunt
264 1941 330 1977 caro
349 1931 376 1976 et
393 1923 507 1989 sanquis
521 1931 548 1976 et
560 1923 687 1991 apii-itm,
717 1921 939 1992 Respondemus:
952 1913 1148 2051 ,corruptionis
1162 1919 1190 1968 ei
1210 1916 1456 1983 corruptibilitatis
1479 1935 1511 1971 ac
1531 1917 1705 1986 adeptionem
1717 1936 1794 1989 prite-

111 2015 132 2063 1.
152 2027 206 2063 non
225 2009 373 2080 quaeritur,
391 2009 529 2077 quomodo
547 2006 632 2061 verba
651 2006 778 2078 symboli,
797 2009 881 2059 medo
899 2007 1041 2063 retorsa
1076 1999 1236 2070 ἀφθαρσίας
1271 2007 1299 2055 et
1336 2002 1619 2073 incorruptibilitatis,
1656 2003 1705 2056 sed
1736 2004 1796 2059 loco

107 2097 305 2148 mrrectionem
329 2095 438 2157 comis,
466 2093 584 2163 intelligi
609 2093 653 2147 vel
669 2092 761 2160 potius
783 2091 939 2161 detorqueri
952 2078 955 2113 ³
967 2086 1078 2157 φθορᾶς
1096 2093 1124 2140 et
1141 2085 1379 2155 corruptibilitatis
1399 2087 1622 2143 substitutionem
1637 2089 1797 2161 ἀφθαρσίας

104 2182 228 2248 possint,
248 2180 297 2235 sed
318 2181 455 2251 quomodo
471 2182 552 2249 juxta
568 2178 633 2232 fidei
659 2178 816 2249 analogiam
831 2177 860 2231 in
878 2195 938 2247 per·
966 2178 995 2225 et
1012 2171 1288 2242 incorruptibilitatis,
1308 2174 1382 2243 qnod
1399 2180 1461 2226 retr
1473 2171 1584 2246 ἀμφοῖν
1598 2176 1795 2244 amplectimur.

109 2265 211 2336 spicuis
229 2265 387 2337 Scripturas
407 2266 474 2321 locis
493 2265 663 2336 propositam
683 2263 800 2335 intelligi
816 2264 939 2317 debeant.
966 2264 988 2314 8.
1011 2258 1223 2328 rlbsorptionsm
1240 2275 1294 2311 non
1317 2259 1402 2314 refert
1419 2259 1559 2330 apostolus
1578 2260 1613 2312 ad
1632 2259 1719 2329 ipsam
1739 2259 1795 2316 cor·

108 2357 132 2406 2.
153 2353 181 2406 Si
206 2351 276 2406 illud
299 2354 389 2422 ipsum
414 2352 513 2406 iterum
533 2351 672 2418 futurum,
698 2350 773 2419 quod
792 2349 858 2402 olim
875 2365 939 2403 caro
966 2342 1040 2413 poris
1069 2342 1254 2413 corruptibilis
1289 2345 1485 2410 substantiam,
1519 2345 1568 2400 sed
1600 2345 1637 2398 ad
1673 2347 1795 2418 ejusdem

107 2436 169 2500 fuit,
187 2437 284 2509 utique
298 2436 473 2491 substantiae
490 2437 597 2490 ratione
616 2436 690 2489 idem
709 2451 822 2488 numero
839 2451 938 2504 corpus
964 2429 1133 2500 qualitatem,
1149 2429 1185 2482 ad
1204 2426 1319 2500 φθοράν
1336 2430 1443 2484 scilieet
1461 2435 1504 2482 rot
1528 2426 1660 2496 θάιαιον,
1678 2431 1713 2484 ad
1736 2447 1794 2485 cor·

106 2532 239 2595 resurget.
272 2523 331 2577 Aut
349 2522 423 2576 enim
441 2520 547 2575 ratione
567 2520 748 2586 substantiae,
769 2527 818 2574 aut
833 2522 939 2575 ratione
964 2513 1173 2584 ruptibilitutem
1201 2521 1230 2569 et
1258 2516 1469 2583 mortalitatem,
1500 2525 1581 2575 tunc,
1614 2516 1718 2586 inquit,
1750 2518 1796 2580 ist

105 2608 270 2680 qualitatum
288 2608 317 2661 id
335 2608 435 2662 iterum
452 2606 590 2674 futurum,
618 2606 693 2677 quod
712 2605 777 2659 olim
795 2621 860 2661 car-0
876 2605 938 2659 fuit,
964 2615 1064 2664 sermo,
1082 2600 1131 2667 qui
1149 2602 1271 2668 scriptus
1288 2611 1337 2669 est,
1361 2604 1494 2672 absorpto
1514 2611 1553 2656 est
1573 2620 1648 2656 mors
1666 2604 1696 2655 in
1713 2604 1796 2659 uicto·

106 2693 168 2750 Non
191 2693 297 2748 ratione
323 2693 502 2764 qualitatum,
526 2697 557 2745 ut
580 2697 696 2746 constat.
734 2690 809 2761 Ergo
832 2690 938 2745 ratione
963 2684 1017 2743 rio,
1037 2685 1128 2739 idest
1145 2687 1293 2740 victoriose
1313 2704 1347 2740 oc
1365 2688 1495 2756 plurime,
1515 2687 1587 2742 utin
1600 2688 1796 2758 sempiternum

104 2779 283 2835 substantiae.
316 2784 339 2833 3.
357 2777 508 2832 Coniundit
524 2777 680 2831 haereticus
699 2775 842 2830 distinctas
855 2791 937 2847 quae·
964 2767 1074 2823 devicto
1101 2776 1129 2824 et
1150 2777 1288 2842 prostrata
1309 2774 1403 2841 jaceat
1432 2790 1482 2828 nee
1505 2772 1623 2843 amplius
1646 2773 1674 2827 in
1700 2773 1795 2829 beatos

105 2866 214 2921 sooner.
253 2864 319 2919 Alia
338 2861 410 2918 enim
429 2862 553 2929 quaestio
574 2869 630 2924 est,
650 2878 686 2915 an
704 2861 877 2916 substantiae
894 2878 937 2915 ra·
964 2853 1210 2926 d0¹11111²²fill<³⁵1⁵it·

105 2953 180 3007 tione
197 2951 295 3006 eadem
315 2948 371 3002 sint
388 2945 483 3001 lutura
501 2934 617 3018 iorporu
629 2948 799 3016 resuscitata,
819 2954 848 3002 st
859 2947 938 3001 vicis·
999 2946 1038 2995 73.
1070 2946 1111 2996 12.
1137 2941 1262 2997 Veratius
1289 2942 1512 3014 photinianizans
1531 2943 1559 2996 in
1579 2950 1659 3001 tract.
1678 2944 1713 2999 de
1733 2943 1794 2999 Deo

105 3037 156 3090 sius
178 3037 235 3090 alia
254 3034 381 3106 quaestio
399 3039 454 3099 est,
481 3049 516 3085 an
536 3032 701 3103 qualitatum
719 3031 825 3088 ratione
842 3033 938 3088 eadem
964 3045 990 3097 p.
1012 3032 1076 3083 200:
1094 3029 1130 3081 ln
1141 3030 1248 3095 sntmo
1267 3033 1360 3086 recisio
1382 3050 1437 3086 non
1455 3032 1578 3100 amplius
1597 3050 1665 3084 coro
1685 3040 1711 3084 et
1730 3049 1795 3085 son·

106 3122 161 3177 sint
187 3121 288 3177 lutura.
324 3118 370 3172 Ad
393 3118 511 3188 priorem
530 3117 677 3188 affirmate,
706 3120 743 3174 ad
761 3120 939 3189 posteriorem
964 3114 1028 3184 uuit
1054 3116 1169 3181 erimus,
1193 3120 1245 3172 sed
1270 3115 1413 3190 ἰσάγγελοι
1440 3128 1466 3172 et
1485 3120 1662 3187 spirituales,
1691 3118 1720 3172 in
1737 3118 1795 3173 dia·

106 3216 208 3281 negate
234 3206 441 3278 respondemus.
478 3211 502 3258 t.
521 3204 640 3258 Proinde
668 3205 779 3274 quando
798 3206 939 3276 apostolus
965 3200 1027 3256 trib.
1046 3201 1125 3272 epist.
1144 3220 1173 3274 p.
1194 3208 1256 3259 tou:
1282 3207 1387 3272 Inpenr
1407 3208 1525 3259 mutatio
1542 3206 1609 3259 olim
1626 3207 1727 3270 futuro
1747 3212 1794 3260 est.

106 3295 188 3362 dicit,
212 3297 303 3347 Deum
333 3291 563 3346 resuscitaturum
595 3290 726 3343 mortalia
754 3299 853 3344 nostro
879 3310 939 3345 cor·
966 3288 1029 3339 Non
1055 3288 1126 3340 enim
1154 3288 1227 3344 tales
1256 3291 1358 3343 crinem
1390 3293 1418 3343 in
1446 3292 1667 3358 ressurectione,
1698 3291 1795 3360 ornato

101 3399 191 3450 poro,
220 3396 275 3434 non
297 3377 402 3432 ratione
425 3373 583 3445 qualitatis,
609 3374 738 3429 videlicet
756 3377 939 3445 mortalitatis,
966 3374 1012 3426 tic
1029 3392 1137 3444 summ,
1169 3383 1200 3429 ut
1219 3378 1255 3429 de
1272 3395 1357 3430 corne
1376 3386 1401 3429 et
1420 3379 1539 3441 ossibus,
1559 3378 1720 3445 cujusmodi
1736 3378 1794 3446 qui·

105 3465 153 3519 sed
181 3465 288 3517 ratione
310 3461 482 3517 substantiae
501 3460 597 3516 eadem
616 3476 731 3530 corpora
748 3463 939 3518 resuscitanda
966 3464 1029 3513 dom
1048 3480 1120 3515 nunc
1137 3462 1275 3526 iroternus,
1295 3462 1489 3532 intempestiue
1508 3464 1636 3532 quaestio
1654 3465 1698 3516 sit.
1730 3463 1794 3521 vid,

104 3551 193 3613 docet,
213 3556 245 3601 ut
263 3549 298 3603 sit
318 3564 423 3616 sensus,
443 3546 539 3601 eadem
558 3545 605 3600 illa
614 3564 737 3618 corpora,
757 3564 828 3618 quae
846 3549 874 3603 in
886 3550 938 3604 hac
966 3544 1079 3600 Sladum
1111 3548 1138 3601 in
1171 3548 1291 3617 append.
1326 3554 1346 3604 1.
1377 3549 1490 3618 dissspt
1528 3556 1626 3603 contra
1651 3548 1793 3604 Vorstium

104 3636 163 3691 vita
182 3641 247 3688 sunt
265 3633 391 3688 mortalia
410 3641 437 3686 et
455 3631 653 3702 corruptibilia,
672 3633 861 3688 resuscitanda
880 3654 939 3691 esse
950 3644 954 3685 t
965 3650 992 3702 p.
1011 3639 1050 3689 et.
1090 3636 1130 3686 13.
1156 3634 1305 3702 Wcipsliirs
1326 3632 1555 3690 Suencleldianus
1577 3641 1606 3689 et
1624 3634 1795 3690 enthusiasta

104 3722 132 3775 in
157 3721 202 3775 die
226 3720 388 3788 novissimo,
413 3718 461 3772 sed
480 3717 648 3772 immortalia
666 3723 694 3772 et
711 3718 939 3790 incorruptibilia.
965 3720 992 3772 in
1011 3726 1090 3775 tract.
1110 3719 1144 3772 de
1164 3719 1225 3774 loco
1245 3721 1339 3774 mundi
1360 3738 1420 3792 cap.
1443 3728 1482 3777 tt.
1500 3740 1528 3791 p.
1549 3728 1586 3778 ll.
1611 3722 1650 3776 sic
1670 3722 1792 3778 disserit:

103 3806 286 3877 Nequaquam
310 3805 396 3876 igitur
415 3803 577 3857 mutandum
596 3808 638 3857 est
655 3805 731 3872 φανά
747 3804 776 3858 in
795 3814 937 3876 protenus,
964 3807 1020 3863 iter
1037 3805 1095 3862 itit
1122 3811 1175 3861 uui
1194 3810 1279 3863 itum
1301 3808 1330 3876 iit
1349 3809 1416 3878 nictit
1435 3810 1477 3864 brt
1498 3809 1616 3879 would,
1648 3824 1674 3866 rt
1692 3810 1722 3876 itt
1742 3816 1794 3865 uui

105 3908 156 3947 nec
178 3890 374 3946 contundenda
399 3889 481 3944 οάσιά
505 3905 650 3958 corporum
669 3897 697 3943 et
720 3890 842 3961 ejusdem
860 3894 937 3946 ποιό-
965 3896 1020 3946 tem
1040 3892 1105 3945 limo
1123 3899 1214 3947 terrae
1232 3893 1343 3963 titillet,
1362 3894 1486 3965 sterilia,
1506 3899 1549 3950 ter
1569 3895 1656 3950 itinere
1669 3896 1728 3952 ueto
1742 3901 1794 3950 cut

104 3997 186 4045 surse.
222 3976 412 4031 Resuscitabit
438 3977 515 4030 Deus
541 3989 656 4044 corpora
684 3982 778 4029 nostra
803 3977 1019 4044 mortaliatbem
1038 3978 1362 4045 antisteterunt
1383 3980 1499 4049 blesim,
1520 3983 1562 4035 bet
1581 3983 1642 4047 mut
1665 3983 1738 4046 burdo
1756 3983 1794 4036 bie

103 4082 159 4119 non
179 4072 272 4117 autern
293 4067 430 4132 quatenus
456 4061 582 4115 mortalis
606 4061 663 4114 sire
682 4060 734 4114 sub
752 4058 849 4114 iisdem
870 4078 936 4130 qua·
964 4080 1028 4119 neus
1053 4064 1154 4120 debari
1178 4077 1238 4118 oum
1259 4067 1377 4135 petiique
1396 4067 1467 4135 (tritt
1491 4068 1650 4135 incarniret,
1684 4068 1725 4122 siu
1744 4083 1793 4123 neu

103 4148 235 4204 litatibus.
272 4157 296 4205 5.
321 4147 503 4219 Nequaquam
529 4164 593 4201 vero
624 4144 761 4218 quod'de
784 4147 936 4215 accidente,
963 4152 1055 4222 pisitur
1077 4165 1123 4220 qen
1142 4152 1256 4221 pinensi
1275 4153 1390 4221 brinqrn,
1413 4156 1478 4207 trun
1500 4155 1526 4222 tn
1544 4155 1632 4220 uuisrs
1651 4155 1738 4210 triber
1757 4154 1793 4208 tm

102 4234 230 4289 videlicet
249 4232 427 4298 mortalitate,
447 4232 565 4287 diximus
587 4234 622 4287 ad
641 4233 837 4297 substantiam,
860 4233 935 4287 ride·
962 4238 1074 4307 pimmst
1095 4238 1173 4305 loten
1192 4238 1268 4306 qroit
1287 4239 1429 4309 interlitus
1447 4241 1593 4309 tramittit
1607 4241 1722 4309 tuoque
1740 4243 1793 4296 unt

102 4321 167 4376 licet
181 4319 216 4373 ad
236 4336 356 4388 canem,
377 4319 512 4390 applicari
533 4317 629 4387 debet,
660 4317 739 4389 quasi
760 4317 844 4371 verbs
862 4335 935 4386 sym·
963 4322 1134 4390 tristantur
1158 4325 1240 4392 iuben
1261 4329 1314 4378 ouo
1335 4327 1390 4379 ten
1409 4325 1473 4378 limo
1496 4333 1598 4385 terrae,
1630 4329 1656 4396 ts
1676 4328 1746 4381 utre
1764 4332 1793 4382 sa

101 4406 173 4473 boli,
193 4407 278 4459 credo
295 4405 527 4458 resurrectionem
547 4406 656 4470 coritis,
674 4404 769 4458 eodem
788 4404 870 4458 modo
889 4422 934 4459 ex·
966 4410 1045 4465 miter
1065 4411 1111 4464 ten
1131 4412 1253 4467 &touton
1275 4413 1328 4465 unt
1349 4412 1427 4467 miter
1445 4412 1484 4465 bie
1505 4412 1595 4482 putige
1614 4413 1722 4484 &perta
1757 4413 1794 4467 Et

102 4492 167 4562 poni
195 4491 329 4559 debeant,
357 4489 439 4545 eredo
457 4490 695 4545 resuscitationem
716 4490 790 4559 ejus,
813 4488 888 4559 quod
907 4488 936 4542 in
962 4497 1044 4566 paulo
1071 4502 1147 4566 post:
1179 4496 1242 4552 aaa
1271 4497 1363 4567 &leiim
1392 4499 1493 4554 tttomt
1520 4500 1585 4555 tritt
1606 4502 1717 4556 eructet
1736 4514 1793 4569 pum

102 4578 153 4633 hac
171 4578 230 4632 rita
247 4576 302 4631 fuit
322 4592 401 4645 caro,
421 4574 486 4646 quia
503 4576 534 4628 τὸ
553 4575 667 4629 mortrde
685 4591 745 4628 esse
763 4574 883 4644 pertinet
900 4560 1064 4661 ediderint
1092 4583 1120 4636 in
1149 4586 1228 4651 qutrn
1260 4586 1313 4637 unt
1339 4586 1416 4649 iiten
1443 4586 1583 4654 illenidisn.
1619 4588 1676 4642 tarr
1696 4588 1793 4656 milita

102 4663 262 4732 ποιότητας,
287 4661 573 4734 (immutabuntur,
599 4658 628 4714 τὸ
651 4676 761 4714 carnem
778 4657 880 4714 habere
898 4660 933 4713 ad
947 4680 949 4717 :
962 4670 1017 4724 itus
1040 4669 1076 4723 im
1103 4668 1238 4737 tibitiqen
1257 4670 1421 4739 bbumiidtsn
1439 4672 1532 4741 &leiim
1554 4683 1602 4728 tor
1622 4673 1725 4741 &reiut
1745 4674 1793 4728 mit

101 4750 213 4817 obolon,
242 4765 315 4820 quae
337 4748 434 4803 eadem
457 4749 515 4802 elli.
554 4754 577 4801 6,
602 4746 632 4799 Sl
656 4745 687 4799 ri
710 4744 837 4820 φθαρτὸν
854 4748 1036 4824 toutoigutet
1068 4755 1200 4823 &munit
1229 4757 1281 4809 unp
1308 4757 1430 4822 &mnen'
1464 4760 1524 4813 abet
1551 4762 1612 4828 aad,
1632 4759 1792 4828 ggpflltmpm

102 4837 272 4892 induturum
297 4842 338 4889 ut
364 4834 543 4909 etormet,
572 4832 595 4886 a
619 4831 649 4885 τ’»
673 4832 777 4897 θνητὸν
793 4834 873 4885 τοῦτο
894 4806 950 4919 in]
962 4841 1063 4911 aurat
1081 4842 1142 4908 taut
1162 4840 1240 4908 rietes
1261 4843 1550 4911 aromatarium,
1578 4848 1630 4899 una
1652 4846 1730 4899 auctr
1750 4846 1779 4901 a

101 4924 240 5003 duiturum
260 4927 301 4976 est
320 4920 487 4989 ἀθανασίαν,
506 4926 539 4975 ut
558 4920 668 4974 disertis
688 4916 779 4972 serbis
794 4918 1025 4987 apostolustneur
1045 4927 1197 4998 pimmliirbe
1216 4927 1275 4982 itit
1293 4930 1384 4982 lumini
1404 4929 1452 4984 nsit
1471 4931 1572 5000 abritto
1591 4932 1619 4986 in
1639 4932 1691 4997 itia
1710 4929 1792 5001 itali,

101 5010 212 5077 meent,
239 5008 334 5078 utique
357 5007 439 5062 etiam
464 5007 532 5062 illud
552 5007 642 5076 ipsum
668 5020 783 5072 00rpss⁸r
812 5006 887 5074 quod
905 5007 996 5071 in1un
1025 5018 1071 5071 ten
1090 5015 1274 5070 usrtommtm
1305 5015 1396 5068 bleibet
1420 5018 1481 5084 usq
1508 5018 1551 5070 ter
1569 5019 1714 5086 titumiidu
1734 5018 1793 5073 trib

100 5096 154 5151 hac
180 5094 238 5148 vita
256 5101 299 5148 est
318 5093 497 5163 corruptibile
515 5100 543 5148 et
561 5093 682 5151 mortale,
702 5100 826 5163 resurget
844 5095 1040 5171 lusor-inimi,
1071 5116 1096 5154 er
1118 5101 1179 5167 taur
1206 5101 1254 5167 ab,
1284 5102 1400 5169 perpotet
1428 5102 1475 5156 mit
1501 5105 1548 5158 ten
1569 5104 1718 5158 &temonem
1738 5104 1792 5159 una

100 5181 232 5253 reptibile
259 5188 287 5234 et
312 5181 471 5234 immortale.
517 5177 645 5232 Ruffinus
672 5179 700 5230 in
725 5194 816 5247 expos.
844 5174 1009 5267 symbimit
1029 5187 1102 5256 ibren
1122 5185 1219 5254 emigra
1239 5186 1462 5242 trituratoribus
1490 5190 1522 5256 ile
1548 5189 1676 5258 gemetico
1697 5190 1725 5244 in
1744 5191 1791 5244 ben

100 5285 163 5340 pag.
185 5273 247 5322 387:
273 5269 337 5321 Hoc
361 5270 437 5336 qnod
461 5285 533 5319 nnnc
559 5266 743 5333 corruptibile
764 5284 866 5340 corpus
886 5272 1077 5342 sitiuntque
1101 5273 1184 5340 illuit
1203 5288 1233 5326 rr.
1278 5275 1319 5328 14.
1341 5273 1507 5338 Mittimus,
1533 5274 1687 5329 Ezechielis
1705 5274 1791 5330 Methi

99 5356 314 5408 rerurrectionis
347 5356 445 5421 pratia
474 5351 686 5420 incorruptibile
719 5355 772 5406 erit
804 5364 829 5408 et
858 5334 1093 5427 qrrodlasseclae,
1118 5357 1376 5428 Anabaptistarum‚
1403 5357 1677 5414 Suencfeldianorum
1698 5366 1726 5415 ct
1745 5376 1792 5416 en·

101 5460 173 5492 naisso
194 5441 313 5493 mortale
330 5450 379 5501 est,
400 5441 621 5495 immortolitotis
638 5440 785 5494 uirtutibus
801 5434 1156 5515 incincturJthusiastarum
1184 5445 1292 5499 soboles
1318 5445 1412 5499 itidem
1436 5453 1554 5517 negant,
1584 5447 1656 5502 idem
1675 5465 1789 5504 numero

100 5538 149 5582 etc.
170 5544 225 5581 non
244 5535 348 5580 nutura
369 5530 463 5581 corruis
480 5528 602 5596 objecto,
624 5528 676 5580 sed
695 5529 851 5584 conditione
871 5522 987 5610 ejusJet
1026 5529 1182 5586 substantia
1219 5548 1320 5600 corpus
1350 5549 1383 5585 ex
1415 5533 1529 5587 mortuis
1564 5541 1790 5589 resurrecturum.

1432 5637 1485 5690 30*
