4104 6014
283 149 343 204 mc
905 135 1133 194 reimerus
1153 134 1352 195 emenone

281 310 337 347 non
365 292 495 360 mirera,
528 293 667 361 mornado
697 291 806 346 semina
834 305 939 359 uapore
965 298 991 343 et
1020 285 1210 367 terraeiludo
1239 289 1351 344 roboris
1377 295 1404 343 et
1422 288 1453 343 in
1472 289 1598 344 dccitate
1614 289 1675 358 dus
1691 287 1807 343 ubertas
1821 287 1985 355 fructifica·

282 396 442 448 conspressu
468 378 562 432 soluta
591 377 783 431 viridescunt!
812 395 878 430 uam
911 377 1007 445 utique
1031 372 1233 430 etiamitiodis.
1272 375 1347 438 Quid
1364 391 1431 443 erqo
1449 376 1563 440 mimum,
1588 375 1615 427 si
1631 373 1821 428 tenuissimum
1834 373 1985 444 pulvorem

280 467 345 533 ipsa
380 473 491 518 terreno
529 464 655 519 cohalitu
685 466 851 534 putrefacta
884 464 1030 518 solvuntur
1064 461 1183 521 etc.,rcl
1212 478 1232 514 a
1259 461 1364 515 nostris
1394 462 1483 514 oculis
1506 462 1536 515 in
1560 461 1702 513 slensentis
1727 462 1890 529 redactum,
1918 476 1984 511 curn

283 550 361 612 Quid
390 569 455 618 erpo
487 552 617 616 miraris,
652 553 678 605 si
706 551 844 614 homines,
874 567 945 619 quos
975 546 1214 618 acceperitfvult,
1240 547 1270 599 in
1295 546 1432 601 hominem
1450 548 1606 613 reformat,
1628 547 1679 614 qui
1696 562 1730 600 su
1747 546 1922 600 tenuissimis
1941 561 1984 598 se·

280 644 369 704 terra,
392 637 538 703 restituat,
563 655 624 690 mem
643 637 777 691 seminum
796 653 934 708 corpora,
960 652 1113 706 quaecum
1141 633 1261 686 minibus
1279 634 1412 687 immensa
1429 635 1546 686 arietata
1560 633 1760 700 redinteprati
1776 632 1879 688 Petrus
1889 631 1983 702 Chry-

279 723 308 775 oi
326 723 488 791 susceperit,
511 723 639 790 vivificet,
663 724 764 792 emeat,
780 724 888 787 restim,
905 722 1013 775 inaniat
1031 727 1114 790 atquc
1140 720 1252 790 solagus
1269 737 1348 775 serm.
1370 726 1431 776 118:
1462 721 1539 774 Vade
1559 722 1600 772 ad
1615 736 1718 784 semen,
1738 722 1867 790 apostolo
1886 728 1914 774 te
1931 722 1982 773 do·

280 810 440 873 defendat!
472 809 577 864 Desine
601 828 668 880 erpo
691 811 833 874 dubitare,
863 811 940 878 quod
958 810 1114 878 depositum
1140 812 1227 869 cente,
1252 806 1319 861 tolle
1337 807 1460 860 triticum
1482 807 1597 859 aridum
1614 805 1673 860 sine
1690 823 1787 872 smus,
1815 807 1877 860 sine
1897 814 1983 872 motu,

277 897 388 963 peneris
409 896 527 949 humani
544 903 638 950 terrae
656 898 728 960 fides
746 899 865 964 reddat,
889 912 961 965 quae
982 911 1113 949 commen-
1140 893 1195 945 due
1212 893 1329 961 sulcum,
1342 894 1419 962 fode
1436 901 1552 960 terram,
1564 895 1622 962 sac
1636 893 1803 962 sepulcrum,
1820 893 1913 963 sepeli
1929 894 1982 945 tri-

279 983 350 1035 data
375 982 430 1037 sibi
452 982 560 1036 semina
584 983 718 1036 usurario
745 985 866 1053 cicadam
886 986 1003 1049 foenore
1022 982 1113 1035 meriti·
1140 977 1231 1042 ticum,
1250 980 1357 1047 inspice
1375 982 1609 1048 quemadmodum
1622 987 1709 1033 marte
1723 980 1840 1049 deperit,
1862 980 1981 1033 humore

274 1066 388 1134 plicata
407 1069 529 1121 restituit
550 1076 599 1123 etc.
630 1071 707 1122 Num
730 1070 761 1123 in
784 1069 938 1123 hominihus
961 1076 1038 1121 terra
1063 1069 1113 1121 de·
1140 1068 1282 1134 tumescit,
1303 1067 1457 1135 putredine
1476 1069 1675 1136 corrumpitur,
1698 1075 1724 1121 et
1742 1084 1803 1120 cum
1818 1067 1981 1135 peruenerit

277 1161 434 1220 penetraret,
453 1171 526 1222 qaae
544 1155 639 1208 onnia
656 1171 823 1223 rependere
840 1155 1002 1210 consuant
1025 1154 1112 1225 chry·
1140 1152 1181 1203 aa
1197 1159 1297 1215 somn,
1323 1154 1464 1222 quicquic
1481 1154 1658 1222 demoratio,
1685 1154 1826 1222 qudquid
1844 1154 1980 1207 incredu-

277 1242 415 1293 sostomus
443 1238 535 1294 homil.
564 1241 599 1297 de
627 1248 785 1298 resurrect:
817 1242 931 1296 Semina
952 1243 1010 1296 nisi
1028 1244 1112 1312 prius
1139 1236 1220 1304 litas,
1247 1238 1387 1306 quidquid
1412 1239 1574 1310 corruptela
1599 1238 1650 1291 tihi
1676 1239 1807 1308 superius
1824 1239 1978 1306 imperciat,

276 1326 434 1391 moriautur
458 1335 486 1380 et
504 1337 667 1396 putrescant
685 1335 711 1381 et
732 1335 962 1397 corrumpantur,
989 1345 1044 1380 non
1059 1346 1112 1399 pa·
1138 1330 1203 1376 tunc
1228 1326 1318 1380 subito
1336 1325 1476 1379 reviviscit
1495 1327 1525 1379 in
1543 1324 1680 1392 permine,
1696 1324 1726 1378 in
1743 1325 1830 1379 herla
1839 1325 1978 1395 pubescit,

275 1413 352 1464 riunt
375 1413 501 1469 aristam.
532 1413 612 1467 sau
637 1414 737 1484 ipitur,
762 1414 813 1483 qui
828 1415 905 1468 uidet
925 1414 966 1467 ihi
983 1432 1111 1483 prauum,
1136 1411 1288 1476 juvenescit
1316 1413 1346 1466 in
1374 1413 1468 1478 caule,
1509 1413 1672 1466 maturescit
1699 1412 1730 1465 in
1757 1413 1844 1480 snspe
1881 1421 1908 1465 et
1936 1415 1981 1465 ad

276 1499 353 1563 cuod
370 1499 561 1567 corrumpitur
578 1507 604 1553 et
622 1499 796 1569 «immittitur,
815 1517 872 1554 non
891 1500 1002 1554 dubitat
1020 1502 1111 1554 dere·
1137 1496 1218 1551 iliam
1253 1505 1341 1552 totam
1373 1499 1480 1568 ipsam,
1519 1515 1603 1566 quam
1627 1506 1659 1551 tu
1689 1499 1813 1568 periisse
1840 1498 1975 1567 deflebas,

275 1584 458 1651 surrectione,
475 1585 527 1637 sed
545 1585 730 1638 certissimam
752 1587 1017 1640 demonstrationem
1028 1587 1111 1654 facit,
1136 1584 1255 1652 speciem
1281 1585 1405 1652 resuspit
1428 1592 1453 1638 et
1477 1586 1609 1648 sormam.
1659 1583 1851 1637 Dammcenus
1877 1583 1924 1638 tib.
1952 1590 1977 1638 4.

275 1684 341 1720 nam
366 1670 394 1721 si
417 1668 459 1723 ita
482 1677 607 1723 maneret
630 1678 656 1724 et
673 1690 728 1725 non
746 1680 973 1741 corrumperetur
989 1673 1035 1726 uel
1054 1672 1111 1725 dis-
1136 1669 1206 1724 orth.
1229 1668 1274 1723 fid.
1301 1686 1362 1739 csp.
1387 1676 1428 1727 28.
1451 1671 1526 1724 circs
1553 1669 1615 1725 fia:
1650 1668 1810 1723 Considera
1832 1670 1863 1723 in
1888 1669 1979 1722 sulcis

276 1753 446 1821 solueretur,
480 1763 582 1811 redum
610 1758 688 1824 quod
703 1774 845 1825 nunqstam
866 1765 1041 1826 resurporet5
1069 1759 1111 1811 sic
1136 1762 1271 1824 tanquam
1298 1757 1328 1808 in
1354 1757 1494 1826 sepulcris
1519 1756 1627 1809 sesninc
1648 1757 1794 1826 suffossa,
1822 1757 1887 1825 quis
1910 1757 1975 1810 illis

277 1840 372 1908 capita
399 1847 425 1894 et
448 1840 478 1894 in
498 1858 616 1912 corpore
633 1849 694 1905 tuo,
717 1860 781 1896 cum
797 1843 876 1898 uides
895 1845 1110 1915 corruptionem,
1136 1841 1252 1894 radices
1283 1843 1402 1912 imponit
1426 1849 1453 1896 et
1479 1842 1602 1912 stipitem
1624 1849 1651 1894 et
1674 1841 1752 1906 solia
1782 1849 1809 1894 et
1825 1840 1977 1895 subtilissi-

277 1933 340 1978 tunc
361 1926 538 1994 potissimum
563 1927 599 1981 dc
616 1930 821 1983 resurreetione
837 1930 1038 2000 philosophare
1057 1934 1110 1986 etc.
1137 1944 1196 1980 mas
1221 1927 1348 1981 culmos!
1376 1943 1468 1981 nonne
1494 1927 1544 1997 qui
1571 1928 1764 1982 uniuersorum
1792 1928 1902 1991 ortissu
1927 1937 1979 1991 est,

276 2004 389 2077 (Confer
417 2011 570 2067 Macarium
598 2013 670 2070 hom.
697 2017 755 2082 ltu).
799 2014 921 2086 Cyriliue
951 2015 1109 2087 Hierosoly·
1137 2015 1218 2083 cujus
1236 2022 1392 2084 praecepta
1413 2014 1527 2067 condita
1545 2021 1610 2067 sunt
1630 2013 1785 2068 ursimrsa.¹
1822 2013 1980 2083 diripitur

276 2096 371 2151 miton.
389 2097 495 2153 catech.
513 2105 542 2154 4:
565 2098 620 2162 ant
634 2101 806 2164 frumentum
822 2109 943 2170 propter
959 2119 1011 2155 nos
1030 2103 1110 2156 semi·
1137 2102 1237 2167 erede,
1266 2108 1292 2154 et
1323 2107 1495 2154 mortuorum
1523 2099 1755 2153 resurrectionem
1782 2100 1849 2163 fors
1876 2101 1979 2153 diuina

46 2245 53 2255 .
131 2188 262 2234 mittet.
276 2191 372 2237 natum
392 2186 542 2253 quotannis
561 2187 759 2248 mortificatum
777 2189 886 2257 oscitat,
902 2190 1040 2258 numquid
1058 2206 1110 2241 nos
1136 2187 1278 2242 uoluntate
1294 2204 1329 2239 ac
1343 2194 1420 2254 nutu,
1434 2193 1643 2240 concurrentem
1656 2187 1824 2240 enimhalet
1836 2187 1979 2241 columats'
2005 2217 2008 2226 ι

277 2272 364 2341 ipsos,
378 2279 501 2339 propter
519 2288 589 2341 quos
608 2279 634 2325 et
650 2274 712 2342 ipse
730 2275 867 2339 surrexit,
885 2274 1006 2345 difficile
1025 2275 1110 2327 susci·
1136 2272 1273 2325 virtutem.
1312 2271 1451 2326 liutherus
1468 2271 1497 2325 in
1515 2287 1613 2327 comm.
1633 2287 1694 2342 cap.
1712 2277 1753 2327 25.
1774 2270 1846 2327 Gen.
1863 2277 1930 2332 tom.
1952 2277 1978 2329 ³.

276 2357 366 2410 tabit!
395 2355 510 2425 Cernis,
537 2360 676 2427 quamdo
703 2361 819 2414 arbores
836 2368 878 2414 tot
894 2361 1032 2414 mensibus
1050 2361 1110 2414 sine
1136 2373 1200 2428 pag.
1221 2365 1252 2413 4:
1279 2358 1387 2412 Plenas
1404 2366 1445 2412 est
1463 2366 1537 2412 totus
1555 2359 1677 2411 mundus
1697 2358 1863 2412 testimoniis
1880 2361 1915 2413 de
1931 2375 1981 2412 re·

275 2443 373 2502 fructu
393 2450 417 2496 et
429 2444 515 2509 soliis
532 2451 604 2512 sunt,
625 2447 678 2498 sed
696 2445 784 2499 hieme
798 2453 994 2516 praetereunte
1010 2464 1111 2500 rursus
1136 2445 1315 2502 surrectione.
1350 2445 1397 2497 Ea
1414 2443 1516 2498 arbore
1533 2445 1648 2512 etlipno
1664 2443 1816 2498 durissimo
1834 2445 1979 2498 enascitur

277 2535 411 2597 tanquam
428 2545 462 2583 ee
479 2530 597 2583 mortuis
617 2530 792 2601 reviviscunt,
814 2541 841 2587 et
858 2550 915 2587 non
933 2533 1020 2587 multo
1035 2535 1110 2599 faci·
1133 2531 1342 2601 pulcherrimus
1355 2530 1508 2599 flosculus,
1526 2533 1680 2584 nascuntur
1695 2529 1786 2598 folia,
1804 2531 1893 2596 rami,
1910 2533 1977 2595 sru-

277 2614 334 2666 lius
360 2632 410 2668 nos
436 2615 650 2671 reviviscamus!
695 2618 870 2688 Augustinus
901 2637 980 2675 serm.
1008 2624 1048 2677 34.
1076 2620 1110 2674 de
1136 2624 1197 2670 ctus
1219 2617 1414 2681 manissimum
1440 2617 1509 2687 quia
1534 2618 1668 2686 frequens
1694 2625 1721 2670 et
1738 2617 1845 2670 usitata
1860 2633 1906 2672 res
1924 2627 1977 2682 est,

277 2698 353 2754 verb.
375 2699 454 2754 Dom.
473 2701 536 2759 circ.
557 2702 643 2758 med:
666 2704 721 2767 Qui
739 2723 833 2774 prona
848 2707 983 2760 seminum
999 2714 1110 2761 mortua
1136 2704 1200 2757 ideo
1240 2704 1347 2757 vilescit
1384 2709 1436 2758 etc.
1492 2702 1565 2759 Vide
1604 2702 1723 2758 eundem
1757 2702 1786 2756 in
1825 2710 1976 2760 comment.

277 2792 303 2837 et
324 2788 489 2856 putrefacta
512 2788 649 2858 aim'ſscat,
677 2806 729 2859 per
752 2808 822 2861 quae
841 2792 871 2844 in
890 2792 943 2845 hoc
959 2793 1053 2846 secuda
1071 2793 1109 2846 ri-
1141 2796 1161 2844 1.
1184 2789 1245 2845 Cor.
1273 2795 1310 2846 15.
1335 2795 1402 2845 tom.
1426 2795 1450 2845 6.
1479 2790 1592 2845 lenens.
1617 2787 1748 2844 German.
1781 2789 1830 2844 fol.
1855 2792 1915 2848 274.
1949 2795 1979 2844 et

276 2888 339 2935 aas,
364 2873 451 2926 multo
476 2876 567 2941 mapis
589 2877 726 2945 teipsum
741 2877 901 2944 ssucitahit,
927 2885 958 2933 ut
973 2879 1004 2931 in
1022 2886 1110 2932 aeter·
1137 2893 1213 2948 seqq.
1247 2876 1408 2932 Saevissimi
1425 2881 1491 2931 sunt
1509 2891 1605 2930 versus
1624 2874 1749 2947 Stigelii,
1775 2874 1878 2945 quibus
1899 2875 1978 2929 simi-

276 2975 341 3009 num
364 2958 442 3010 ciras
465 2965 515 3015 etc.
554 2959 745 3017 Theodoretus
770 2979 850 3019 serm
878 2969 901 3019 9.
925 2964 961 3019 de
989 2964 1110 3034 provid:
1137 2962 1282 3018 litudinem
1306 2962 1486 3034 apostolicam
1510 2979 1528 3017 a
1554 2962 1705 3017 seminibus
1726 2960 1840 3032 frugum
1857 2962 1977 3032 petitam

277 3038 434 3097 Considera
462 3053 594 3100 naturam
623 3048 764 3102 docentem
794 3056 818 3101 te
845 3057 872 3103 et
895 3051 1110 3119 praedicantem
1138 3049 1282 3119 expressit:

275 3131 515 3186 resurrectionem.
553 3134 630 3187 Nam
649 3134 778 3200 apricola
795 3143 872 3189 secat
892 3136 986 3190 sulcos
1006 3144 1033 3192 et
1049 3145 1110 3190 tan·
1174 3171 1310 3240 Umor„
1326 3170 1379 3223 ha,
1396 3176 1499 3239 ἕψω,
1518 3170 1603 3223 dm,
1620 3168 1779 3222 mmmm
1797 3167 1959 3238 loqueum,

276 3232 361 3283 quam
382 3217 515 3317 θήραμα
538 3221 680 3287 quamam
703 3222 792 3285 fm'
815 3222 920 3276 ‘um
948 3225 1055 3279 mm
1080 3225 1111 3276 in
1208 3257 1284 3319 Quae
1302 3257 1394 3310 cirum
1412 3254 1549 3325 eusanpui
1566 3272 1683 3324 corpore
1701 3271 1814 3322 permen
1832 3266 1929 3325 apunt.

275 3309 381 3355 imam
404 3311 509 3371 mmm
535 3312 563 3401 α.
585 3312 719 3404 hmini
742 3324 864 3405 moia
885 3309 1014 3378 ’ΨΜ
1034 3327 1111 3363 'mn'
1174 3343 1256 3396 Sicca
1273 3342 1324 3394 sub
1340 3342 1485 3394 immersas
1502 3343 1661 3394 conduntur
1679 3341 1787 3394 semina
1806 3341 1911 3410 plehas,
1989 3341 2050 3385 ΠΗ

278 3389 351 3441 dans
377 3395 454 3441 terra
481 3389 573 3442 oberat
597 3398 623 3443 et
648 3392 719 3445 nehel
744 3393 868 3462 amplius
886 3403 981 3464 potest
1003 3397 1109 3460 facere.
1206 3428 1243 3480 ,n
1263 3427 1362 3496 quibu,
1381 3428 1493 3496 effecum
1512 3426 1619 3478 dixeri,
1637 3443 1695 3479 em
1714 3426 1794 3481 nihil·

277 3474 357 3570 ΨΜ
382 3491 448 3527 ΜΟ
477 3483 526 3527 Μ
551 3477 668 3531 mim
685 3495 789 3576 ΨΜ
811 3480 909 3578 ’ΨΜ
926 3490 975 3535 ‘¹²⁴‘
995 3483 1109 3549 ΨΜ
1173 3515 1254 3567 Haec
1273 3522 1365 3566 tamen
1384 3529 1491 3565 arcano
1508 3519 1625 3581 surpuat
1644 3513 1798 3566 crescentia
1818 3520 1893 3567 matu

276 3558 351 3612 tetus
374 3567 401 3612 et
413 3560 513 3628 fluctis
532 3578 594 3615 eam
613 3564 788 3633 suppeditat,
813 3583 913 3635 repens
931 3567 1001 3621 haec
1019 3576 1045 3622 et
1061 3570 1111 3622 hu·

276 3652 408 3713 mectans,
423 3654 526 3714 postea
543 3649 669 3711 feliciter
686 3650 781 3703 omnia
795 3651 972 3719 proueniunt.
1005 3653 1109 3724 Grego

277 3731 333 3783 rius
350 3729 471 3801 Magnus
495 3732 542 3788 lib.
568 3739 604 3788 lt.
628 3734 723 3791 morel.
745 3751 805 3805 cap.
825 3741 872 3793 28:
894 3739 951 3792 Per
974 3748 1111 3794 mornenta

278 3823 432 3883 temporum
458 3819 598 3872 ceruimus
630 3821 747 3873 arlststa
776 3822 947 3876 viriditatem
974 3825 1111 3888 soliorum

278 3903 421 3967 amittere,
451 3921 471 3957 a
489 3905 640 3972 fructuum
661 3906 822 3975 prolatione
848 3905 972 3973 cessare,
1000 3920 1025 3964 et
1051 3929 1112 3965 ecce

278 3988 368 4042 subito
383 3990 467 4057 quasi
483 4006 517 4043 ec
534 3992 672 4045 arescenti
691 3992 768 4059 lipno
788 3994 862 4048 uelut
881 3997 1005 4063 quadam
1019 4014 1112 4051 resur·

279 4075 400 4129 rectione
425 4076 548 4129 cenieme
572 4077 698 4130 violemus
717 4078 801 4145 solia
820 4095 977 4150 attempero,
998 4086 1113 4147 senectus
1139 4083 1169 4138 si
1197 4082 1259 4153 quis
1288 4081 1413 4151 excipere
1445 4080 1524 4149 velit,
1560 4080 1772 4134 similitudinem
1797 4080 1911 4132 seminis
1935 4082 1977 4132 ad

278 4165 467 4230 prandescerc
503 4171 529 4217 et
566 4170 654 4216 totam
689 4163 817 4218 arborem
853 4167 979 4221 redivivo
1013 4171 1114 4224 decore
1140 4170 1321 4223 ‹reserendam
1339 4167 1468 4235 corporis
1486 4166 1718 4219 resurrectionem
1731 4166 1823 4217 mirem
1835 4167 1977 4219 commode

279 4250 382 4304 vestiri.
420 4250 617 4303 indesinenter
643 4251 783 4303 cernimus
806 4270 898 4322 parua
919 4255 1052 4309 arborum
1072 4274 1113 4310 se·
1140 4254 1283 4318 adhiberi,
1305 4270 1367 4307 cum
1390 4253 1499 4307 canina
1521 4260 1586 4320 post
1602 4252 1751 4306 sectionem
1769 4259 1820 4304 aut
1837 4252 1975 4305 ustionem

280 4336 357 4389 mina
377 4344 471 4390 terrae
489 4336 650 4390 horroribus
669 4340 871 4402 commendari,
887 4355 922 4393 ea
941 4342 1041 4408 quihus
1059 4362 1113 4397 non
1140 4360 1195 4395 noir
1223 4341 1391 4407 perrainent,
1420 4340 1473 4391 sed
1497 4339 1574 4392 omni
1602 4354 1634 4390 er
1656 4345 1739 4406 parte
1761 4338 1914 4401 intereant,
1943 4351 1977 4389 ex

279 4422 362 4489 lonpe
377 4430 444 4489 post
462 4423 635 4490 adspicimus
654 4440 759 4492 mapna
779 4425 896 4478 arbusta
918 4444 1049 4495 surpere,
1067 4431 1112 4494 fo·
1140 4443 1195 4496 quo
1212 4425 1321 4480 ridetur
1340 4422 1436 4479 inferri
1458 4440 1555 4493 posse,
1575 4440 1637 4489 eos,
1657 4423 1707 4490 qui
1723 4423 1870 4485 frustatim
1888 4423 1977 4474 disse·

280 4508 323 4559 lia
336 4523 477 4576 pomaque
502 4510 646 4575 proferre.
685 4510 899 4565 Consideremus
916 4527 983 4581 erpo
992 4531 1113 4582 parom-m
1140 4520 1238 4564 cantur
1258 4518 1306 4564 aut
1324 4511 1532 4570 comburuntur.
1553 4526 1608 4561 που
1627 4524 1686 4561 ⁶⁸⁸⁶
1704 4516 1920 4577 mmmmm,
1940 4509 1977 4562 Μ

280 4592 427 4658 crejuslihet
443 4593 553 4645 arboris
570 4611 671 4660 senemr,
689 4597 767 4664 quod
785 4596 813 4649 in
831 4605 936 4651 terram
949 4600 1068 4668 jacitur,
1084 4607 1115 4652 ut
1140 4598 1209 4652 illud
1227 4597 1409 4668 pulcherrime
1436 4593 1585 4663 respondet
1608 4592 1736 4647 lustinus
1764 4594 1793 4646 in
1816 4600 1924 4666 quaest.
1948 4601 1978 4647 et

280 4677 367 4731 arbor
393 4695 425 4730 cu
442 4679 494 4732 illo
513 4682 708 4746 producatur,
736 4689 762 4735 et
780 4683 1061 4751 comprehendamus,
1089 4688 1115 4739 si
1140 4702 1212 4754 resp.
1240 4683 1276 4737 ad
1302 4681 1409 4736 orthod.
1436 4686 1543 4751 quaest.
1565 4685 1620 4736 111.
1639 4696 1703 4750 pag.
1724 4684 1788 4737 ³60:
1808 4681 1923 4734 Natura
1941 4696 1977 4732 ea

276 4781 439 4834 possumus,
462 4766 511 4818 uli
534 4766 564 4818 in
588 4767 643 4820 illa
663 4774 744 4822 tanta
771 4768 901 4823 breuitate
925 4772 1039 4825 seminis
1057 4779 1115 4826 tam
1141 4772 1241 4840 efficit,
1275 4786 1347 4837 quae
1376 4785 1408 4821 ea
1434 4766 1585 4819 seminibus
1607 4767 1821 4835 producantur,
1847 4774 1879 4819 ut
1903 4784 1979 4834 quae

280 4853 413 4905 immensa
439 4851 523 4904 arhor
545 4853 642 4916 latuit,
674 4871 747 4922 quae
772 4870 805 4908 ea
822 4855 875 4908 illo
890 4858 1043 4924 processit,
1067 4859 1116 4913 ubi
1141 4865 1245 4911 certam
1273 4858 1486 4922 demensamque
1513 4854 1555 4906 ad
1574 4853 1608 4905 id
1625 4853 1661 4905 ah
1689 4853 1789 4920 opifice
1806 4868 1902 4905 rerum
1929 4870 1978 4907 cc-

280 4939 399 5007 tipnuns,
431 4937 480 4989 sthi
509 4945 617 5002 camec,
649 4939 698 4992 ubi
726 4940 860 4993 viriditas
888 4942 1038 5012 foliorum,
1069 4945 1117 4998 uhi
1141 4944 1244 5014 ceperit
1268 4941 1445 5005 facultatem.
1484 4938 1520 4991 Ut
1543 4945 1634 4991 autem
1658 4940 1766 4992 sentina
1790 4946 1860 5007 apta
1876 4939 1934 4993 sint
1951 4947 1980 4992 et

279 5025 391 5077 ubertas
416 5025 570 5087 fructuum.
614 5025 690 5078 Num
715 5026 851 5094 quidnam
877 5028 909 5080 in
932 5030 1035 5083 semine
1059 5032 1116 5085 tale
1141 5032 1246 5084 idonea
1265 5029 1306 5081 ad
1318 5043 1365 5090 ea,
1384 5040 1456 5094 quat
1475 5041 1507 5077 aa
1524 5023 1595 5092 ipsit
1612 5026 1697 5091 finti,
1712 5026 1913 5094 prowm,
1929 5041 1979 5077 Μ·

280 5109 394 5177 aliquid
411 5109 566 5175 videbatur,
585 5127 646 5163 cum
665 5112 695 5164 in
716 5119 823 5166 terram
840 5114 1006 5181 jaceretur!
1022 5124 1115 5172 tamen
1141 5133 1215 5171 cesse
1232 5120 1286 5178 est,
1305 5119 1479 5182 quiapropter
1501 5111 1529 5163 si
1546 5111 1601 5163 illa
1619 5118 1739 5164 urantur
1756 5119 1806 5164 aut
1825 5111 1980 5165 conduen-

280 5196 386 5248 acculto
416 5214 510 5250 rerum
541 5195 663 5248 omnium
692 5199 792 5267 opifice
817 5209 917 5255 moneta
946 5203 1116 5260 mirabiliter
1140 5212 1193 5272 tur,
1221 5199 1337 5256 inutilia
1363 5199 1404 5252 ad
1425 5198 1644 5267 procreandum,
1672 5211 1744 5265 quae
1762 5212 1795 5249 er
1819 5196 1880 5249 iilis
1904 5204 1981 5266 nas,

280 5282 431 5337 ordinante
457 5291 484 5337 et
514 5283 544 5336 in
572 5282 689 5336 mollitie
721 5286 835 5341 seminis
861 5287 948 5341 latuit
974 5291 1115 5358 asperitas
1139 5291 1307 5344 redduntur.
1349 5287 1389 5339 Al
1416 5285 1490 5338 enim
1520 5284 1601 5337 Dm
1626 5285 1787 5337 mmmm
1814 5299 1871 5337 Μ
1895 5281 1982 5337 ΜΜ

280 5369 393 5425 corticis
418 5375 444 5425 et
467 5370 497 5425 in
514 5369 700 5425 urmitudine
716 5370 797 5427 illius
814 5373 952 5428 &consa
966 5382 1008 5430 est
1025 5377 1113 5442 sorti·
1132 5376 1313 5449 facultates·
1350 5372 1489 5440 Quocirca
1511 5371 1584 5425 “ilii
1608 5371 1635 5425 ω’
1657 5376 1698 5425 ⁶⁸⁸
1716 5387 1773 5424 ”⁰st
1794 5369 1930 5425 W
1951 5376 1983 5424 *ἲ

1207 3603 1247 3654 Et
1265 3600 1351 3655 robur
1368 3599 1462 3652 tacitis
1477 3598 1583 3652 uiribus
1603 3607 1687 3652 aucta
1703 3606 1810 3666 peruret.

1174 3687 1223 3740 Sic
1243 3703 1349 3756 quoque
1369 3694 1468 3741 nostra
1486 3687 1563 3739 cauis
1581 3686 1665 3739 illata
1680 3688 1823 3739 cadauera
1841 3686 1942 3740 terrebis

1208 3774 1355 3842 Accipient
1371 3773 1464 3826 vicum
1481 3771 1643 3842 plurificata
1661 3773 1754 3826 decus.

1174 3861 1275 3913 Mersa
1289 3859 1373 3928 prius
1390 3857 1454 3926 leto,
1474 3876 1535 3912 moa
1553 3875 1620 3911 uera
1639 3857 1765 3927 insipnia
1783 3859 1857 3910 citae

1209 3947 1281 3998 Ante
1302 3944 1394 3997 Deum
1415 3950 1545 3996 aeternae
1563 3951 1690 4010 tempora
1709 3942 1781 3997 lucis
1798 3950 1889 4009 apent.
