4104 6014
23 3825 39 3872 l.
51 3833 85 3873 ar

24 3885 112 3926 medicl-

882 299 935 356 De:
952 298 1091 356 MORTE.
1791 311 1829 366 41

144 452 252 509 Gerron
278 453 326 510 lib.
351 461 374 511 2.
399 456 435 511 de
468 470 544 511 conc.
576 454 660 513 theol.
685 472 758 528 pros.
783 462 807 512 4.
830 455 972 524 Rationes,
1004 455 1184 520 infirmitates
1214 464 1286 510 taos.
1335 453 1430 511 Mesae
1459 455 1488 509 in
1517 453 1653 527 principio
1684 454 1832 527 grabsdin:

143 556 231 610 quare
246 539 324 595 Deus
347 541 376 596 in
402 541 607 597 conservatione
626 547 655 599 et
671 541 872 614 gubernatione
889 542 973 598 totius
1002 541 1093 596 sasas
1110 543 1187 596 solus
1206 542 1357 611 torquerer
1373 544 1454 597 Desa
1471 548 1498 596 54
1510 543 1547 595 de
1558 541 1743 612 fropalitatis
1760 542 1832 597 solio

142 625 263 681 universi
281 634 310 682 st
329 628 358 682 in
378 628 471 699 specie
494 628 613 684 hominis
630 635 726 684 utatur
743 629 881 684 ordinarie
909 645 973 684 cau-
997 628 1133 696 producit
1161 627 1192 681 io
1220 626 1357 695 lorpr'tote
1383 645 1437 681 555
1465 627 1632 682 medicinam
1664 627 1833 690 benedictas,

143 712 180 766 sis
197 713 382 779 intermediis,
406 713 498 771 afferri
523 722 638 785 possunt
655 716 823 786 complures,
844 715 974 770 videlicet
999 714 1139 781 9455455555
1159 722 1184 768 54
1203 714 1334 769 excelsas
1371 715 1463 771 5165
1480 714 1599 783 subiecti
1623 714 1830 768 distributione.
1844 716 1864 760 t
1879 718 1913 760 ar

145 804 176 852 ut
196 798 318 855 declaret
343 799 496 857 bonitatem
519 818 612 871 suam,
636 802 701 856 dum
720 818 817 856 causas
838 800 973 856 secundas
999 800 1145 857 Terminus
1155 800 1229 856 vitas
1239 800 1428 856 consideratur
1441 802 1486 856 vel
1499 799 1528 854 in
1544 800 1613 870 piis,
1631 799 1676 855 vel
1688 799 1831 869 inimps'ia,
1844 771 1950 864 ffliffi

143 886 343 955 cooperationis
370 887 509 942 consortio
533 887 677 958 dignatum
700 893 732 941 ut
751 888 879 943 ostendat
893 887 973 943 abso·
999 887 1028 942 in
1038 904 1107 959 quas
1117 888 1186 942 duas
1196 887 1297 943 classes
1312 886 1456 958 Scriptura
1469 894 1559 943 totum
1576 905 1664 959 genus
1680 886 1831 940 humanum
1843 874 1916 918 ‘¹⁰¹¹‘-

143 969 232 1025 lutum
249 989 330 1026 suum
348 973 378 1026 in
396 980 537 1028 creaturas
556 990 651 1028 omnes
666 973 825 1042 dominium,
843 974 910 1028 dum
927 991 973 1029 eas
1000 972 1149 1031 distribuit.
1192 974 1247 1032 sed
1271 991 1323 1030 nec
1345 973 1407 1045 piis,
1426 991 1477 1030 neo
1495 973 1587 1045 impiis
1603 973 1678 1029 vitae
1697 973 1831 1028 terminus

143 1056 179 1110 ad
204 1074 283 1112 suam
307 1057 424 1129 gloriam
448 1065 476 1114 et
500 1058 617 1114 hominis
634 1060 738 1114 bonum
757 1059 973 1130 promovendum
999 1065 1041 1115 est
1062 1060 1164 1116 fatalis.
1201 1060 1264 1117 Non
1288 1061 1362 1131 pita,
1387 1060 1454 1132 quia
1481 1060 1549 1115 alias
1573 1077 1629 1115 non
1653 1063 1764 1115 orarent
1779 1074 1831 1129 pro

143 1141 271 1211 adhibet,
288 1151 320 1198 ut
337 1144 521 1213 recordemur,
541 1162 639 1200 causas
657 1145 794 1200 secundas
806 1163 824 1200 a
836 1144 973 1200 Decesse
999 1148 1058 1203 vita
1081 1148 1230 1219 longaeva,
1254 1148 1299 1202 vel
1318 1147 1381 1217 sibi,
1402 1146 1447 1203 vel
1469 1148 1595 1218 proximo
1614 1147 1747 1202 <livinitus
1765 1162 1829 1201 con·
1844 1156 1911 1200 xvu.
1923 1158 1956 1202 et.

143 1228 284 1284 ordinatas
308 1235 336 1284 et
365 1230 481 1302 proinde
508 1231 538 1284 in
562 1232 681 1286 abusum
705 1247 760 1285 non
788 1247 848 1286 esse
868 1237 972 1301 pertra-
999 1233 1138 1304 cedenda,
1162 1236 1243 1306 cujus
1266 1234 1433 1290 contrarium
1460 1240 1600 1290 testantur
1618 1235 1744 1305 exempla
1761 1235 1830 1288 Ese-

142 1313 263 1383 hendas3
287 1321 318 1369 ut
337 1315 547 1384 admoneamur,
574 1316 665 1372 media
687 1316 819 1371 divinitus
847 1316 974 1372 ordinata
999 1320 1079 1374 obice
1097 1321 1162 1380 Esa.
1183 1326 1224 1386 38,
1243 1340 1269 1377 v.
1291 1328 1316 1378 2.
1333 1323 1460 1376 Doridis
1477 1338 1526 1391 pro
1545 1320 1630 1375 filiolo
1651 1327 1676 1376 2.
1695 1320 1768 1375 Sam.
1791 1324 1831 1389 12,

143 1418 198 1456 non
230 1418 290 1458 esse
318 1404 492 1475 negligenda
546 1401 642 1475 Atque
675 1403 744 1459 haec
771 1403 806 1459 de
835 1403 974 1459 ordinaria
998 1425 1025 1461 v.
1054 1412 1097 1466 22.
1132 1414 1161 1462 et
1197 1408 1286 1462 Pauli
1321 1423 1372 1479 pro
1407 1406 1597 1478 Epaphrodito
1636 1405 1831 1462 intercedentis

143 1488 253 1544 divinae
295 1489 485 1560 providentiae
535 1490 641 1546 actione
683 1489 864 1562 intelligenda
901 1497 973 1558 sunt,
999 1491 1072 1550 Phil.
1092 1498 1124 1560 2,
1149 1511 1175 1546 v.
1193 1498 1236 1550 27.
1277 1492 1379 1549 Confer
1396 1492 1500 1551 Psalm.
1523 1499 1586 1559 102,
1613 1510 1639 1546 v.
1661 1499 1702 1550 25.
1727 1490 1831 1548 acor.

143 1575 358 1630 extraordinarie
377 1575 453 1630 Deus
476 1576 560 1632 55155]
578 1576 639 1631 sine
660 1577 751 1631 causis
781 1577 908 1631 secundis
940 1592 973 1630 ac
1002 1584 1033 1648 1,
1051 1596 1077 1633 v.
1097 1585 1122 1634 8.
1151 1578 1212 1634 Jac.
1232 1585 1263 1647 5,
1294 1597 1321 1635 v.
1347 1585 1386 1635 15.
1414 1586 1601 1651 necorarent
1624 1595 1675 1650 pro
1698 1578 1781 1633 beato
1798 1593 1833 1632 ac

143 1677 229 1731 supra
245 1677 344 1716 causas
363 1662 506 1730 secundas,
523 1661 578 1717 imo
598 1670 696 1718 contra
712 1680 810 1718 causas
829 1664 972 1732 secundas,
1000 1665 1110 1736 placido
1139 1665 1211 1721 vitae
1243 1666 1337 1730 exitu,
1374 1668 1455 1738 cnjus
1492 1666 1660 1721 contrarium
1696 1669 1834 1720 testentur
1939 1694 1943 1703 ·

142 1763 226 1819 agere
242 1753 349 1818 potest,
377 1748 518 1818 cumipse
547 1750 584 1802 sit
606 1748 696 1821 prima
713 1765 811 1818 causa,
838 1766 909 1821 quae
927 1750 973 1803 de·
1000 1752 1126 1823 exempla
1145 1754 1232 1808 Elios
1254 1760 1276 1810 1.
1296 1754 1366 1826 Reg.
1386 1760 1437 1821 ta,
1463 1771 1489 1808 v.
1510 1759 1535 1810 4.
1567 1753 1705 1807 Simeonis
1724 1751 1792 1806 Luc.
1810 1756 1835 1820 2,

141 1831 246 1888 fectum
263 1833 447 1888 secundarum
472 1833 555 1889 facile
576 1835 704 1905 supplere
727 1842 832 1906 potest,
855 1851 973 1907 cumque
1000 1857 1026 1894 v.
1047 1844 1090 1895 29.
1109 1840 1198 1894 Poals'
1213 1838 1286 1896 Phil.
1307 1846 1329 1908 1,
1347 1857 1374 1894 v.
1393 1844 1435 1896 23.
1469 1840 1533 1897 Non
1553 1839 1662 1909 impiis,
1679 1837 1745 1910 quia
1762 1836 1832 1892 alias

142 1919 202 1989 ipss
214 1919 250 1973 sit
261 1928 377 1975 naturae
388 1920 523 1974 Dominus
541 1937 574 1974 ac
593 1920 710 1991 proinde
730 1929 846 1977 naturae
864 1921 973 1993 legibus
998 1940 1053 1979 non
1073 1926 1237 1981 concederet
1254 1925 1310 1980 illis
1329 1924 1408 1980 Deus
1432 1932 1542 1995 tempus
1565 1926 1603 1980 ad
1619 1923 1828 1995 poenitentiam,

142 2006 254 2060 minime
272 2008 411 2078 alligatus.
450 2007 492 2061 Ex
508 2024 564 2079 qua
580 2007 743 2079 hypothesi,
766 2010 846 2078 cujus
871 2009 973 2063 veritas
998 2012 1079 2081 cujus
1093 2013 1261 2067 contrarium
1287 2016 1425 2066 testantur
1443 2016 1504 2066 tum
1521 2013 1600 2065 dicto
1618 2010 1688 2066 Luc.
1703 2015 1742 2079 ta,
1760 2027 1786 2065 v.
1800 2016 1825 2065 5.

141 2091 207 2145 alibi
226 2092 335 2162 plenius
354 2093 564 2159 demonstratur,
584 2097 624 2149 sic
642 2094 793 2151 inferimus.
826 2094 856 2148 Si
875 2095 970 2150 divina
998 2096 1122 2163 1455532,
1140 2115 1167 2151 v.
1182 2104 1207 2154 4.
1224 2104 1286 2152 tum
1305 2098 1431 2168 coempta
1447 2097 1726 2166 antedilnvianorum,
1744 2095 1831 2151 Sodo-

142 2178 316 2248 providentia
330 2196 387 2234 non
404 2179 527 2234 excludit
544 2196 643 2235 canses
661 2182 796 2236 secundas
816 2189 843 2238 et
860 2190 972 2237 natura·
999 2185 1143 2252 mitorum,
1178 2183 1363 2241 Ninivitarum
1387 2190 1441 2240 etc.
1493 2187 1519 2239 6.
1537 2184 1585 2237 Eo
1610 2181 1763 2252 multiplici
1790 2183 1862 2235 ada
1875 2191 1959 2234 ares·

143 2263 192 2333 les,
212 2264 308 2336 ntique
326 2265 401 2320 vitae
416 2266 616 2321 terminusnon
634 2274 677 2322 est
693 2268 819 2323 absoluta
838 2274 867 2323 et
880 2266 974 2323 Stoica
1000 2272 1152 2325 5555554555
1170 2271 1344 2326 deductore.
1388 2270 1417 2327 si
1441 2275 1470 2325 et
1488 2269 1556 2325 hora
1576 2277 1606 2324 et
1627 2285 1717 2341 genus
1735 2268 1830 2324 mortis
1843 2245 1951 2337 Ξῗῗζω

145 2350 265 2420 quadarn
292 2351 456 2406 necessitate
481 2352 582 2407 fatalis.
629 2352 711 2408 Ratio
729 2353 904 2409 connexionis
922 2360 973 2421 est,
1000 2356 1129 2412 absoluta
1145 2363 1173 2413 et
1193 2356 1273 2411 fatali
1295 2356 1415 2428 quadam
1432 2355 1598 2411 necessitate
1621 2362 1686 2409 sunt
1702 2354 1830 2409 determi-
1842 2349 1943 2390 mm·

146 2437 211 2507 qnia
238 2438 309 2492 sicut
332 2437 409 2494 Deus
435 2456 484 2510 per
510 2456 609 2495 causas
635 2441 771 2496 secundas
789 2448 817 2497 et
834 2441 974 2496 naturales
1000 2451 1081 2510 nata,
1111 2451 1134 2498 1.
1151 2442 1325 2498 frustraneae
1343 2449 1424 2497 erunt
1442 2441 1636 2513 promissiones
1668 2440 1778 2497 divinae
1795 2440 1831 2497 de

146 2522 297 2594 unicuique
310 2524 359 2579 dat
370 2542 471 2598 corpus
487 2534 516 2582 et
529 2528 622 2592 vitam,
634 2527 675 2581 ita
687 2544 798 2599 quoque
809 2545 861 2599 per
876 2545 974 2583 causas
1000 2531 1057 2585 vita
1074 2529 1212 2601 longaeva
1230 2530 1283 2600 piis
1298 2528 1498 2601 exspectanda,
1517 2533 1541 2585 2.
1561 2527 1734 2582 frustraneae
1753 2533 1835 2582 erunt

144 2609 281 2665 secundas
299 2619 328 2666 et
344 2613 484 2669 naturales
497 2613 783 2679 eandemconservat;
800 2614 974 2687 utiqueergo
1000 2616 1225 2672 comminationes
1257 2615 1382 2685 divinae,
1415 2615 1517 2685 quibus
1541 2614 1618 2670 Deus
1645 2613 1737 2685 impiis
1761 2615 1834 2670 vitae

144 2697 172 2750 in
191 2697 265 2753 vitae
283 2700 491 2755 conservatione
507 2701 544 2756 ad
562 2717 658 2755 causas
682 2701 817 2755 secundas
835 2708 975 2773 respectus
1001 2703 1237 2759 abbreviationem
1270 2720 1304 2758 ac
1331 2704 1469 2773 tragicum
1503 2701 1607 2756 exitum
1637 2701 1833 2771 comminatum

147 2783 244 2843 baberi
265 2783 355 2850 debet,
374 2802 427 2841 nec
444 2788 976 2858 spernendasuntvitaeconservandae
1002 2794 1026 2844 3.
1051 2788 1224 2845 frmtraneae
1251 2793 1333 2843 erunt
1357 2787 1466 2859 piorum
1485 2803 1596 2858 preces,
1623 2786 1724 2859 quibus
1748 2787 1834 2843 vitam

143 2870 244 2938 media,
263 2872 404 2941 alimenta,
421 2872 590 2942 indumenta,
610 2873 812 2931 medicamenta
824 2883 874 2931 etc
893 2893 928 2932 ne
945 2876 975 2931 in
1002 2875 1165 2947 longaevam
1183 2892 1218 2930 ac
1235 2861 1376 2946 placidum
1394 2875 1498 2930 exitum
1512 2872 1565 2927 sibi
1582 2872 1627 2928 vel
1645 2872 1707 2927 aliis
1720 2878 1834 2944 petunt,-

141 2956 234 3012 Deum
262 2965 413 3014 creatorem
441 2960 585 3016 temerarie
611 2960 706 3031 injurii
730 2961 975 3034 deprehendamur.
1002 2969 1026 3019 4.
1045 2964 1217 3018 nusnmeus
1236 2963 1290 3017 erit
1315 2961 1468 3016 medicinae
1487 2976 1568 3028 usus;
1590 2966 1613 3014 5.
1632 2958 1687 3029 illi,
1710 2959 1759 3030 qui
1775 2958 1832 3013 vio·

143 3043 272 3100 Vicissim
282 3045 306 3098 si
316 3045 410 3101 divine
419 3046 878 3117 providentieertraordinariesine
884 3050 975 3104 causis
1001 3051 1091 3106 lentas
1107 3066 1205 3104 manus
1233 3048 1287 3103 sibi
1313 3047 1380 3119 ipsis
1399 3046 1536 3110 inferunt,
1563 3045 1692 3101 absoluto
1709 3044 1764 3103 Dei
1785 3045 1833 3099 de·

145 3131 273 3185 emundis
294 3147 327 3187 ac
338 3137 450 3202 praeter
462 3133 518 3188 imo
530 3140 627 3188 contra
640 3150 737 3188 causes
749 3134 884 3189 secundas
892 3152 975 3207 agere
1001 3144 1076 3192 creto
1093 3135 1129 3191 ad
1149 3134 1203 3190 hoc
1226 3134 1334 3189 facinus
1356 3132 1591 3202 constringentem
1618 3138 1642 3188 6.
1678 3131 1726 3203 qni
1743 3137 1832 3187 morte

143 3225 235 3289 potest
252 3226 280 3274 et
298 3219 464 3291 quandoque
480 3220 548 3292 agit,
568 3222 659 3276 denuo
682 3222 815 3294 seqnitur,
831 3223 906 3278 vitae
922 3229 975 3278 ter-
1002 3222 1122 3277 violenta
1150 3227 1179 3276 et
1208 3219 1406 3292 ignominiosa,
1435 3218 1543 3290 gladio,
1578 3225 1656 3286 rota,
1684 3217 1750 3273 fune
1781 3226 1832 3274 etc.

144 3304 249 3359 minum
260 3323 317 3360 non
333 3323 391 3362 esse
404 3307 532 3362 absoluta
541 3314 569 3362 et
582 3308 675 3364 Stoica
683 3310 803 3379 quadarn
811 3310 975 3365 necessitate
1001 3315 1114 3379 propter
1130 3307 1238 3378 flagitia
1254 3323 1307 3360 sua
1322 3311 1440 3376 pereunt
1459 3311 1488 3360 et
1510 3304 1547 3360 ad
1564 3304 1702 3376 supplicia
1721 3303 1832 3375 rapian-

144 3390 267 3447 fatalem.
279 3391 600 3458 Ratioconnerionisest,
610 3395 704 3466 quiesi
712 3395 975 3453 velmaximehabito
1001 3401 1061 3460 tur,
1088 3394 1215 3450 absoluto
1238 3392 1292 3448 Dei
1320 3392 1431 3447 decreto
1458 3399 1487 3447 et
1513 3391 1605 3447 Stoico
1631 3390 1750 3463 quodam
1774 3391 1831 3446 fato

146 3478 974 3562 adeausasnaturalesrespectnterminusvitaeadsit,tamen
1001 3482 1054 3536 hoc
1074 3496 1176 3553 genere
1196 3479 1292 3535 mortis
1318 3478 1475 3546 interirent,
1500 3476 1567 3549 quin
1591 3483 1624 3532 et
1638 3477 1715 3532 Dens
1733 3492 1831 3548 pecca·

145 3580 202 3619 non
215 3571 257 3620 est
271 3565 399 3621 absoluta
416 3567 541 3637 ejusdem
565 3568 724 3633 necessitas,
744 3586 807 3623 cum
828 3569 905 3624 Deus
924 3587 975 3639 pro
1001 3573 1090 3623 torum
1117 3567 1227 3621 illorum
1255 3565 1391 3636 impulsor
1417 3569 1600 3634 statueretur,
1626 3572 1659 3621 ut
1687 3563 1724 3620 ad
1740 3563 1831 3618 fatalis

145 3668 197 3706 saa
219 3649 331 3722 eidostq
359 3650 393 3707 ac*
419 3660 642 3729 παντοκραιορίᾳ
666 3655 785 3710 eundem
810 3655 975 3727 prolongare
1001 3656 1074 3711 illius
1110 3661 1138 3709 et
1174 3653 1294 3708 absoluti
1324 3652 1427 3708 decreti
1459 3652 1663 3707 exsecutionem
1698 3657 1831 3722 tanquam

144 3738 241 3808 possit,
259 3739 284 3792 si
295 3739 368 3795 velit
1001 3742 1037 3798 ad
1067 3741 1150 3796 finem
1179 3757 1229 3811 per
1258 3745 1336 3794 certa
1357 3738 1450 3795 media
1476 3739 1621 3809 pervenire
1654 3744 1756 3810 posset
1801 3736 1832 3791 Si

181 3829 221 3881 66.
256 3828 281 3881 4.
299 3827 346 3880 Eo
364 3826 520 3880 medicinae
537 3828 725 3883 ordinatiore.
760 3827 789 3885 Si
807 3829 975 3887 medicorum
1001 3827 1074 3884 enim
1103 3825 1226 3882 fataliter
1250 3824 1418 3880 inevitabilis
1448 3829 1491 3880 est
1521 3840 1627 3896 poena,
1666 3825 1718 3880 erit
1747 3823 1831 3878 etiam

24 3927 245 3979 „,„,11.operae
278 3918 306 3966 et
335 3911 534 3968 medicinarum
567 3914 631 3967 usui
660 3914 738 3969 locus
767 3915 975 3985 relinquendus,
1001 3912 1168 3970 inevitabilis
1193 3913 1290 3983 culpa,
1317 3916 1537 3983 propterquam
1561 3909 1679 3965 malefici
1697 3910 1734 3964 ad
1752 3909 1830 3963 illum

23 3991 115 4029 ΝΟΜ·
145 3999 277 4053 terminus
308 3999 383 4054 vitae
412 3999 504 4055 fatalis
536 4001 620 4056 statui
649 4002 754 4074 nequit.
804 4002 860 4059 Sed
889 4005 973 4075 prius.
1001 4000 1138 4056 violentae
1156 3999 1251 4054 mortis
1269 3998 1416 4058 terminum
1442 3996 1597 4069 rapiuntur.
1633 3996 1712 4061 Quae
1729 3995 1828 4064 omnia,

144 4085 227 4156 Ergo.
272 4085 355 4141 Ratio
383 4087 561 4142 connexionis
593 4094 636 4143 est
663 4089 822 4159 manifesta,
854 4091 920 4162 quia
951 4091 974 4144 si
1000 4105 1064 4142 cum
1098 4087 1153 4141 sint
1183 4085 1306 4141 absurda
1336 4089 1365 4140 et
1394 4083 1460 4140 fidei
1486 4082 1658 4139 Christianae
1682 4082 1829 4148 contraria,

145 4172 278 4227 terminus
312 4173 387 4227 vitae
419 4171 498 4228 fatali
528 4174 647 4245 quadam
680 4175 844 4231 necessitate
875 4181 973 4245 certus,
1001 4174 1062 4230 ideo
1081 4173 1233 4228 absurdum
1251 4170 1419 4227 censendum
1437 4169 1521 4225 etiam
1539 4168 1617 4237 illud,
1635 4185 1669 4223 er
1688 4184 1744 4239 quo
1761 4167 1829 4221 talia

145 4275 242 4329 parurn
262 4258 371 4324 reseret,
388 4258 446 4313 sive
466 4260 528 4331 quis
547 4267 641 4316 utatur
659 4261 867 4317 medicamentis
879 4262 973 4319 morbo
1000 4267 1212 4332 consequuntur.
1250 4258 1344 4329 Atque
1369 4257 1439 4313 haec
1457 4259 1522 4310 sunt
1549 4253 1701 4326 praecipua
1718 4260 1826 4310 senten·

76 4392 81 4399 .
144 4343 317 4415 profligando
350 4346 549 4411 accommodis,
585 4347 642 4402 sive
675 4348 772 4403 eadem
799 4355 913 4419 respuat
947 4357 975 4405 et
1000 4347 1055 4401 tiae
1083 4352 1193 4414 nostrae
1225 4349 1398 4416 argumenta.
1443 4341 1571 4397 lustinus
1604 4340 1631 4394 in
1665 4345 1769 4411 quaest
1800 4348 1829 4397 et

144 4430 227 4485 noxia
253 4430 347 4501 potius
373 4448 456 4502 quam
486 4432 619 4488 salutaria
645 4438 775 4492 assumat.
810 4435 973 4491 Assumtum
999 4450 1069 4503 resp.
1090 4431 1126 4487 ad
1145 4431 1214 4486 orth.
1235 4447 1261 4501 q.
1290 4434 1331 4486 33.
1352 4446 1379 4499 p.
1403 4427 1536 4484 ³21.hoc
1559 4432 1656 4498 urget:
1685 4428 1752 4481 Noa
1768 4444 1829 4483 5555

144 4523 303 4573 constater
323 4516 973 4591 8545535515[1555555555455555555455
1001 4519 1147 4583 ‹lesinitom
1174 4519 1309 4587 cujusque
1326 4515 1400 4569 citae
1421 4521 1540 4581 tempera,
1576 4529 1609 4566 55
1633 4508 1829 4569 oraculars'lms

144 4604 336 4658 morositatem
362 4604 512 4659 honoribus
541 4607 620 4676 ejus,
645 4607 744 4660 etenim
769 4609 875 4661 creavit
891 4609 973 4662 illum
1001 4605 1166 4675 Scriptus-oo
1183 4603 1273 4656 verbis
1286 4601 1327 4654 ss‘c
1345 4599 1508 4653 ostenditur.
1542 4598 1583 4664 Si,
1596 4597 1696 4670 inquit,
1715 4601 1745 4655 in
1758 4618 1829 4671 apro

144 4691 298 4759 Dominus,
324 4707 351 4747 v.
371 4695 395 4745 2.
422 4693 457 4744 ab
475 4692 622 4746 Altises'mo
642 4693 715 4747 55ιί55
733 4700 773 4747 est
791 4694 908 4748 medela.
943 4693 974 4750 Si
999 4691 1079 4745 homo
1102 4689 1207 4759 reperit
1220 4687 1365 4757 puellam,
1393 4701 1465 4754 quae
1491 4685 1660 4756 desponsata
1677 4687 1729 4752 sit,
1757 4694 1783 4740 54
1800 4687 1830 4741 oi

143 4777 235 4831 nullus
253 4776 330 4831 locus
349 4777 609 4834 medicamentorum
627 4779 690 4833 usui
720 4780 851 4850 dandus,
876 4779 974 4851 utique
1000 4778 1083 4832 illoto
1102 4775 1279 4831 conmiserat
1296 4791 1357 4827 com
1377 4789 1427 4841 55,
1457 4773 1547 4826 cirum
1574 4773 1684 4843 5545555
1703 4773 1828 4840 occidite,

146 4880 195 4918 nec
212 4862 268 4918 cibi
287 4868 316 4917 et
331 4869 413 4934 potus
431 4863 502 4917 usui.
534 4865 575 4921 Ut
591 4865 664 4920 enim
682 4883 733 4936 per
749 4866 882 4921 alimenta
893 4865 973 4936 vigor
996 4864 1123 4935 puellam
1146 4879 1212 4916 vero
1235 4877 1270 4914 55
1295 4859 1422 4915 occidite.
1474 4858 1618 4922 Quomodo
1631 4876 1749 4931 nomque
1763 4878 1829 4930 per·

146 4949 265 5021 corporis
293 4955 482 5017 conservatur,
508 4948 550 5004 ita
575 4969 626 5022 per
651 4952 851 5008 medicamenta
869 4953 974 5007 sanitas
1000 4950 1086 5005 5555ἱ4
1101 4949 1180 5004 bomo
1192 4947 1352 5018 proximam
1369 4963 1457 5010 55555,
1476 4952 1503 4999 54
1521 4963 1582 4999 cum
1594 4963 1655 5000 eum
1664 4953 1829 5017 percuteret,

146 5035 245 5089 amissa
262 5043 455 5105 recuperatur,
484 5051 570 5106 quara
597 5036 632 5091 de
664 5036 870 5093 medicamentis
891 5038 974 5093 etiam
1000 5056 1054 5091 555
1073 5036 1170 5103 adsuit
1184 5049 1320 5106 percusso
1340 5032 1513 5103 optuleram·
1536 5032 1578 5086 sic
1594 5038 1621 5085 et
1643 5032 1759 5096 facinus
1777 5032 1829 5087 lsoe

146 5121 271 5188 usurpari
288 5127 381 5193 potest
404 5121 475 5177 illud
494 5121 674 5191 apostolicum
709 5127 732 5180 1.
749 5122 820 5177 Tim.
839 5130 873 5189 4,
899 5142 924 5178 v.
943 5131 1143 5213 4quotratum
1166 5128 1215 5178 554.
1264 5119 1434 5175 1554555αυί4
1460 5117 1574 5188 puello,
1603 5123 1629 5171 54
1659 5118 1777 5188 adjutor
1801 5118 1831 5174 ei

150 5204 246 5258 Oricia
263 5217 391 5263 55554555
410 5209 470 5263 Dei
488 5207 560 5260 borsa
584 5215 626 5261 554
645 5216 673 5262 54
690 5207 762 5262 otta
778 5209 973 5277 rejiciendum,
995 5218 1112 5282 praesto
1130 5227 1186 5263 555
1201 5208 1269 5273 fait.
1307 5207 1374 5261 Non
1391 5204 1550 5259 contulisset
1567 5202 1665 5257 diviua
1677 5203 1829 5274 Scriptura

147 5292 226 5358 qood
258 5308 316 5347 cum
351 5294 509 5364 pretiorum
544 5291 653 5346 actione
684 5294 859 5364 percepitur,
893 5313 920 5354 v.
947 5304 971 5353 5.
985 5278 1126 5367 istrtprum
1149 5295 1181 5350 oi
1203 5293 1316 5348 illatam
1340 5292 1425 5346 caedi
1440 5290 1576 5345 violenter
1598 5290 1775 5361 commissae,
1803 5293 1831 5347 ei

147 5377 337 5444 sanctificater
353 5381 434 5449 ,enim
455 5396 511 5448 per
541 5379 654 5432 orbum
679 5379 740 5434 Dei
764 5387 789 5434 54
808 5381 972 5439 orationem.
999 5401 1074 5438 mors
1097 5381 1213 5447 definita
1232 5387 1311 5436 55554.
1355 5378 1433 5432 Nam
1450 5377 1528 5446 qaod
1543 5377 1623 5445 opud
1641 5378 1735 5430 Dessm
1762 5378 1829 5443 defi-

147 5478 210 5533 cap.
224 5468 249 5530 5,
267 5479 293 5516 v.
306 5466 354 5516 23:
371 5465 444 5520 Noli
458 5466 551 5520 adhoc
567 5481 671 5534 oqrmm
682 5466 782 5535 tibere,
798 5470 851 5521 ssd
861 5468 972 5525 modico
998 5468 1086 5523 544555
1105 5475 1153 5531 est,
1171 5466 1205 5520 id
1220 5466 1250 5519 oi
1262 5479 1370 5519 mosem
1388 5470 1415 5517 ct
1432 5462 1596 5533 tremor-edi
1610 5479 1666 5517 555
1692 5470 1739 5518 est
1773 5461 1828 5520 Sed

147 5550 211 5604 viso
236 5557 313 5602 olere
333 5561 448 5617 propter
471 5552 641 5607 stomachum
657 5559 734 5606 taum
759 5562 786 5608 et
803 5556 971 5624 frequentes
984 5582 987 5623 t
999 5554 1051 5610 hoc
1068 5559 1261 5627 argumentum
1278 5558 1320 5607 est
1336 5548 1489 5615 infirmam,
1512 5549 1575 5605 ideo
1592 5549 1714 5607 cosmati
1734 5568 1830 5608 sumus
