4104 6014
816 214 869 271 nu
889 213 1028 271 101111.
1727 227 1765 285 ⁸1

67 376 176 423 1111111
205 378 248 424 est
273 370 372 429 Matth.
396 378 421 430 11.
471 370 548 428 Idem
584 375 777 443 argumentum
809 373 911 441 urgent
938 368 1036 426 fuere?
1065 369 1176 428 Minius
1191 389 1271 439 vero,
1296 372 1345 429 sed
1363 374 1503 430 Christum
1523 373 1648 428 miraculi
1670 381 1767 430 aucto·

69 453 204 511 Costerus
230 466 302 528 part.
329 466 351 514 1.
377 459 500 514 concion.
520 476 548 529 p.
569 462 628 514 633.
676 456 854 528 stapletonus
882 455 911 508 iu
937 471 995 510 rem
1013 458 1094 512 unice
1107 459 1281 515 celebrarunt
1298 477 1331 515 ac
1351 461 1474 516 divinum
1492 461 1625 516 honorem
1645 461 1670 514 ei
1689 461 1767 516 detu-

69 551 171 613 promt
191 543 266 600 cath.
289 551 361 613 part.
381 551 403 600 1.
420 563 449 615 p.
469 550 527 601 292.
563 543 712 600 bansenius
738 543 768 597 in
784 541 910 596 concord.
936 541 1035 598 lerunt.
1080 552 1103 600 6.
1124 544 1178 600 Sed
1197 562 1250 601 nec
1268 548 1365 603 eadem
1383 548 1495 602 omnino
1512 546 1583 602 ratio
1602 548 1767 615 vestimenti,

70 646 172 700 evang.
188 647 213 687 c.
227 635 268 686 34.
280 649 308 701 p.
322 637 380 687 219.
395 631 479 703 Greg.
495 630 529 686 de
541 630 673 687 Valentia
691 636 778 684 contr
794 627 910 682 Heerbr.
937 645 992 698 quo
1011 628 1137 684 Christus
1157 632 1233 686 velut
1253 632 1378 702 symbolo
1396 634 1433 687 ad
1452 632 1503 688 hoc
1518 632 1682 687 miraculum
1701 650 1767 687 usus

70 724 100 772 et
115 716 219 788 reliqui
245 733 347 772 omncs.
391 717 615 787 Respondemus:
648 724 668 772 1.
689 715 812 770 Historia
829 730 909 769 evan·
937 721 987 783 est,
1004 732 1067 768 cum
1085 715 1210 788 reliquiis
1227 725 1393 787 sanctorum,
1412 718 1460 774 illo
1474 719 1546 773 enim
1564 717 1689 773 Christus
1708 727 1767 774 erat

70 801 167 874 gelica
195 821 252 859 non
278 803 314 857 de
339 804 469 876 religioso
501 803 627 858 fimbriae
659 802 767 869 osculo,
796 799 845 854 sed
875 798 911 852 de
936 800 1050 856 indutus
1064 819 1097 856 ac
1111 805 1233 873 vestitus,
1251 805 1315 860 ideo
1329 806 1366 860 ad
1384 805 1644 861 demonstrationem
1657 806 1766 860 1111111111

70 888 150 945 iidsli
169 892 231 960 ejus
251 896 382 945 contactu
407 889 574 945 mentionem
601 889 687 957 iacit,
707 889 840 942 haetenus
859 885 909 956 igi·
937 902 1003 942 suae
1020 889 1160 958 potentiae
1187 890 1283 946 eodem
1308 892 1337 944 in
1367 891 1533 946 miraculosa
1558 891 1700 947 sanatione
1726 892 1767 946 uti

69 982 119 1029 tur
136 975 166 1029 in
184 977 310 1046 exemplo
333 983 376 1032 est
399 975 600 1031 dissimilitudo.
646 981 669 1030 t.
688 972 910 1028 Haemorrhousa
939 972 1033 1026 voluit.
1081 973 1136 1029 Sed
1169 975 1204 1030 de
1234 977 1358 1046 reliquiis
1388 983 1547 1032 sanctarum
1578 977 1635 1032 dici
1661 978 1766 1049 nequit,

70 1080 130 1115 non
160 1079 194 1115 ea
223 1064 418 1132 superstitione
449 1068 552 1118 vestem
578 1062 686 1132 tetigit,
715 1066 748 1114 ut
780 1059 910 1112 Dauaeus
937 1058 1012 1128 quod
1028 1059 1084 1114 sint
1099 1061 1264 1117 vestimenta
1284 1062 1399 1131 Christi,
1424 1079 1457 1117 ac
1483 1064 1506 1116 11
1534 1062 1578 1118 vel
1595 1063 1713 1118 maxime
1734 1081 1766 1118 er

71 1155 145 1219 part.
166 1155 191 1204 4.
212 1148 362 1206 Christian.
388 1150 456 1220 isag.
482 1149 529 1205 lib.
549 1156 573 1203 2.
590 1165 653 1219 cap.
674 1154 698 1203 9.
719 1146 833 1212 statuit,
861 1142 910 1197 sed
936 1145 1106 1200 vestimentis
1120 1147 1221 1203 Christi
1245 1149 1382 1220 quaedam
1404 1148 1538 1219 reliquiae
1559 1148 1649 1203 adhuc
1668 1165 1764 1220 super·

72 1253 108 1288 ea
127 1252 195 1288 nera
207 1236 277 1304 fida
294 1240 327 1288 ut
345 1234 451 1289 scilicet
468 1235 577 1289 virtutis
591 1234 673 1300 illius,
694 1251 778 1302 qimm
793 1231 829 1284 ab
848 1229 910 1297 ipso
937 1238 1042 1295 essent,
1061 1250 1110 1288 eae
1128 1240 1222 1289 tamen
1241 1253 1296 1290 non
1315 1235 1434 1305 amplius
1455 1235 1595 1290 Christum
1614 1236 1766 1303 amicirent,

72 1323 151 1374 eche
169 1322 327 1391 aurhvmat,
345 1323 486 1393 particeps
506 1321 675 1390 redderetur,
693 1319 759 1391 quia
776 1326 807 1372 ut
818 1316 910 1370 Lucu
937 1324 968 1370 ut
988 1320 1016 1371 in
1035 1318 1131 1375 diebus
1156 1323 1247 1375 carnis
1272 1322 1385 1377 factum.
1426 1321 1500 1392 Ergo
1518 1322 1541 1375 si
1561 1322 1623 1393 quis
1643 1321 1764 1376 divinam

72 1423 136 1477 cap.
155 1413 187 1475 6,
212 1424 237 1463 v.
259 1412 297 1463 19.
317 1413 450 1476 testatur,
478 1409 567 1460 omnis
584 1409 665 1460 turba
683 1405 834 1475 quaerebat
851 1419 911 1456 eam
937 1404 1058 1474 aliquam
1077 1407 1207 1462 virtutem
1231 1407 1323 1462 adhuc
1348 1407 1430 1462 hodie
1453 1408 1508 1461 illis
1535 1408 1657 1477 tribuere
1673 1408 1766 1477 vellet,

73 1502 207 1563 tanqere,
232 1512 264 1548 eo
289 1497 365 1563 qreod
381 1495 470 1547 virtus
489 1495 524 1547 ab
542 1495 593 1547 itio
613 1494 720 1559 exibat,
748 1499 773 1544 et
791 1488 910 1542 sanabat
936 1490 1052 1559 perinde
1067 1492 1151 1560 foret,
1177 1511 1210 1548 ac
1229 1494 1253 1547 si
1273 1495 1336 1567 quis
1359 1494 1454 1566 virgae
1472 1493 1609 1550 Moesicae
1636 1494 1766 1550 virtutem

73 1597 179 1634 omnes.
221 1587 245 1636 3.
263 1580 362 1651 Neque
386 1588 481 1634 111111
503 1579 531 1633 in
555 1580 643 1649 ipsam
666 1576 804 1632 fimbriam
829 1573 909 1628 vesti·
937 1578 1069 1646 operandi
1088 1580 1222 1635 miracula
1241 1581 1375 1635 tribueret
1391 1581 1488 1652 Moyse
1510 1582 1569 1651 jam
1588 1581 1720 1637 defuncto
1739 1591 1767 1637 et

72 1668 180 1736 menti,
208 1667 257 1721 sed
285 1666 314 1720 in
342 1666 481 1720 Christum
505 1664 650 1720 collocavit
675 1680 753 1717 suam
771 1659 910 1715 fiduciam.
937 1681 992 1717 uon
1010 1666 1129 1736 amplius
1155 1667 1252 1721 eadem
1281 1674 1312 1721 ut
1343 1685 1448 1738 organo
1472 1668 1508 1721 ad
1535 1675 1767 1742 θαυματουργίαν

75 1753 250 1808 Athanasius
276 1754 305 1806 in
332 1752 379 1808 lib.
399 1753 473 1823 quod
502 1752 574 1806 duae
599 1758 715 1805 naturae
733 1749 762 1802 in
788 1746 909 1802 Christo:
937 1757 1040 1806 utente.
1092 1758 1115 1808 9.
1141 1753 1170 1808 Si
1197 1771 1214 1807 a
1246 1753 1408 1808 vestimento
1437 1753 1540 1808 Christi
1570 1756 1606 1808 ad
1635 1756 1766 1827 reliquias

75 1841 188 1895 Mulier
207 1840 274 1908 illa,
299 1856 370 1909 quae
389 1838 497 1892 Christi
520 1839 658 1902 fimhiam
676 1837 780 1904 tetiqit,
804 1854 860 1888 non
880 1835 910 1886 in
936 1842 1092 1892 sanctorum
1111 1840 1297 1910 argumentari
1310 1839 1382 1909 licet,
1402 1842 1554 1910 poterimus
1567 1841 1650 1895 etiam
1664 1844 1767 1897 sanctis

74 1928 198 1993 fimbria,
216 1929 270 1979 sed
288 1928 317 1979 in
335 1927 405 1993 ejus,
424 1927 474 1993 qui
490 1933 556 1992 toqa
572 1925 686 1978 vestitus
706 1930 767 1976 erut
785 1930 811 1974 et
828 1920 910 1989 cujus
936 1923 1164 1993 omnipotentiam
1193 1925 1314 1980 tribuere
1338 1932 1452 1996 propter
1474 1926 1624 1990 beneficia,
1652 1945 1723 1998 quae
1749 1947 1767 1984 a

72 2021 139 2068 erut
150 2013 276 2081 fimbria,
294 2012 430 2065 invisibili
442 2013 573 2080 potentia
586 2029 663 2080 spem
675 2029 756 2064 suam
767 2016 910 2077 comperta
936 2008 1059 2080 reliquiis
1078 2010 1199 2080 ipsorum
1219 2008 1444 2081 proficiscuntur,
1473 2014 1545 2068 sicut
1562 2012 1671 2069 Christo
1690 2021 1766 2068 recte

74 2110 118 2155 eet
137 2101 299 2154 1011111111.
338 2105 363 2154 4.
381 2097 440 2153 Nec
457 2097 568 2152 fimbria
584 2098 646 2168 ipsa
669 2098 698 2151 in
716 2113 745 2150 se
762 2112 795 2150 sc
812 2111 862 2165 per
879 2109 908 2147 se
936 2095 1081 2150 tribuimus
1100 2097 1326 2167 omnipotentiam
1344 2104 1457 2168 propter
1480 2098 1671 2154 miraculosam
1689 2100 1766 2155 illam

72 2188 133 2240 vim
152 2186 229 2239 illam
247 2184 365 2239 sanandi
385 2184 560 2257 ἐνεργητικὴν
580 2183 695 2251 habuit,
720 2182 770 2235 sed
788 2186 911 2234 assumta
936 2183 1107 2237 sanationem
1120 2183 1349 2240 haemorrhousae
1362 2201 1413 2254 per
1433 2185 1588 2240 vestimenti
1609 2192 1766 2240 contactum

73 2271 179 2327 Christi
201 2288 266 2326 caro
293 2270 402 2324 fimbria
417 2272 518 2325 vestita
536 2278 563 2325 et
581 2272 696 2337 amicta3
724 2285 788 2322 cum
805 2284 860 2321 non
877 2283 910 2321 ex
936 2269 1104 2339 praestitam.
1142 2275 1181 2325 10.
1201 2270 1300 2325 Patres
1320 2271 1391 2324 hanc
1415 2270 1557 2325 historiam
1578 2272 1766 2343 evangelicam

74 2358 196 2427 fimbria,
215 2358 264 2412 sed
283 2357 360 2427 nupsi
380 2358 504 2428 Χριστοῦ
515 2357 602 2410 virtus
619 2355 669 2409 illa
688 2354 796 2408 dicatur
814 2353 911 2408 exiisse
938 2354 1085 2426 diligenter
1105 2355 1260 2426 explicant,
1284 2357 1333 2410 sed
1359 2357 1452 2411 nullus
1469 2374 1563 2412 eorum
1581 2358 1617 2412 ad
1637 2359 1766 2430 reliquia-

75 2445 171 2500 Lucae
192 2449 223 2515 6,
250 2462 275 2499 v.
299 2449 338 2499 19.
367 2459 485 2514 cumque
512 2442 637 2497 Christus
658 2442 686 2502 ii
706 2440 792 2494 αὑτοῦ
815 2447 843 2494 et
857 2436 908 2491 ἀπ’
937 2462 999 2498 rum
1016 2442 1120 2497 cultum
1144 2459 1205 2497 eam
1226 2444 1423 2500 accommodat.
1461 2444 1631 2500 Athanasius
1648 2463 1728 2501 serm.
1743 2455 1767 2502 4.

75 2530 162 2600 uici,
180 2550 213 2585 ea
232 2548 262 2584 se
281 2530 357 2599 ipso,
382 2528 513 2582 virtutem
531 2528 629 2581 exiisse
654 2534 758 2581 asserat
781 2525 866 2581 Marc.
887 2531 911 2594 5,
938 2538 1034 2585 contra
1052 2530 1169 2585 Arianm
1189 2546 1253 2600 pag.
1272 2535 1331 2585 241,
1351 2530 1387 2584 ad
1406 2530 1542 2585 vivificam
1561 2532 1767 2589 nemiremini

75 2640 103 2674 v.
124 2626 165 2675 36.
186 2617 281 2672 Lucae
299 2623 329 2684 8,
350 2634 377 2670 v.
397 2621 437 2672 46.
468 2615 538 2668 Inde
558 2620 632 2668 recte
651 2613 712 2684 quis
732 2613 911 2679 (1111111111-
937 2615 1067 2670 virtutem
1084 2616 1255 2686 probandam
1286 2616 1415 2686 applicat
1453 2620 1514 2686 Ea,
1544 2619 1648 2689 inquit,
1674 2639 1768 2690 opere,

76 2715 161 2761 tinem
183 2705 304 2758 Domini
328 2718 441 2756 sanasse
462 2702 648 2772 ἐνεργητικῶς,
677 2702 760 2765 fidem
786 2700 913 2752 mulieris
938 2720 1009 2771 quae
1044 2711 1109 2756 sunt
1135 2704 1257 2772 propria
1289 2704 1385 2767 Verbi,
1417 2704 1515 2772 qualia
1549 2713 1614 2758 sunt
1642 2715 1768 2760 mortuos

75 2794 231 2865 ὀργανικώς
248 2789 346 2844 Matth.
368 2795 437 2854 3,1.
458 2787 602 2842 1111111.
623 2793 652 2854 5,
668 2804 691 2840 v.
710 2790 753 2840 34.
771 2784 867 2839 Lucae
887 2790 912 2852 8,
938 2789 1074 2853 11111111,
1098 2789 1187 2841 coeam
1218 2789 1306 2842 visum
1337 2790 1494 2854 restituere,
1522 2791 1768 2846 haemorrhousam

76 2899 103 2937 v.
123 2886 164 2936 46.
176 2879 321 2949 flandriam
339 2893 388 2930 seu
411 2879 570 2929 contactum
586 2873 712 2928 fimbriae
729 2874 911 2946 συμβολικῶς.
937 2892 1048 2944 sanare,
1068 2892 1102 2928 ea
1121 2876 1215 2928 omnia
1236 2875 1364 2943 corporis
1378 2877 1533 2930 ministerio
1546 2880 1767 2948 peraqsbantur.

77 2975 103 3023 5.
122 2963 379 3020 Extraordinarium
410 2977 443 3015 ac
473 2962 556 3032 plane
586 2959 707 3030 speciale
738 2959 805 3020 fuit,
836 2957 911 3029 quod
937 2960 1058 3031 Cyrillus
1079 2960 1127 3014 lib.
1146 2966 1171 3016 4.
1191 2960 1221 3014 in
1239 2959 1328 3017 Lavit
1352 2978 1402 3031 per
1423 2967 1525 3017 vestem
1553 2963 1686 3035 intelligit
1703 2982 1765 3018 aar·

76 3053 204 3109 Christus
222 3067 272 3122 per
292 3049 416 3104 fimbriae
434 3054 592 3103 cannetum
609 3046 685 3100 velut
703 3063 752 3117 per
770 3054 911 3100 aeternum
937 3066 998 3101 irem
1012 3047 1118 3100 Christi
1127 3054 1210 3119 atque
1227 3047 1282 3101 huc
1301 3047 1423 3118 applicat
1441 3047 1531 3119 legem
1550 3048 1618 3105 Les.
1635 3055 1659 3119 6,
1678 3056 1766 3106 1181

79 3142 222 3212 qrmddnm
240 3138 393 3206 spnebolum
410 3135 541 3190 virtutem
553 3133 669 3188 sanandi
681 3150 805 3188 exserere
817 3133 911 3198 voluit,
938 3137 1026 3188 Nemo
1045 3143 1142 3203 tcaput
1162 3150 1262 3186 carnes
1283 3134 1426 3202 sacrificii,
1445 3134 1504 3187 nisi
1514 3136 1551 3188 sit
1568 3137 1766 3205 sanctificatus,

78 3224 311 3299 quemadmodum
339 3223 417 3293 virga
442 3221 547 3292 Moysis
579 3221 607 3274 in
632 3219 772 3274 miraculis
797 3220 910 3274 edendis
938 3230 966 3277 et
984 3221 1136 3285 concludit,
1165 3238 1221 3273 non
1244 3237 1361 3288 spamus
1379 3238 1440 3273 cum
1455 3224 1533 3274 nuda
1551 3223 1668 3291 deitate,
1695 3241 1767 3292 quae

79 3312 155 3369 Deus
180 3311 245 3366 olim
271 3326 337 3363 usus
363 3308 432 3376 tuit,
461 3307 548 3361 Exod.
568 3315 598 3375 4,
626 3324 651 3363 v.
679 3312 702 3362 3.
728 3307 803 3360 unde
827 3306 910 3361 etiam
937 3317 978 3362 est
998 3309 1072 3375 iqnis
1089 3324 1263 3372 consumens,
1295 3308 1346 3359 sed
1367 3309 1423 3371 ride
1442 3311 1638 3362 manducemus
1655 3328 1767 3364 carnem

79 3405 223 3456 contactus
254 3395 310 3450 fide
339 3395 488 3448 destitutus
517 3411 573 3448 nou
606 3394 728 3448 obtinuit
757 3410 774 3446 1
800 3392 910 3448 Christo
938 3394 1059 3462 Christi,
1086 3410 1157 3464 quae
1183 3393 1213 3445 in
1231 3401 1406 3447 sacramento
1430 3395 1507 3448 scobis
1530 3397 1625 3450 detur.
1662 3395 1767 3451 Eodem

78 3485 225 3541 sanitatem
253 3482 297 3536 vel
325 3479 402 3535 aliud
432 3478 612 3548 beneficium,
640 3479 725 3533 Marc.
753 3486 783 3544 5,
818 3497 842 3532 r.
870 3485 911 3533 31.
938 3480 1019 3536 modo
1045 3479 1167 3550 applicat
1193 3479 1365 3533 Ambrosius.
1416 3481 1611 3535 Vestimentum
1639 3485 1766 3552 Domini,

79 3574 147 3629 Luc.
170 3576 201 3637 8,
223 3586 247 3623 v.
267 3574 307 3623 45.
345 3567 495 3622 Ρ11101111
514 3573 607 3620 autem
624 3566 729 3620 factum
747 3582 802 3620 non
821 3571 912 3635 potest
936 3567 1034 3638 inquit,
1056 3574 1095 3619 est
1114 3563 1221 3618 Christi
1239 3583 1315 3634 caro,
1336 3566 1417 3634 cujus
1435 3569 1595 3636 adspectum
1613 3569 1693 3622 nobis
1705 3571 1767 3624 sub-

79 3659 209 3716 exhibere
239 3654 369 3726 generale
397 3652 516 3708 fiduciae
542 3653 761 3708 fundamentum.
812 3657 836 3708 6.
865 3652 911 3708 Sic
938 3655 1031 3717 duait,
1061 3651 1177 3721 reliquit
1199 3660 1290 3704 autem
1312 3653 1506 3705 certitudinem
1527 3655 1705 3723 presentiae
1724 3657 1767 3710 di·

10 3741 145 3819 [iii-ergo
162 3742 359 3799 concludimus.
402 3740 563 3812 Symbolum
590 3739 771 3794 miraculosae
791 3741 910 3794 sanatio·
938 3759 1010 3807 cens,
1030 3739 1173 3792 cornedite.
1215 3736 1427 3810 chrysostomus
1447 3738 1518 3795 hom.
1539 3746 1580 3795 51.
1601 3741 1630 3794 iu
1650 3740 1765 3799 Matth.:

79 3835 120 3887 nis
138 3838 283 3886 externum
302 3844 357 3882 non
376 3825 459 3881 debet
476 3826 605 3898 religioso
625 3826 728 3881 honore
748 3826 816 3889 coli,
842 3827 911 3881 alias
940 3828 1100 3896 Tanpamus
1112 3824 1257 3892 fimbriam
1273 3825 1428 3877 vestimenti
1452 3827 1528 3895 ejus,
1560 3827 1615 3880 imo
1638 3845 1703 3882 sero
1727 3838 1765 3883 to-

78 3924 240 3991 pcccassent
269 3914 427 3984 lsrailitae,
467 3914 542 3984 quod
572 3913 668 3984 virgae
699 3913 852 3983 Moesicae,
883 3922 911 3968 et
937 3923 993 3967 tum
1012 3913 1111 3982 ipsunt.
1160 3910 1193 3964 st
1211 3911 1283 3962 euim
1301 3910 1442 3979 volumus,
1472 3929 1527 3965 non
1553 3914 1637 3967 sestis
1665 3914 1766 3982 solemn,

78 4006 220 4074 Elissam,
248 4002 322 4074 quod
349 4001 435 4071 pallio
458 3999 536 4054 Elias
564 3999 669 4053 cultum
697 3997 776 4052 illum
799 4001 911 4055 minime
936 4002 987 4054 sed
1019 4015 1122 4066 corpses
1148 3996 1238 4064 ipsius
1260 3996 1437 4065 propositum
1464 4005 1503 4050 est
1534 4000 1625 4069 noba,
1655 4018 1712 4054 nen
1737 4010 1766 4055 ut

78 4091 250 4148 detulissent.
295 4087 360 4143 Jam
375 4084 440 4141 v‘ero
465 4085 575 4139 fimbria
592 4084 695 4142 Christi
719 4090 748 4140 et
767 4087 828 4156 ejus
846 4104 909 4141 con·
936 4094 1082 4153 tanqamus
1101 4083 1283 4151 solummodo,
1302 4084 1401 4135 sedat
1419 4086 1595 4138 comedamus
1615 4094 1765 4141 111111111-

79 4171 746 4233 1101111111(11111111111111111111110110111
760 4171 910 4226 sanationis
938 4191 1008 4225 mur.
1047 4171 1192 4224 Adeamus
1212 4186 1277 4236 erqo
1300 4168 1441 4223 Christum
1458 4172 1564 4240 sinpuli
1590 4181 1766 4242 aspectantes

78 4262 241 4334 symbolum.
285 4259 355 4314 Cum
375 4258 448 4314 euim
466 4256 564 4313 mulier
583 4257 632 4311 illa
658 4256 713 4312 fide
727 4257 839 4313 heroica
863 4273 910 4328 pe·
936 4275 1039 4328 mayna
1057 4276 1118 4310 cum
1135 4257 1201 4321 fide.
1240 4256 1315 4308 Nam
1339 4256 1366 4308 si
1383 4256 1433 4326 qui
1455 4257 1596 4321 sirnbriam
1614 4261 1768 4314 vestimenti

79 4349 177 4406 culturi
196 4346 316 4419 Spiritus
328 4346 417 4399 sancti
435 4345 570 4399 instinctu
585 4349 613 4398 et
631 4344 751 4414 impulsu
769 4350 911 4409 statueret,
937 4347 998 4415 ejus
1016 4353 1081 4397 tune
1100 4343 1264 4413 tetigerunt,
1283 4349 1356 4395 reete
1375 4359 1468 4396 omnies
1486 4346 1641 4410 valuerunt,
1662 4355 1765 4414 quanto

79 4444 185 4493 tantam
205 4450 267 4489 esse
284 4431 386 4487 Christi
405 4430 568 4501 potentiam,
586 4437 618 4483 ut
630 4447 681 4500 per
694 4430 810 4500 quodvis
827 4431 911 4484 etiam
937 4433 1028 4500 irrepis
1048 4430 1300 4494 corroborabimur,
1321 4429 1348 4482 si
1364 4435 1448 4483 totum
1461 4431 1491 4482 in
1510 4432 1588 4484 nobis
1600 4432 1766 4489 habebimus.

79 4520 222 4575 minimum
240 4517 431 4574 efficacissime
460 4532 543 4589 agere
567 4524 596 4570 et
620 4516 767 4570 sanitatem
787 4515 911 4571 conferre
938 4517 1015 4571 Haec
1043 4515 1259 4571 accommodatio
1282 4515 1399 4570 restium
1420 4514 1521 4570 Christi
1546 4518 1581 4571 ad
1607 4519 1768 4577 verbumst

79 4614 177 4680 quest,
203 4606 265 4662 ideo
289 4605 319 4660 in
344 4601 578 4659 confirmationem
597 4602 671 4657 illiue
697 4600 763 4656 fidei
786 4601 910 4656 Christus
938 4610 1112 4658 sacramenta
1146 4601 1295 4671 Scripturis
1333 4600 1418 4655 sacris
1456 4608 1499 4656 est
1527 4621 1664 4676 congrus,
1702 4608 1768 4681 qnia

78 4694 258 4749 fimbriasue
277 4689 498 4761 velutsymbolo
523 4688 645 4762 quodam
665 4690 702 4742 ad
720 4689 912 4743 miraculosam
937 4688 1064 4745 Christus
1091 4689 1120 4741 iu
1143 4687 1228 4741 verbo
1251 4693 1280 4742 et
1305 4687 1484 4742 sacramentis
1506 4707 1584 4745 suam
1602 4695 1720 4763 gratiam
1741 4702 1768 4750 et

78 4781 249 4837 sanationem
266 4781 308 4834 uti
334 4776 435 4844 voluit,
460 4777 534 4831 unde
562 4776 737 4846 postmodum
764 4793 819 4831 non
838 4776 913 4843 dicit,
938 4774 1045 4829 animae
1074 4781 1183 4828 nostrae
1208 4773 1371 4827 medicinam
1400 4773 1480 4827 nobis
1506 4775 1600 4847 offert,
1628 4779 1683 4833 illis
1707 4797 1767 4835 sese

78 4869 190 4934 fimbria
208 4883 270 4921 mea
293 4874 319 4919 te
337 4864 447 4918 soleam
471 4864 549 4932 fecit,
567 4863 706 4932 111111111-
725 4872 789 4931 tua,
812 4880 868 4935 qua
885 4863 913 4916 in
938 4862 1017 4934 quasi
1054 4859 1178 4926 vestivit,
1217 4859 1246 4913 in
1283 4859 1336 4912 illis
1367 4859 1426 4914 vult
1456 4861 1552 4933 quaeri
1580 4873 1608 4917 et
1641 4866 1767 4937 inveniri,

79 4971 123 5009 me
142 4970 175 5007 ac
193 4953 343 5024 potentiam
362 4957 390 5006 et
408 4949 560 5004 bonitatem
587 4967 676 5005 meam
695 4966 803 5004 omnem
822 4949 913 5004 cordis
937 4950 1016 5006 Rom.
1037 4955 1082 5012 16,
1108 4964 1133 5003 v.
1153 4951 1177 5001 6.
1207 4945 1235 4999 in
1265 4945 1403 5016 baptismo
1420 4945 1553 5003 habemus
1576 4952 1767 5007 vestimentum

79 5041 209 5096 fiduciam
239 5039 389 5093 collocasti.
443 5043 467 5091 ’1.
498 5034 531 5089 Id
564 5036 653 5106 ipsum
684 5035 785 5106 probat
821 5022 1044 5106 praxis'salutis,
1064 5035 1138 5106 quod
1156 5051 1212 5088 nou
1229 5040 1337 5088 tantum
1349 5034 1520 5106 attingimus,
1541 5036 1590 5092 sed
1602 5037 1685 5092 etiam
1703 5056 1768 5094 sera

79 5128 275 5199 apostolorum.
322 5123 496 5178 audiverant
520 5123 638 5192 apostoli
657 5139 691 5177 ac
708 5122 809 5192 reliqui
827 5128 913 5176 testes
938 5122 994 5177 fide
1014 5121 1163 5188 induimus,
1177 5120 1241 5176 Esa.
1256 5126 1298 5183 61,
1314 5138 1339 5175 v.
1356 5128 1395 5176 16.
1416 5121 1445 5175 11
1463 5139 1640 5178 sacracoena
1657 5139 1768 5178 carnem

79 5214 164 5282 hujus
179 5210 321 5278 miraculi,
338 5228 388 5282 per
406 5215 563 5266 contactum
584 5206 710 5263 fimbriae
727 5207 829 5263 Christi
849 5207 912 5263 hae·
939 5209 1042 5280 ipsius,
1061 5222 1144 5280 quam
1160 5205 1340 5277 personaliter
1357 5207 1410 5262 sibi
1430 5209 1519 5263 univit
1538 5226 1570 5263 ac
1584 5209 1688 5278 induit,
1714 5227 1768 5265 uon

80 5298 268 5354 morrhousam
297 5297 459 5352 miraculose
487 5294 573 5351 luisse
601 5301 740 5359 sanatam,
767 5311 833 5347 num
847 5294 1047 5375 veroltantum
1064 5293 1220 5364 tangimus,
1238 5293 1287 5346 sed
1305 5293 1505 5349 manducamus
1523 5295 1558 5348 ad
1578 5295 1663 5349 vitam
1682 5301 1768 5350 aeter-

80 5392 228 5456 propterea
246 5383 383 5439 fimbriam
410 5383 498 5454 ipsam
524 5381 654 5452 religioso
679 5381 757 5436 cultu
773 5381 913 5451 prosecuti
924 5378 927 5443 1
938 5399 1011 5450 nam,
1022 5381 1143 5436 Johaun.
1161 5385 1185 5443 6,
1202 5397 1226 5434 v.
1246 5385 1287 5434 54.
1306 5379 1358 5434 hae
1375 5387 1441 5436 suut
1458 5398 1540 5436 verae
1557 5388 1585 5436 et
1596 5379 1769 5438 indubitatae

133 5477 372 5523 armannum
1424 5490 1440 5539 ,5
