4074 6022
876 250 930 305 Dii
954 248 1096 306 MORTE.
1772 260 1833 320 201

133 414 160 461 et
178 406 408 475 consequentibus
432 406 600 469 manifestus
625 415 667 460 est
691 424 803 471 semus,
827 409 904 476 quod
921 423 972 459 noe
994 407 1096 474 finitos
1113 423 1224 477 poenas
1242 407 1349 472 delent,
1368 424 1510 476 nunquam
1525 408 1697 476 persalutat.
1734 410 1836 478 Itaque

135 493 277 547 Dominus
296 499 380 561 atque
400 492 533 546 Sdoator
561 500 670 557 noster,
694 494 762 546 dum
779 495 810 546 in
829 494 910 547 setius
929 509 970 545 se·
1000 496 1097 548 eodem
1113 509 1198 547 sensu
1217 495 1268 546 ltoc
1293 495 1356 548 laco
1375 492 1463 546 dictio
1489 493 1542 546 illa
1560 493 1649 548 donec
1667 494 1836 562 accipienda

134 579 194 632 erili
209 579 257 632 uia
277 578 431 642 currimrss,
456 579 498 630 ad
512 594 614 646 pacem
630 587 656 632 et
674 570 857 633 concordiam
874 581 971 633 color·
1000 588 1048 649 est,
1063 597 1117 648 qao
1138 581 1241 635 Mattl.
1261 584 1286 647 1,
1304 598 1327 633 u.
1345 581 1390 634 25.
1421 579 1694 634 cornelianaenius
1712 580 1741 633 in
1759 596 1835 634 cane.

134 672 210 719 tetur
240 665 327 732 jueta
353 665 511 731 apostolum
539 665 692 718 dicentem:
724 665 759 720 Si
778 667 849 733 fieri
874 672 972 734 potest,
998 681 1095 737 evang.
1116 684 1140 720 c.
1158 672 1200 721 40.
1220 683 1249 735 p.
1271 670 1334 721 180:
1358 666 1425 718 Non
1439 672 1534 736 potest
1554 681 1588 718 en
1606 667 1658 719 loc
1677 667 1740 719 loco
1758 674 1835 719 recte

135 757 270 820 quntum
288 766 321 802 ee
333 749 411 803 vabre
423 756 473 813 eet,
488 766 550 802 cum
563 749 689 803 amnibus
701 751 857 804 hominibus
871 767 971 820 pacem
999 752 1061 820 quis
1078 768 1178 820 urqere
1194 752 1392 821 probationem
1414 750 1584 820 purqatorii.
1630 750 1728 808 Didae.
1748 751 1835 807 Stella

133 836 274 891 habentes.
300 834 396 904 Atque
405 833 478 888 hanc
486 839 568 888 vocat
576 837 758 899 manifestam
768 844 794 889 et
804 853 970 906 consequen·
998 837 1028 891 in
1045 854 1069 892 c.
1095 844 1134 893 12.
1157 837 1227 893 Luc.
1245 854 1273 906 p.
1292 842 1340 891 99:
1369 838 1404 891 Si
1422 837 1543 904 dixeris,
1561 837 1764 905 ,doumsoloot
1782 845 1834 892 etc.

133 921 416 989 temintelliqentram.
445 920 559 991 Reliqui
568 921 714 992 allegorias
725 928 873 985 sectantur,
884 922 970 977 sedin
998 926 1076 992 quod
1100 931 1254 993 postquam
1283 924 1411 990 solverit,
1436 922 1532 990 cedd,
1551 940 1607 977 non
1635 923 1760 987 erratis,
1784 925 1837 977 sed

135 1006 324 1078 applicatione
359 1022 416 1060 nou
451 1006 626 1063 conveniunt.
685 1007 739 1062 Per
776 1008 970 1062 aduersarium
998 1011 1041 1063 ita
1059 1027 1167 1079 meoque
1185 1009 1481 1078 siqnificatnunquam
1493 1009 1615 1077 quiaad
1630 1011 1713 1072 tinem
1731 1009 1837 1077 infiniti

135 1091 272 1163 Origenes
290 1091 382 1148 homil.
404 1095 445 1147 35.
464 1092 494 1145 ἰιι
512 1093 582 1148 Luc.
600 1092 780 1157 Ambrosius,
803 1092 971 1164 Euthymius
997 1114 1142 1164 nunqum
1161 1095 1328 1163 peruenitur
1358 1102 1383 1147 et
1406 1094 1555 1163 particula
1577 1094 1668 1149 donec
1691 1095 1721 1147 in
1744 1095 1836 1148 sacris

134 1184 165 1233 et
180 1177 409 1248 Theophylactus
434 1177 463 1231 in
489 1195 550 1248 cup.
572 1183 609 1233 ta.
640 1178 710 1234 Luc.
736 1178 922 1250 Hieronymus
942 1180 971 1232 in
998 1183 1091 1235 literis
1122 1182 1312 1234 aeternitatem
1342 1181 1491 1248 siqniticat.
1539 1180 1655 1234 'toletus
1686 1179 1715 1233 in
1744 1196 1768 1234 c.
1796 1185 1834 1236 ll.

135 1263 218 1335 epist
233 1270 259 1319 8.
275 1263 312 1317 ad
324 1262 529 1319 Demetriadem
546 1263 707 1336 intelligunt
720 1266 874 1334 diabolum,
886 1283 969 1337 quam
999 1271 1067 1324 Luc.
1080 1275 1172 1322 annot
1186 1273 1235 1323 90:
1248 1270 1338 1321 Notat
1350 1267 1546 1334 Hieronymus,
1556 1267 1732 1336 particulam
1747 1265 1835 1321 donec

134 1349 296 1421 opinionem
324 1347 427 1404 refellit
443 1349 618 1421 Augustinus
640 1350 689 1404 lib.
712 1358 733 1408 l.
760 1351 794 1405 de
816 1367 896 1406 serm.
914 1350 970 1405 Do·
998 1354 1100 1407 Multi.
1125 1357 1154 1416 1,
1181 1373 1206 1407 u.
1233 1356 1279 1410 25,
1306 1371 1362 1406 non
1392 1354 1555 1422 siqnificare
1575 1352 1719 1420 Virqinem
1733 1360 1836 1421 postea

134 1435 203 1491 mini
221 1435 252 1490 in
268 1441 363 1489 monte
386 1452 447 1505 cap.
466 1441 506 1493 22.
530 1453 593 1490 oum
616 1437 727 1492 diabolo
745 1454 801 1491 non
820 1436 971 1492 debeamus
997 1439 1088 1492 vinem
1102 1439 1277 1507 capuanisse,
1305 1441 1358 1492 sed
1376 1438 1409 1492 id
1426 1439 1531 1506 salum,
1559 1454 1620 1490 eam
1638 1445 1835 1506 antepartum

134 1540 197 1578 esee
215 1521 356 1591 benevoli3
376 1521 425 1576 alii
444 1539 495 1592 per
513 1523 710 1576 adiutorium
728 1522 890 1593 intelligunt
909 1540 971 1577 car·
1000 1525 1139 1591 capnitam
1158 1542 1214 1578 non
1240 1523 1347 1588 fuisse,
1376 1524 1418 1576 sic
1436 1524 1466 1576 in
1493 1523 1640 1592 praesenti
1665 1541 1718 1577 sou
1745 1523 1834 1578 donee

135 1625 206 1677 nem,
224 1608 301 1680 quod
319 1609 417 1663 eodem
437 1614 601 1680 argumento
612 1608 737 1664 Hilarius
756 1610 971 1681 etAugustinus
999 1610 1092 1680 accipi
1105 1617 1211 1681 pateat,
1238 1628 1294 1663 non
1321 1611 1398 1678 quod
1421 1610 1513 1664 soluat
1534 1609 1657 1662 debitum
1682 1617 1709 1662 et
1731 1618 1832 1677 postea

133 1694 280 1763 refelluut3
306 1693 354 1747 elii
378 1710 443 1748 vero
461 1695 604 1763 spiritum,
630 1693 676 1749 cui
700 1711 764 1750 caro
781 1695 884 1750 debeat
907 1712 971 1749 con·
1000 1705 1093 1764 meat,
1126 1698 1179 1750 sed
1213 1696 1246 1749 id
1281 1696 1383 1763 solum,
1422 1697 1499 1765 quod
1534 1714 1590 1750 non
1621 1696 1706 1748 aliter
1741 1696 1834 1750 coibit.

135 1780 254 1844 sentire,
283 1780 333 1835 sed
360 1780 413 1835 hoc
446 1779 549 1835 refellit
580 1780 782 1851 Hieronymum
806 1780 971 1836 Ambrosius
1001 1788 1023 1837 3.
1043 1781 1138 1838 Verba
1157 1780 1260 1836 Christi
1285 1787 1335 1836 aut
1356 1781 1530 1851 accipiuntur
1554 1781 1583 1833 in
1610 1797 1692 1834 scunt
1716 1781 1834 1848 literali,

136 1866 251 1936 exponit
278 1866 312 1920 de
338 1875 470 1936 peccat03
495 1866 636 1935 Hilarius,
658 1868 808 1922 Anselmus
827 1872 855 1922 ct
873 1867 971 1922 Hiero·
999 1873 1048 1921 aut
1065 1869 1221 1936 alleqorico
1238 1887 1273 1922 ac
1291 1868 1414 1935 nepetico.
1451 1866 1481 1921 Si
1501 1867 1586 1937 prius,
1605 1866 1710 1920 nullam
1730 1883 1833 1937 purga·

10 1953 56 1992 W·
71 1950 122 1991 ³¹³
135 1968 238 2022 uymus
256 1952 286 2005 in
309 1967 334 2005 c.
353 1959 377 2007 5.
406 1952 505 2008 Matth.
528 1969 578 2023 per
605 1953 792 2008 adversarium
811 1953 973 2024 intelligunt
999 1954 1062 2007 terii
1093 1952 1277 2024 suspicionem
1309 1953 1353 2011 vel
1384 1953 1524 2007 minimam
1556 1952 1699 2020 injiciunt3
1732 1968 1833 2022 scopus

136 2039 260 2093 alterum
284 2038 438 2102 hominem,
463 2039 513 2106 qui
535 2056 587 2092 nos
610 2039 709 2106 laesit,
740 2045 790 2094 aut
813 2057 864 2092 noa
881 2041 971 2094 iiluna
1000 2040 1072 2095 enim
1087 2039 1189 2093 Christi
1208 2046 1251 2093 est
1267 2039 1421 2107 ostendere,
1440 2043 1544 2108 quanto
1563 2037 1656 2091 studio
1674 2037 1833 2107 quaerenda

134 2123 192 2179 Sed
217 2123 291 2177 hanc
315 2123 512 2192 expositionem
541 2123 637 2178 itidem
665 2123 767 2178 refellit
787 2123 970 2195 Augustinus.
999 2125 1037 2178 sit
1054 2125 1240 2179 reconciliatio
1257 2141 1321 2178 cum
1345 2123 1413 2187 illis,
1440 2121 1486 2192 qui
1504 2140 1522 2176 a
1539 2122 1620 2175 nobis
1639 2121 1738 2176 offensi
1759 2128 1833 2193 sunt,

134 2209 193 2263 Alii
211 2209 299 2281 igitur
316 2208 480 2278 intelligunt
502 2211 539 2262 de
562 2211 623 2279 leqc
640 2212 700 2262 Dei
723 2212 767 2262 uel
792 2212 970 2265 conscientia.
1000 2220 1027 2265 et
1044 2215 1149 2282 quanto
1170 2224 1233 2264 cum
1254 2209 1378 2279 periculo
1401 2210 1581 2278 conjunctum
1599 2207 1651 2275 sit,
1670 2208 1693 2261 si
1713 2209 1835 2262 reconci-

134 2295 190 2349 Per
207 2294 352 2348 ministros
372 2293 536 2348 Ambrosius
555 2294 584 2347 in
603 2312 627 2348 c.
651 2301 688 2350 12.
709 2296 778 2349 Luc.
796 2296 970 2367 Augustinus
1000 2296 1143 2350 liationem
1162 2296 1237 2349 illam
1258 2294 1476 2365 praetermittere
1495 2294 1624 2359 velimus,
1650 2293 1766 2364 proinde
1782 2310 1834 2348 nos

133 2382 196 2436 lt.
232 2380 268 2434 de
299 2397 379 2434 serm.
410 2380 490 2437 Dom.
518 2380 548 2433 in
577 2388 664 2435 morte
696 2398 719 2437 c.
747 2387 788 2439 21.
814 2382 972 2452 intelligunt
998 2381 1134 2435 cohortari
1162 2382 1198 2434 ad
1228 2380 1399 2434 sarciendam
1427 2387 1456 2433 et
1481 2379 1629 2433 ineundam
1655 2378 1831 2433 concordiam
1876 2449 1880 2455 .

135 2467 252 2534 ampelos
282 2466 381 2534 laum,
409 2465 562 2537 Gregorius
593 2466 666 2520 hom.
687 2473 729 2522 39.
758 2468 786 2521 in
815 2485 913 2539 evang.
943 2474 972 2523 et
999 2484 1061 2521 curn
1082 2465 1247 2521 adversariis
1267 2467 1377 2535 nostris,
1396 2465 1528 2535 quamdiu
1547 2465 1638 2519 invia
1656 2464 1740 2534 hujus
1759 2464 1832 2519 vitae

134 2550 366 2621 Tbeophylactus
391 2551 420 2604 in
446 2567 468 2606 c.
490 2557 529 2607 12.
548 2551 618 2606 Luc.
644 2555 804 2611 daemonas.
849 2554 903 2608 Per
928 2570 970 2607 so·
998 2570 1061 2607 cum
1074 2554 1141 2624 ipsis
1153 2552 1335 2608 ambulamus.
1365 2553 1395 2607 Si
1414 2553 1558 2623 posterius,
1578 2553 1652 2622 quad
1664 2550 1832 2605 Bellarmino

135 2638 270 2692 lationem
287 2637 429 2691 novissimi
448 2638 611 2708 quadrantis
629 2638 802 2708 Augustinus
819 2640 837 2694 l.
857 2629 971 2695 de'octa
999 2640 1104 2710 placet,
1131 2656 1186 2693 nan
1203 2644 1335 2709 poterunt
1350 2639 1537 2708 apodicticam
1554 2639 1668 2708 aliquod
1687 2653 1833 2708 argumen-

136 2724 222 2796 qud
240 2723 346 2778 Dulcit.
366 2723 469 2795 accipit
482 2740 594 2793 poenas
613 2726 905 2795 pedennaeaeternas,
925 2727 970 2780 alii
998 2730 1057 2779 tum
1078 2742 1129 2795 pro
1152 2726 1314 2796 purgatorio
1344 2724 1515 2780 adstrumdo
1542 2724 1736 2794 suppeditare,
1767 2722 1835 2794 quia

136 2810 173 2863 de
190 2809 318 2877 pelicano
340 2817 368 2863 et
388 2810 558 2878 purqatcrio
584 2809 669 2863 simul
687 2818 842 2879 exponunt,
867 2811 915 2866 alii
937 2811 971 2866 de
999 2812 1141 2881 theoloqia
1168 2812 1322 2880 symbolica
1350 2829 1384 2865 ac
1409 2811 1580 2880 parabolica
1607 2827 1664 2863 non
1692 2816 1733 2863 est
1749 2826 1834 2877 orpu-

136 2894 198 2949 solo
216 2894 391 2964 purpotorio
425 2898 470 2962 (ut
496 2895 680 2950 Bellarminus
705 2897 826 2966 censet);
868 2897 971 2969 Ecquis
1000 2899 1156 2953 rnentatiua.
1197 2905 1222 2956 t.
1243 2897 1431 2968 chrysostomi
1460 2895 1696 2967 interpretationi,
1729 2895 1776 2966 qui
1804 2895 1834 2948 in

136 2980 224 3051 igitur
253 2981 284 3034 in
309 2980 363 3034 hoc
393 2981 455 3036 loco
485 2980 595 3036 firmum
622 2983 784 3054 purgatorio
801 2983 970 3052 praesidium
999 3001 1082 3040 sensu
1105 2984 1206 3040 literali
1235 2983 1320 3039 verba
1344 2982 1448 3038 Christi
1471 2981 1636 3054 accipienda
1660 2999 1719 3037 esse
1744 2982 1833 3050 docet,

136 3072 266 3137 peretum
288 3080 348 3120 esse
365 3064 418 3119 sibi
436 3066 636 3136 persuadebit?
679 3073 704 3123 2.
724 3068 766 3124 Ne
785 3068 838 3138 ipsi
859 3069 971 3139 quidem
1001 3071 1184 3126 Bellarminus
1202 3071 1258 3124 duo
1287 3069 1396 3141 objicit,
1422 3069 1594 3141 primosum
1612 3086 1668 3122 non
1691 3084 1750 3121 esse
1767 3068 1833 3120 sim

135 3151 277 3208 Pontifioii
291 3153 327 3207 da
338 3153 500 3223 purgatorio
517 3153 591 3208 hunc
603 3155 696 3209 locum
708 3171 802 3210 omnes
821 3155 969 3226 accipiunt.
995 3158 1112 3228 pliciter
1137 3157 1326 3225 probabilem,
1349 3162 1410 3210 tum
1433 3155 1509 3226 quod
1531 3155 1637 3223 reliqui
1660 3154 1832 3221 emtoritcres

136 3239 288 3309 cajetanus
308 3244 337 3293 et
355 3238 487 3292 Erasms
507 3239 695 3310 chrysostomi
714 3258 747 3296 ac
767 3240 971 3312 Theophylacti
998 3244 1063 3296 laic
1075 3242 1303 3311 interpretationi
1314 3243 1507 3308 refragentur,
1527 3241 1577 3310 qui
1587 3256 1742 3293 emmonem
1758 3239 1831 3291 lunc

136 3324 394 3395 interpretationem
406 3325 620 3396 amplectuntur,
640 3326 715 3396 quod
731 3330 863 3392 fraterna
875 3345 971 3381 recon-
999 3329 1217 3398 metaphoricum
1237 3344 1295 3381 esse
1315 3336 1463 3392 censeant;
1485 3334 1545 3381 tum
1569 3325 1643 3396 qnod
1668 3342 1724 3377 non
1741 3325 1833 3378 soleat

136 3411 247 3464 cilentio
274 3412 305 3464 in
333 3413 386 3464 lac
410 3411 470 3465 uita
493 3412 666 3482 quairencla.
709 3412 808 3469 iehan.
833 3415 918 3468 Ferus
942 3415 971 3468 in
999 3414 1139 3468 Dominus
1162 3423 1220 3468 tam
1241 3414 1317 3467 serio
1341 3416 1441 3467 «laem
1467 3421 1494 3466 et
1518 3414 1658 3466 insincere
1681 3411 1832 3463 humanam

137 3512 252 3551 comm:
278 3496 370 3550 Multi
385 3497 474 3550 multa
491 3498 679 3567 scripserunt,
703 3500 766 3567 quie
783 3499 821 3552 sit
838 3501 970 3554 adversa·
994 3501 1192 3571 praeentiam,
1217 3508 1274 3553 tum
1294 3501 1371 3568 quod
1395 3499 1523 3552 Christus
1547 3516 1603 3551 non
1622 3505 1680 3550 tam
1699 3495 1832 3550 assumus

136 3584 198 3636 rius
215 3583 281 3650 ille,
308 3599 359 3636 nec
376 3590 470 3636 tamen
488 3600 560 3653 quem
579 3585 767 3653 scripserunt,
786 3586 858 3639 sutis
874 3587 970 3640 uiden·
998 3587 1110 3651 eliceret,
1130 3602 1211 3640 amen
1230 3587 1294 3640 dico
1313 3586 1372 3654 tili,
1392 3603 1448 3638 non
1465 3584 1551 3638 scibis
1569 3583 1643 3647 inde,
1662 3583 1689 3636 si
1706 3583 1831 3651 loquere·

136 3677 184 3722 tur
202 3670 378 3722 concordare
398 3669 506 3722 literae.
547 3670 666 3723 Omissis
684 3670 772 3738 iqitur
790 3670 916 3725 omnibus
934 3671 970 3724 iis
997 3675 1094 3727 tarde
1111 3673 1222 3741 iudicio
1248 3671 1383 3735 humano,
1407 3689 1469 3724 cum
1497 3686 1582 3739 saepe
1602 3670 1747 3722 uideamus
1767 3685 1831 3721 con·

138 3756 170 3808 id
193 3755 255 3809 uult
284 3754 425 3823 Christus,
455 3756 486 3810 in
517 3757 638 3810 externis
666 3758 748 3810 rebus
771 3774 970 3828 nonnunquam
998 3759 1118 3812 trarium
1135 3759 1280 3822 accidua,
1304 3766 1335 3810 ut
1353 3756 1397 3811 rei
1414 3757 1568 3810 liberentur
1585 3757 1687 3819 farore
1707 3754 1832 3822 alicuine
1845 3757 1967 3804 1v11.³li.

136 3841 225 3895 seems
242 3849 284 3895 est
303 3842 386 3896 etiam
403 3843 510 3912 iniquis
533 3843 740 3897 conditionibus
759 3862 820 3897 crem
837 3847 969 3898 aduersa·
996 3845 1041 3900 uel
1063 3862 1120 3913 per
1151 3861 1181 3898 se
1203 3845 1324 3911 sapiant
1354 3851 1380 3896 et
1408 3843 1481 3896 nihil
1503 3842 1623 3896 soleant.
1668 3841 1782 3893 Deinde
1805 3839 1833 3891 ri

137 3928 182 3980 rio
213 3944 385 3997 ammonere,
416 3946 501 3998 pem
519 3929 585 3983 lites
609 3936 636 3982 et
666 3930 852 3984 contentiones
882 3931 969 3999 sequi.
1001 3931 1188 4000 Olrpsostomi
1209 3930 1345 3983 eumatio
1372 3937 1403 3982 nt
1427 3928 1588 3998 motabilis
1607 3926 1699 3994 recipi
1722 3925 1831 3992 deleat,

138 4012 316 4069 Maldouatus
346 4013 399 4071 ib.:
431 4016 489 4069 Hic
518 4023 559 4069 est
590 4032 673 4069 neme
702 4033 814 4086 aeneus,
842 4016 877 4069 id
899 4017 969 4070 enim
996 4020 1086 4073 solum
1115 4017 1207 4086 recipi
1228 4033 1313 4085 posse
1336 4033 1393 4084 pro
1416 4015 1453 4068 iio
1472 4015 1578 4081 uerbis,
1605 4029 1675 4082 quiae
1694 4013 1830 4064 habentur

134 4099 263 4167 postulat
291 4102 487 4170 cmuequentia
524 4102 690 4169 sententiae,
723 4110 755 4155 ut
786 4103 970 4156 adtrenartne
999 4105 1216 4160 licilianum
1233 4110 1327 4156 auum
1336 4119 1392 4172 pro
1410 4101 1455 4170 iis,
1468 4117 1539 4169 quae
1556 4098 1772 4153 habenturLuc.
1786 4099 1830 4148 12.

137 4185 297 4254 appelletur
327 4186 365 4252 is,
397 4186 448 4255 qui
474 4187 556 4240 lohet
587 4187 701 4256 aliquid
730 4189 879 4241 aduersum
910 4207 969 4242 nos.
997 4207 1058 4244 cum
1077 4189 1107 4242 in
1125 4191 1187 4244 loco
1202 4187 1362 4257 posteriore
1387 4189 1424 4240 de
1445 4186 1554 4254 iudicio
1570 4190 1639 4252 past
1657 4184 1729 4237 lanc
1746 4182 1831 4234 citam

137 4271 332 4326 Adversarius
350 4272 440 4342 iqitur
453 4281 548 4326 nomer
558 4273 617 4343 ille,
635 4291 714 4343 mecm
732 4275 872 4342 laesimus,
891 4293 970 4344 quem
998 4276 1126 4330 Christus
1142 4276 1285 4344 loquatur.
1321 4271 1548 4342 Respondemus:
1574 4269 1671 4340 negari
1690 4267 1767 4321 nulla
1784 4283 1830 4320 vs·

138 4374 208 4411 raca
226 4366 278 4411 aut
295 4359 410 4412 stultum
427 4360 650 4429 appellavimus,
670 4361 720 4429 qui
738 4363 875 4415 actionem
891 4365 973 4431 opssd
998 4361 1086 4417 ritatis
1104 4360 1197 4431 specie
1217 4364 1317 4430 potest,
1336 4357 1434 4411 Matth.
1454 4365 1478 4413 5.
1498 4356 1637 4412 Christum
1657 4355 1692 4410 de
1709 4351 1830 4407 reconoi-

138 4446 230 4497 Deum
248 4451 347 4497 contra
365 4462 418 4498 nos
443 4446 531 4499 labet,
577 4447 629 4500 Via
653 4447 739 4515 hujus
765 4447 838 4501 selae
857 4455 970 4516 tempus,
997 4447 1112 4502 liatione
1136 4445 1261 4500 fraterna
1284 4448 1312 4498 et
1331 4442 1534 4498 condonatione
1557 4440 1721 4513 injuriarum
1739 4455 1831 4509 agere,

135 4530 225 4597 iudea
243 4530 378 4598 Christus,
396 4532 446 4599 qui
462 4532 590 4585 dicturus
608 4541 657 4601 eat,
675 4535 752 4602 quod
769 4534 821 4587 uni
837 4549 871 4586 en
889 4533 970 4586 mini·
997 4520 1030 4587 ut
1038 4530 1230 4587 antecedentia
1245 4528 1391 4584 manifeste
1401 4534 1547 4598 testantur,
1559 4528 1694 4583 hactenus
1703 4527 1790 4597 igitur
1802 4531 1831 4580 et

137 4615 189 4669 mis
212 4615 258 4669 lis
280 4615 408 4684 secutis,
433 4617 505 4671 milri
518 4619 646 4688 fecicum
673 4620 802 4673 rninmter
830 4619 970 4686 diabolus,
997 4620 1049 4674 hoc
1058 4623 1186 4688 respectu
1195 4616 1382 4687 chrysostomi
1394 4615 1586 4686 interpretatio
1598 4620 1695 4686 utpote
1705 4630 1789 4684 scopo
1802 4618 1831 4667 et

137 4701 187 4770 qui
216 4702 247 4754 in
283 4703 447 4771 torquendis
482 4705 656 4758 anondis
687 4707 751 4759 Deo
785 4706 969 4760 ministerium
997 4705 1137 4760 contextui
1155 4719 1290 4774 perquam
1303 4701 1480 4759 accommoda
1491 4701 1632 4772 repudiari
1645 4701 1751 4771 nequit.
1770 4699 1829 4756 Nec

132 4788 269 4860 prosim
289 4804 389 4842 carcer
405 4789 549 4857 infernus,
575 4793 724 4861 quadrans
744 4793 860 4846 minima
877 4793 970 4861 culpo,
998 4797 1144 4863 propterea
1157 4789 1306 4845 humanam
1319 4789 1494 4860 prudentiam
1506 4789 1606 4844 docere
1617 4786 1743 4842 Christus
1755 4785 1830 4856 judi-

136 4880 196 4927 erat
213 4873 286 4927 enim
307 4877 454 4942 quadrans
472 4876 603 4929 minimus
615 4895 742 4930 nummus
754 4879 811 4932 dno
828 4880 971 4933 continens
997 4877 1111 4945 candus,
1130 4875 1196 4948 quia
1214 4877 1350 4931 forensem
1363 4874 1440 4929 illam
1457 4873 1622 4929 sententiam
1641 4872 1831 4927 accommodat

134 4963 250 5016 minuta.
295 4961 398 5032 Itaque
425 4962 467 5014 ad
494 4962 623 5017 ultimum
649 4965 835 5033 quadrantem
862 4966 970 5020 salvem
997 4964 1034 5019 ad
1043 4970 1167 5019 mutuam
1179 4963 1294 5016 tremum
1307 4959 1566 5028 reconciliationem,
1576 4975 1648 5030 quae
1657 4958 1777 5029 pertinet
1790 4960 1832 5010 ad

133 5067 189 5119 pro
208 5065 315 5103 mimo
331 5049 396 5116 iure
414 5048 517 5117 puniri
529 5051 683 5117 prouerbio
701 5051 855 5104 dicebatur.
890 5022 1177 5121 Quodiprudentiam
1195 5051 1341 5119 jrsstorum
1365 5046 1432 5102 Luc.
1454 5053 1483 5114 l,
1501 5065 1528 5101 r.
1549 5051 1588 5101 ll.
1615 5044 1726 5099 iuterim
1749 5042 1831 5098 nobis

134 5144 227 5190 amma
247 5136 333 5200 dicit,
351 5152 402 5190 nos
420 5134 486 5189 inde
503 5152 558 5189 non
578 5137 713 5206 coituros,
736 5140 825 5191 donec
844 5111 1174 5208 nleinnninequsqusm
1192 5134 1368 5202 adversatur,
1391 5133 1415 5186 si
1441 5132 1503 5204 quis
1529 5148 1591 5185 cum
1609 5129 1776 5201 quibusdam
1796 5145 1830 5183 ex

101 5212 105 5223 ¹
135 5224 324 5291 qrsadrantem
354 5221 562 5291 persolvamus,
590 5239 647 5276 non
679 5223 836 5292 siqnificat,
867 5231 898 5276 ut
929 5204 1137 5293 citffveterihus
1163 5218 1326 5274 renuntiem
1345 5216 1449 5272 Christi
1473 5216 1667 5286 nnpnpclssoie
1683 5214 1719 5269 ad
1736 5214 1831 5284 poeni·

133 5309 325 5378 disquatiant,
343 5309 465 5363 caducos
478 5316 596 5376 postea,
612 5310 667 5362 sed
681 5326 822 5378 nunquam
840 5311 972 5379 muros,
983 5300 985 5349 l
997 5310 1114 5366 undam
1131 5307 1161 5361 in
1176 5306 1229 5360 hac
1252 5305 1312 5359 ritu
1333 5309 1441 5359 mature
1464 5300 1604 5373 agendam
1622 5299 1831 5356 accommodare

136 5395 206 5464 quia
223 5395 321 5462 quiin
342 5394 456 5464 mfmno
477 5401 549 5460 mant,
568 5410 631 5447 cum
649 5410 758 5465 semper
778 5395 888 5449 debitae
900 5413 970 5465 pae-
996 5395 1079 5460 velit,
1104 5397 1136 5449 ut
1154 5391 1309 5462 accipiatur
1327 5394 1462 5461 tunquam
1479 5388 1573 5459 gravis
1591 5402 1626 5441 ac
1643 5386 1716 5440 seria
1734 5385 1830 5440 exhor-

133 5498 187 5537 nas
203 5480 330 5550 soleant,
357 5479 426 5553 quia
444 5496 503 5555 pro
519 5480 642 5554 quolibet
661 5480 778 5537 mortali
790 5490 910 5555 peccato
928 5482 969 5538 in·
997 5483 1076 5554 tatio,
1094 5485 1127 5539 ut
1140 5485 1205 5554 post
1221 5477 1325 5554 lapsus,
1344 5477 1410 5534 dum
1426 5475 1456 5532 in
1472 5474 1519 5532 ria
1535 5473 1618 5549 hujus
1632 5471 1706 5531 ritae
1727 5488 1831 5546 eumue,
