4104 6014
726 284 778 340 DE
795 281 1041 343 MORTUORUM
1057 281 1384 343 RESURRECTIONE.
1837 297 1896 352 477

202 436 385 506 apostolieum
402 436 506 509 Ephss.
526 445 550 505 4,
570 456 595 495 v.
618 446 664 495 13:
694 443 792 497 Donec
812 453 990 495 occurramus
1006 433 1037 487 in
1065 452 1100 490 ea
1120 445 1211 493 aetate
1229 447 1257 494 ct
1274 441 1382 509 robore,
1406 460 1494 512 usque
1517 445 1559 497 nd
1575 462 1659 513 ossam
1677 443 1723 497 bic
1738 443 1900 514 peruenisse

202 522 293 577 tirum
314 524 474 592 perfectum
497 527 528 579 in
553 543 710 582 menarram
734 528 836 582 demtis
847 524 1036 601 plenitudinis
1065 522 1207 579 Cbristam
1224 527 1417 599 eopnooimus,
1444 529 1522 583 cirea
1544 530 1663 599 tripinta
1687 530 1790 601 quippe
1810 547 1900 584 annos

204 608 317 688 curisti
353 609 528 682 Augustinus
553 611 601 667 lib.
622 618 662 672 22.
687 613 721 670 de
747 614 822 670 civit.
842 612 895 669 Dei
913 630 975 683 cup.
997 617 1035 669 1³.
1063 610 1212 681 (quaedum
1244 612 1413 685 exemplaria
1441 613 1546 670 hebent
1573 615 1692 682 triyinta
1715 623 1771 670 tres
1797 615 1899 680 annos)

202 702 346 760 memoret,
375 699 515 764 quosdam
541 701 583 753 ad
606 701 682 754 idem
705 701 886 771 probandum
906 698 1036 753 attulisse
1063 695 1232 774 definierunt
1249 714 1308 752 esse
1327 699 1411 752 etiam
1429 699 1520 754 seculi
1536 700 1620 770 liujus
1641 701 1797 755 doctissimi
1811 699 1898 754 lomi·

201 781 293 835 looum
307 780 385 838 Rom.
406 788 436 851 8,
459 800 485 837 v.
503 789 551 840 29:
585 784 661 848 Quos
681 787 852 856 praescivit,
886 802 933 841 eos
952 784 1035 838 etiam
1062 796 1111 835 nes
1135 783 1320 850 iuuentutem,
1353 801 1425 854 quae
1452 803 1515 840 cum
1538 788 1631 853 feeerit
1657 787 1752 857 spatio
1773 786 1898 857 proprio

198 868 423 936 praedestinavit
452 871 612 936 conformes
637 872 703 934 fieri
734 873 854 941 imapini
879 871 954 927 Filii
979 870 1038 924 Dei
1062 869 1222 939 terminato,
1243 869 1310 926 inde
1325 872 1387 939 iam
1404 872 1541 928 bominem
1559 873 1590 927 in
1609 874 1775 928 detrimenta
1786 890 1898 942 verpere
1971 869 1975 878 ’

204 951 260 1018 (cui
277 953 446 1026 conjungere
467 954 625 1025 potuissent
644 957 735 1013 locum
751 956 876 1028 Philipp.
894 962 925 1026 3,
946 975 972 1012 v.
990 961 1037 1010 21:
1062 955 1206 1023 pronioris
1223 974 1257 1010 cc
1274 958 1374 1012 senilis
1391 959 1504 1027 aetatis,
1524 967 1551 1013 et
1568 960 1632 1013 ideo
1649 977 1707 1013 non
1722 976 1779 1013 esse
1795 960 1900 1013 dictum

204 1038 333 1093 Obristrss
349 1041 518 1108 reformabit
534 1059 637 1112 corpm
655 1052 779 1099 nosmtm
796 1044 910 1114 humile,
927 1050 958 1097 at
975 1060 1036 1098 con·
1062 1039 1092 1093 in
1104 1057 1262 1096 murmurum
1282 1045 1412 1115 corporis
1425 1047 1469 1100 uel
1484 1047 1514 1099 in
1531 1062 1690 1101 nummum
1703 1053 1837 1110 staturae,
1849 1048 1901 1100 scd

202 1126 295 1187 forme
309 1128 362 1191 fiat
380 1128 495 1197 corpori
512 1146 563 1182 suo
580 1130 743 1199 glorioso),
771 1146 854 1201 quem
876 1129 928 1185 hoc
954 1144 1038 1184 sensu
1063 1126 1092 1179 in
1108 1143 1268 1183 mensuram
1279 1132 1382 1184 aetatis
1386 1132 1575 1202 plenitudinis
1587 1133 1699 1188 Christi.
1724 1149 1746 1186 u.
1760 1136 1803 1188 16:
1818 1133 1901 1186 Illud

203 1217 387 1284 acceperunt,
420 1220 452 1269 ut
483 1219 590 1272 stuturu
614 1222 644 1272 et
667 1217 764 1272 modus
787 1216 891 1272 Christi
916 1214 1038 1288 corporis
1063 1213 1153 1279 etiam
1174 1218 1251 1284 quod
1268 1217 1317 1284 ait,
1329 1219 1561 1286 praedestinatos
1578 1220 1644 1284 fieri
1656 1219 1816 1281 conformes
1829 1218 1898 1272 ima-

204 1298 340 1367 omnium,
374 1299 422 1365 qui
455 1299 483 1354 in
516 1317 604 1373 regno
639 1304 700 1374 ejus
731 1308 825 1367 erunt,
855 1303 1037 1358 humanorum
1062 1300 1407 1372 numerisrumeris
1424 1313 1450 1358 et
1468 1306 1620 1359 secundum
1640 1305 1803 1359 macriorem
1814 1306 1900 1360 bomi-

205 1401 352 1457 corporum
372 1391 511 1442 statuetur
530 1388 648 1446 futurus.
685 1396 707 1446 2.
728 1389 904 1462 Augustinus
923 1389 982 1460 ipse
1003 1389 1037 1445 ds
1061 1403 1124 1440 nem
1135 1387 1689 1459 iutellins'seusutmquojabemurnlibi
1701 1394 1860 1460 reformari
1870 1393 1900 1446 in

204 1471 370 1528 hebitudine
388 1473 525 1545 corporis,
541 1475 571 1529 iu
589 1493 645 1547 qus
662 1476 844 1532 resurrecturi
864 1482 928 1531 sunt
946 1475 1035 1530 infun·
1062 1472 1186 1527 nouitate
1198 1474 1311 1540 mentis,·
1320 1483 1415 1545 potsst
1427 1484 1453 1529 et
1463 1476 1505 1530 sic
1514 1477 1616 1547 accipi,
1627 1479 1899 1546 momncdmodom

204 1564 255 1622 tes,
274 1575 353 1613 snum
371 1558 449 1614 hisce
467 1559 560 1615 verbis
580 1557 869 1633 exponitsententinm
884 1562 932 1616 lib.
948 1561 1035 1632 ejusd.
1062 1557 1113 1613 ille
1136 1561 1216 1614 nobis
1240 1561 1424 1626 mortalitate,
1449 1561 1492 1615 ito
1517 1579 1569 1616 nos
1594 1564 1641 1618 illi
1664 1564 1825 1632 efficiamur
1848 1565 1898 1618 im·

205 1661 264 1716 unp.
289 1650 334 1700 14:
367 1645 443 1708 Quid
467 1649 503 1701 ds
531 1648 688 1728 infantibus
717 1648 825 1704 distrui
847 1666 956 1712 sumus,
981 1648 1039 1702 nisi
1062 1646 1235 1701 mortalitate
1257 1647 1430 1712 conformes,
1455 1650 1534 1717 quod
1557 1649 1670 1717 quidem
1694 1658 1721 1704 et
1741 1652 1784 1704 ad
1806 1651 1900 1720 ipsum

205 1730 272 1798 qnia
301 1748 357 1785 non
381 1733 413 1785 irs
439 1751 473 1788 ea
498 1735 687 1788 resurrecturi
708 1743 771 1789 sunt
787 1735 915 1805 corporis
933 1734 1037 1804 eripui·
1062 1732 1295 1786 resurrectionem
1313 1750 1463 1802 corporum
1478 1734 1612 1803 pertinet.
1650 1736 1796 1791 Stantem
1815 1738 1899 1792 etiam

204 1824 275 1885 tate,
296 1835 353 1888 qua
371 1820 487 1885 mortui,
515 1822 567 1873 sed
582 1822 659 1891 quod
674 1821 714 1874 eis
730 1820 1038 1888 tardiusacoessrunm
1062 1818 1093 1871 in
1112 1817 1156 1872 bis
1173 1819 1274 1882 uerbis,
1292 1837 1349 1888 qua
1369 1820 1465 1878 forma
1482 1828 1677 1875 resurrectura
1694 1831 1759 1877 sunt
1770 1840 1900 1895 corpora,

205 1911 267 1956 erut
286 1912 423 1975 tempore,
452 1906 504 1960 boo
523 1915 588 1961 sunt
605 1907 658 1962 illo
679 1908 738 1961 Dei
761 1924 846 1978 opere
863 1909 936 1963 mira
953 1916 1037 1978 atque
1061 1921 1156 1957 sumus
1172 1905 1324 1973 admoniti,
1343 1904 1416 1958 sicut
1433 1905 1488 1959 illa
1501 1922 1648 1978 mensura,
1667 1908 1710 1963 ita
1725 1917 1752 1962 et
1764 1910 1821 1963 ista
1835 1926 1900 1964 con·

204 1990 350 2045 celerrimo
373 1993 523 2062 recepturi.
556 1994 593 2046 In
613 1993 752 2048 smtentia
778 1995 882 2064 quippe
911 1993 1037 2062 Domini,
1056 1990 1198 2060 formatio
1216 2008 1273 2044 non
1285 1990 1433 2060 quaidetis
1450 1993 1637 2062 intellipenda
1652 2002 1701 2059 est,
1718 1997 1770 2049 sed
1786 1995 1898 2049 adstes.

204 2077 253 2129 ubi
269 2077 328 2142 cit,
346 2078 472 2146 capillus
490 2079 595 2149 capitis
611 2080 698 2133 vestri
714 2096 771 2133 non
786 2081 907 2150 peribit,
932 2081 1037 2134 dictum
1062 2077 1220 2147 Resrmpent
1228 2078 1323 2148 itaque
1334 2093 1428 2132 omnes
1441 2085 1498 2132 tam
1509 2080 1608 2147 mayni
1618 2097 1746 2150 corpore,
1758 2099 1842 2151 quam
1855 2081 1900 2136 vel

204 2169 260 2232 est,
278 2181 333 2218 non
349 2165 512 2223 defutunsm
529 2182 602 2232 esse,
621 2167 700 2234 qnod
715 2167 790 2236 fuit,
809 2184 865 2222 non
884 2175 976 2221 auum
993 2184 1037 2221 ne-
1064 2171 1158 2228 mans,
1177 2163 1221 2218 rel
1239 2164 1333 2227 futuri
1352 2171 1433 2218 eram
1456 2164 1487 2217 in
1504 2164 1626 2233 iuuenili
1644 2172 1745 2221 aetam
1784 2169 1823 2207 *ὓ
1835 2167 1899 2222 Huc

204 2256 301 2317 putum
327 2258 380 2317 est,
410 2253 563 2321 affuturum
587 2267 660 2318 esse,
689 2254 767 2320 quod
792 2253 892 2318 defuit.
935 2253 1039 2317 Defuit
1063 2249 1182 2318 pertinet
1207 2265 1316 2322 qnoque
1343 2249 1419 2306 locus
1445 2248 1597 2322 Augustini
1624 2252 1748 2309 Sermou.
1780 2258 1835 2309 147.
1863 2254 1900 2309 de

173 2400 174 2404 ἵ
206 2343 296 2388 auum
322 2336 435 2402 infanti
458 2343 567 2392 mortuo
588 2339 721 2407 perfecta
747 2339 892 2408 pomum
914 2340 961 2394 sui
978 2357 1038 2393 cor·
1063 2341 1163 2407 temp:
1182 2338 1342 2406 Disprtant
1357 2344 1384 2393 et
1404 2345 1544 2407 quaerunt
1562 2355 1581 2391 a
1602 2339 1690 2406 nobis,
1707 2341 1833 2410 paruuli,
1851 2340 1901 2410 qui

203 2423 299 2493 poris,
325 2423 455 2492 perfecto
486 2424 591 2495 quippe
617 2425 728 2489 infanti
755 2426 831 2480 deest
855 2426 950 2495 utique
974 2443 1039 2497 per·
1064 2423 1231 2493 moriuntur,
1243 2441 1280 2477 an
1285 2423 1408 2493 parvuli
1415 2425 1604 2478 resurrecturi
1612 2425 1676 2490 sint,
1689 2443 1727 2479 an
1737 2443 1802 2481 res-o
1812 2427 1901 2496 plena

206 2509 294 2575 festio
313 2510 515 2578 mapnitudinis
534 2512 713 2581 corporalis,
740 2529 813 2583 orsae
837 2529 898 2566 oum
918 2529 1040 2567 accesse-
1066 2517 1146 2564 ustas
1172 2511 1274 2574 fusim
1298 2511 1336 2564 sit
1360 2510 1597 2579 reviviscentium,
1630 2528 1702 2582 orme
1727 2531 1820 2582 parua
1842 2515 1901 2577 fuit

208 2595 261 2664 rit,
292 2597 354 2665 jum
382 2604 493 2651 statura
519 2597 632 2665 lonpior
658 2613 793 2652 essenon
812 2600 911 2668 possit.
956 2600 1040 2653 lirino
1065 2597 1264 2652 morientium!
1299 2597 1363 2651 Hoc
1388 2597 1500 2666 quidem
1522 2596 1553 2651 in
1578 2597 1736 2668 scripturis
1755 2600 1901 2669 definitum

207 2683 393 2752 perfeetionis
412 2685 525 2738 modum
543 2684 585 2737 sic
601 2685 702 2739 babent
722 2701 831 2753 omnes,
855 2693 886 2739 ut
910 2701 971 2738 cum
988 2685 1041 2739 illo
1066 2700 1122 2737 non
1138 2678 1300 2738 invenimus.
1338 2681 1512 2737 Credibilius
1528 2685 1669 2755 crupitur
1681 2692 1708 2739 et
1720 2686 1901 2756 probabilius

209 2769 405 2840 concutiantur
423 2777 507 2839 osque
526 2778 687 2841 nascantur,
705 2773 757 2825 sed
767 2770 867 2826 babent
879 2773 910 2825 in
921 2773 1040 2842 ratione,
1066 2777 1093 2824 et
1117 2768 1333 2836 rationabilius,
1362 2771 1464 2842 plenas
1488 2777 1597 2825 adstes
1621 2758 1844 2838 resurrecturos,
1870 2781 1901 2827 ut

209 2874 265 2910 non
282 2855 313 2909 in
330 2855 409 2924 mole,
429 2857 501 2910 steret
518 2856 583 2925 ussa
596 2858 662 2926 jam
673 2858 796 2912 membra
811 2859 905 2913 omnia
919 2859 1042 2913 lumnter
1066 2857 1207 2909 reddatur
1226 2871 1347 2925 munere,
1364 2858 1442 2927 quood
1456 2873 1633 2912 occasurum
1643 2864 1901 2929 erattemporeete.

208 2950 273 2997 sunt
297 2943 328 2996 in
351 2942 469 3007 semine,
498 2961 561 2997 cum
587 2945 671 2998 etiam
695 2945 771 2999 notis
788 2947 927 3001 nonnulla
946 2947 1040 3001 adbuc
1066 2941 1212 2997 Postremo
1244 2943 1452 3013 corruptionem
1480 2944 1550 2998 tolle
1576 2951 1603 2998 et
1629 2945 1748 3014 quodvis
1777 2944 1902 3003 addest*

210 3030 317 3099 desint,
343 3031 414 3084 norst
442 3032 539 3084 dentes
562 3048 596 3084 uc
620 3031 648 3084 si
665 3031 737 3101 quid
755 3031 908 3100 eiusmodi,
936 3033 965 3086 in
985 3050 1043 3102 orm
1066 3026 1217 3100 Augustini
1245 3028 1331 3100 igitur
1358 3028 1497 3085 sententis
1518 3028 1587 3086 hese
1615 3036 1670 3100 est,
1699 3030 1774 3103 qnod
1792 3031 1901 3088 nonde

209 3117 322 3170 ratione
363 3117 582 3186 uniuscuiusque
614 3118 750 3172 mouriae
776 3118 871 3173 indita
894 3119 1044 3189 corporali
1068 3132 1197 3170 mensure
1213 3114 1337 3186 corporis
1350 3115 1394 3171 rel
1412 3122 1548 3187 staturae,
1577 3117 1626 3173 sed
1646 3117 1745 3173 setstis
1764 3117 1901 3189 sucipien-

206 3204 269 3273 jam
287 3206 503 3273 quodammodo,
519 3214 550 3259 ut
568 3207 611 3259 ita
629 3205 732 3269 dicam,
751 3205 1041 3277 innatum(quuedum
1067 3201 1133 3255 dum
1157 3201 1207 3271 sit,
1238 3202 1314 3274 quod
1337 3202 1373 3257 de
1396 3203 1591 3260 conformitate
1615 3221 1760 3276 corporum
1783 3206 1900 3261 rmusci·

211 3290 378 3360 exempnrin
411 3289 517 3346 habent
552 3291 703 3359 usnemun,
737 3291 874 3363 quaedem
907 3291 1041 3357 liciatum,
1067 3286 1213 3342 nudorum
1246 3304 1309 3343 cum
1340 3304 1455 3359 corpore
1489 3288 1593 3345 Christi
1621 3291 1765 3361 spostolus
1794 3290 1900 3355 merit,

107 3420 110 3429 r
209 3376 372 3447 metaphora
395 3393 412 3430 s
437 3376 593 3432 texentibus
616 3377 714 3442 ductu,
742 3377 822 3450 quusi
844 3380 904 3449 jem
922 3377 970 3432 ills
988 3394 1040 3434 ceu
1067 3391 1130 3429 uum
1150 3375 1342 3446 unusquisque
1362 3380 1525 3446 recepturus
1550 3377 1586 3431 sit
1603 3393 1760 3433 mensurum
1777 3377 1901 3447 corporis

210 3465 268 3520 tole
287 3468 364 3520 textu
382 3469 424 3518 est
443 3464 472 3517 in
491 3480 587 3535 puero,
606 3465 656 3520 sed
675 3465 797 3519 nondum
816 3464 963 3536 explicatu)
984 3481 1042 3521 esse
1068 3477 1138 3530 eum,
1155 3477 1238 3533 quem
1257 3461 1302 3515 vsl
1321 3459 1421 3515 hebuit
1439 3461 1468 3515 iu
1489 3479 1522 3518 es
1542 3468 1642 3533 estete,
1662 3463 1692 3518 in
1707 3481 1764 3535 qun
1774 3462 1901 3519 Christus

210 3551 329 3617 videtur,
350 3553 428 3620 quod
446 3551 570 3604 nondum
588 3558 641 3615 est,
658 3551 715 3605 imo
733 3552 812 3621 qnod
828 3552 909 3617 latet,
926 3552 980 3605 sed
996 3568 1042 3605 ao·
1069 3552 1193 3602 mortuus
1218 3551 1262 3602 est
1288 3552 1316 3600 et
1332 3548 1496 3619 resurrexit,
1520 3549 1565 3604 rel
1582 3549 1675 3605 iusrut
1691 3550 1852 3618 habiturus,
1876 3551 1901 3606 si

210 3655 289 3692 sessu
315 3637 449 3706 temporis
476 3638 530 3690 erit
557 3637 600 3692 vel
623 3636 719 3707 potisss
742 3637 899 3707 apparebit.
931 3636 969 3690 ln
991 3637 1042 3692 boc
1068 3639 1132 3689 aute
1163 3639 1206 3688 est
1237 3632 1396 3691 defunctus.
1435 3633 1514 3690 Idem
1547 3653 1579 3691 ex
1610 3637 1770 3709 Augustino
1801 3638 1902 3708 repetit

212 3742 279 3795 erpo
302 3726 402 3790 infans
420 3726 486 3794 jam
504 3725 596 3779 meris
615 3734 665 3779 aut
683 3725 783 3795 lonpus
802 3732 856 3793 est,
885 3725 935 3794 qui
953 3725 1043 3778 menis
1068 3719 1245 3775 Lomburdus
1264 3719 1329 3775 dict.
1347 3721 1380 3775 1.:
1413 3722 1469 3775 His
1488 3722 1595 3790 verbis,
1613 3723 1718 3796 inquit,
1738 3725 1902 3794 apostolicis

211 3813 342 3881 lonpusue
369 3813 486 3877 futurus
516 3819 564 3868 est.
614 3811 772 3866 Secundum
803 3811 876 3865 banc
906 3812 1043 3865 rationem
1068 3824 1124 3862 non
1153 3808 1250 3862 eadem
1276 3809 1485 3876 resurpeutibus
1509 3811 1673 3879 arsipnotur
1700 3819 1826 3876 statura,
1851 3813 1904 3866 sed

209 3900 342 3969 profecto
364 3898 395 3951 in
418 3898 622 3953 resurrectione
646 3898 774 3967 corporis
799 3896 966 3952 detrimenta
983 3915 1043 3952 cor-
1069 3901 1162 3964 aetas,
1188 3910 1283 3947 omnes
1307 3895 1382 3948 enim
1407 3896 1436 3948 in
1461 3898 1559 3950 eodm
1578 3905 1670 3951 amate
1689 3906 1847 3968 resument,
1871 3899 1902 3952 in

212 3986 293 4055 poris
310 4002 366 4039 non
385 3985 521 4052 timemus,
539 3984 608 4053 quia
626 3985 679 4038 etsi
690 3984 849 4054 nequulitns
859 3987 963 4053 futura
974 3991 1044 4038 esset
1069 3998 1126 4050 qua
1150 3978 1281 4033 Obristus
1306 3989 1433 4035 mortuus
1459 3989 1544 4036 estet
1560 3985 1729 4052 recurrerit,
1756 3985 1901 4052 mcjnscuu·

214 4074 349 4141 omnium,
377 4072 418 4125 ita
443 4080 474 4126 ut
498 4088 592 4125 omnes
611 4087 698 4142 usqree
715 4072 757 4124 ad
770 4071 919 4139 pipanteas
936 4072 1044 4140 mapni-
1069 4083 1121 4135 que
1140 4065 1242 4119 aetatis
1261 4067 1369 4120 mortui
1380 4067 1508 4137 fuerint,
1536 4086 1592 4122 non
1617 4075 1709 4122 tamen
1728 4087 1821 4124 omnes
1836 4086 1901 4124 eun·

212 4158 324 4212 sudines
346 4158 540 4228 peruenirent,
569 4173 620 4211 nec
647 4157 696 4211 elli
720 4159 771 4226 qai
786 4158 903 4210 macimi
916 4158 1042 4225 fuerunt,
1069 4155 1131 4206 dem
1149 4159 1288 4207 staturam
1308 4152 1472 4208 obtinebunt.
1508 4153 1591 4209 Hunc
1608 4154 1761 4226 Augustini
1779 4156 1902 4212 utinum-

212 4245 304 4298 minus
321 4245 454 4298 baberent
471 4245 586 4314 aliquid
601 4245 631 4297 in
648 4251 765 4308 statura,
786 4245 862 4312 quoa
881 4244 923 4297 eis
944 4250 1043 4297 contra
1068 4237 1149 4294 bnrdi
1178 4238 1343 4293 sententium
1368 4238 1408 4293 sic
1430 4239 1551 4309 explicet
1574 4240 1770 4296 Bonursntnru
1787 4248 1811 4298 4.
1830 4248 1900 4299 sent

215 4331 322 4386 Christi
341 4332 507 4385 sententiam
523 4331 646 4400 periret,
665 4332 713 4400 qui
733 4330 818 4399 dicit,
838 4346 888 4383 nec
906 4328 1043 4398 capillum
1069 4323 1189 4383 distinct.
1215 4331 1264 4382 44:
1294 4326 1384 4379 Aetas
1413 4328 1570 4380 attenditur
1597 4327 1640 4381 vel
1668 4328 1779 4381 ratione
1813 4330 1901 4383 duro·

213 4417 317 4487 capitis
338 4433 397 4472 esse
412 4417 588 4485 periturum,
607 4416 731 4471 cremori
747 4417 853 4487 utique,
871 4417 922 4485 qui
937 4415 1043 4470 creavit
1068 4413 1166 4482 donis,
1195 4413 1238 4466 vel
1264 4413 1375 4466 ratione
1400 4413 1593 4482 dispositionis
1617 4421 1643 4467 et
1669 4414 1841 4468 ualetudinis
1871 4416 1901 4469 in

213 4511 312 4558 cuncto
326 4520 360 4556 ec
379 4503 482 4572 nibilo,
501 4505 639 4575 quomodo
658 4505 753 4558 deesse
771 4510 875 4572 posset,
899 4504 975 4556 unde
991 4504 1043 4555 ad·
1069 4515 1195 4569 corpore.
1230 4498 1290 4553 Illo
1309 4500 1393 4552 mado
1413 4499 1459 4553 bic
1475 4517 1530 4553 non
1545 4500 1750 4569 consideratur,
1768 4502 1819 4570 qai
1829 4501 1901 4555 enim

213 4592 306 4659 deret,
334 4593 412 4658 qrsod
436 4591 600 4644 addendum
619 4606 678 4644 esse
697 4591 787 4643 mirus
805 4590 912 4655 artifex
931 4590 1044 4643 miset!
1069 4594 1176 4640 centum
1203 4602 1292 4640 annos
1316 4585 1400 4654 sinit,
1431 4586 1456 4638 is
1480 4586 1512 4639 in
1535 4586 1628 4641 altera
1652 4587 1712 4641 uita
1734 4605 1792 4642 non
1806 4594 1902 4656 potest

213 4694 272 4748 esp.
295 4682 340 4733 15:
370 4677 484 4744 Restat,
512 4683 543 4730 ut
566 4695 646 4731 usam
663 4678 779 4748 quisquis
797 4677 918 4745 recipiat
936 4692 1043 4729 mensu-
1069 4673 1131 4727 dici
1148 4672 1267 4741 tripinta
1289 4679 1348 4725 tres
1368 4689 1458 4725 annos
1480 4681 1577 4742 natus,
1604 4688 1676 4742 qrsae
1698 4673 1806 4729 Christi
1823 4681 1902 4728 aetas

213 4782 289 4832 ram,
319 4781 403 4832 msam
420 4764 465 4817 sel
481 4764 576 4818 babuit
595 4766 799 4834 injuventute,
828 4765 939 4818 etiamsi
962 4780 1043 4817 senes
1067 4759 1134 4826 fuit,
1151 4759 1219 4829 quia
1235 4759 1346 4824 factum
1364 4758 1499 4823 infectum
1518 4759 1584 4823 feri
1600 4760 1704 4828 nequit.
1734 4760 1901 4828 Salaiqs'tur

214 4858 255 4904 est
275 4858 415 4919 mortuus,
440 4851 483 4905 rel
502 4853 599 4918 fuerat
617 4851 779 4916 labdurus,
802 4853 829 4904 si
848 4858 913 4904 ante
937 4857 978 4903 est
997 4852 1044 4903 de-
1070 4845 1219 4915 dispositio
1244 4852 1270 4898 ct
1287 4843 1421 4898 ualetudo
1441 4847 1570 4914 corporis
1584 4862 1640 4915 per
1655 4854 1775 4900 aetatem
1793 4846 1901 4914 iuveni-

213 4937 342 5001 funstus,
368 4944 452 5005 atqcue
477 4936 554 4990 illud
570 4939 647 5007 quod
662 4936 885 4992 commemorarit
901 4936 1045 5006 apostolus
1070 4934 1125 4988 lem
1142 4931 1325 5000 intellipitur,
1353 4937 1384 4984 ut
1407 4931 1445 4984 sit
1466 4947 1576 5000 sensus,
1605 4949 1699 4986 omnes
1720 4940 1748 4986 et
1766 4932 1853 5001 tanti,
1875 4940 1903 4987 st

215 5024 249 5076 de
267 5039 398 5076 rnenssma
415 5023 517 5077 aetatis
532 5024 720 5092 plenitudinis
736 5023 848 5087 Cirr-isti,
868 5030 918 5076 out
925 5032 1045 5092 propter
1070 5018 1143 5073 tales
1159 5025 1306 5087 resurpent
1325 5018 1356 5070 in
1375 5033 1501 5086 corpore,
1520 5018 1618 5087 mocks
1637 5026 1664 5071 et
1676 5019 1776 5088 quanti
1784 5019 1902 5083 fuerunt

215 5111 299 5164 aliud
317 5109 508 5179 intelligamus
526 5126 586 5163 esse
605 5111 716 5173 dictum,
735 5108 768 5163 id
785 5117 871 5163 estut
892 5108 941 5162 illi
957 5109 1047 5179 ospiti
1057 5086 1113 5187 'cel
1133 5122 1192 5159 esse
1206 5112 1360 5175 potuerunt
1377 5104 1408 5157 in
1426 5111 1518 5158 aetate
1529 5105 1667 5175 jrsoenili,
1692 5105 1722 5159 in
1742 5122 1799 5174 osso
1816 5106 1902 5160 etiam

214 5197 244 5250 in
252 5196 370 5266 populis
383 5194 553 5250 Christianis
568 5198 715 5250 accedente
729 5196 850 5250 omnium
868 5193 1221 5264 perfectionc'resmrecit
1243 5192 1377 5247 Christus.
1413 5188 1520 5245 Eadem
1540 5189 1624 5245 hebet
1643 5190 1766 5246 Thomas
1784 5198 1808 5249 4.
1829 5196 1900 5248 seut

214 5284 396 5337 osembrorum
421 5283 525 5336 aetatis
549 5283 611 5352 ejus
630 5298 761 5335 mensura
781 5281 968 5351 compleatur,
995 5290 1045 5335 aut
1069 5279 1192 5335 distinct.
1210 5285 1251 5334 44.
1286 5285 1308 5335 3,
1324 5277 1476 5348 Augustini
1495 5278 1648 5332 sententiae
1671 5276 1763 5332 affinis
1792 5284 1834 5332 est
1858 5294 1900 5349 su,

213 5371 240 5423 si
261 5370 312 5423 boc
336 5371 372 5423 de
396 5370 601 5424 resurrectione
627 5386 778 5438 corporum
801 5369 905 5422 dietum
925 5376 979 5437 est,
1002 5369 1044 5421 sic
1069 5383 1125 5439 qun
1143 5365 1257 5438 quidum
1275 5369 1410 5429 statuunt,
1427 5379 1522 5419 omnes
1542 5381 1575 5419 ex
1594 5379 1685 5435 ecquo
1699 5371 1900 5420 resurrecturus

91 5468 151 5512 xix.
164 5468 197 5509 sn
213 5456 387 5525 neaspiamus
403 5458 522 5524 dictum,
540 5463 570 5509 at
586 5471 636 5509 neo
656 5456 748 5521 ultra,
768 5471 820 5509 nec
839 5455 920 5520 infra
931 5455 1043 5524 jussui·
1069 5470 1102 5509 es
1128 5459 1249 5514 stature,
1276 5452 1313 5507 ud
1339 5468 1423 5522 quum
1447 5460 1562 5516 nutura,
1587 5449 1637 5506 ubi
1652 5467 1707 5505 non
1728 5450 1853 5521 ubertat,
1869 5453 1900 5508 tr

212 5543 268 5595 lem
280 5542 411 5610 sormam
430 5551 582 5612 resurgant
601 5559 723 5611 corpora
742 5551 927 5607 mortuorum,
945 5543 998 5594 sed
1014 5541 1043 5593 in
1069 5537 1144 5616 ἀκμῇ
1170 5554 1286 5610 corpore
1310 5537 1338 5592 in
1357 5536 1410 5592 huc
1427 5536 1486 5594 vite
1505 5537 1576 5595 solet
1592 5537 1752 5609 perducere.
1796 5537 1899 5593 Diuert
