4104 6014
841 292 892 348 DE
911 290 1051 349 MORTE.
1729 306 1785 362 195

91 460 146 498 non
179 445 355 498 transierunt
383 445 419 498 ab
450 445 540 499 cerdis
572 446 644 515 Dei,
674 449 727 501 sed
755 455 785 500 ut
817 448 923 502 dicitur
955 444 1100 516 habentia,
1126 452 1186 502 turn
1212 447 1309 502 eadem
1335 447 1449 503 immota
1473 447 1641 518 persistunt,
1667 451 1734 519 quin
1760 455 1788 505 et

92 529 171 582 Ecci.
185 533 230 598 12,
239 548 263 585 o.
278 534 328 583 u.-
350 533 456 585 Cuncta
474 548 546 600 puae
564 533 643 599 fiunt,
663 534 786 586 adducet
798 535 879 587 Deus
897 533 927 586 in
954 533 1042 604 magis
1061 533 1206 606 magisque
1223 537 1394 605 purgantem
1416 533 1460 588 siu
1484 550 1550 590 sero
1570 535 1626 589 sint
1644 535 1788 604 opiniones

86 615 231 684 judicium
249 623 275 669 et
293 634 327 671 ea
346 617 527 686 enaminabit,
545 623 572 671 et
590 618 618 672 si
633 620 714 688 cujus
732 636 802 688 opus
819 635 926 672 manse·
953 616 1099 681 humanae,
1115 635 1148 674 ex
1166 619 1278 690 propria
1295 619 1454 689 intentione,
1472 617 1558 691 longa
1577 622 1788 687 consuetudine,

90 702 143 769 rit,
170 702 263 755 idest
288 703 316 756 si
341 705 423 774 cujus
451 721 522 773 opus
542 705 686 773 judicium
704 704 764 758 Dei
790 707 927 758 sustinere
955 706 1090 773 majorum
1119 705 1269 760 traditione
1295 711 1347 760 etc.
1375 712 1453 760 extra
1483 712 1511 760 et
1536 711 1646 776 praeter
1672 707 1787 763 verbum

88 788 229 856 potuerit,
260 789 333 841 siem
359 807 463 844 aurum
493 790 610 844 sustinet
639 791 742 860 ipnom‚
773 792 927 844 mercedem
953 790 1136 862 excogitatae,
1154 791 1234 858 lipni‚
1252 791 1335 855 foeni
1351 808 1385 845 aa
1401 792 1711 861 stipularumnaturam
1729 794 1788 847 imi-

91 873 219 943 accipiet,
234 875 404 942 probabitur
425 884 450 929 et
469 876 650 930 coronabitur
662 895 681 929 o
693 877 765 930 Deo.
801 876 835 930 Si
846 876 927 943 euius
954 881 1059 947 untes,
1085 883 1144 932 tum
1158 895 1214 932 nou
1232 882 1365 948 poterunt
1388 878 1445 932 sim
1461 877 1535 932 iilius
1555 878 1688 934 examinis
1709 879 1789 933 susti·

91 974 161 1027 opus
180 961 292 1025 arserit,
308 962 342 1014 id
359 969 398 1015 est
415 962 442 1014 si
459 964 542 1032 cujus
554 979 624 1031 opus
637 962 784 1031 judicium
797 962 858 1015 Dei
870 980 927 1015 non
955 979 1037 1031 nere,
1064 964 1113 1017 sed
1131 963 1312 1019 absumentur
1340 968 1369 1019 et
1385 964 1474 1018 instar
1491 964 1576 1034 lignei
1595 981 1628 1019 sc
1647 965 1788 1019 straminei

91 1044 268 1114 stertinusrit,
295 1048 368 1101 sicut
397 1049 514 1112 foenum
540 1055 565 1101 et
584 1048 692 1117 stipula
716 1067 772 1103 non
790 1050 927 1103 sustinent
954 1048 1073 1104 aedificii
1098 1049 1164 1121 igue
1182 1050 1231 1105 ilio
1250 1055 1409 1106 exurentur.
1453 1051 1558 1116 Quodsi
1580 1067 1646 1122 ergo
1666 1051 1789 1119 alicujus

91 1129 198 1200 ipnem‚
217 1134 413 1187 durimcotum
426 1135 571 1203 patietur,
595 1135 793 1205 reprobabitur
818 1143 843 1189 et
860 1134 927 1204 reji-
955 1153 1026 1204 opus
1043 1135 1193 1201 monuerit,
1211 1139 1289 1206 puod
1305 1137 1568 1206 superaedificavit,
1592 1137 1617 1188 is
1634 1139 1789 1191 mercedem

91 1216 189 1272 auur.
235 1220 263 1273 3.
289 1218 363 1282 Quia
391 1220 529 1287 iudicium
553 1221 614 1274 Dei
631 1222 785 1276 rectissime
812 1229 928 1276 uocatur
956 1223 1061 1290 accipit
1077 1238 1104 1278 s.
1127 1227 1167 1279 14.
1192 1220 1245 1277 boc
1264 1226 1307 1276 est
1324 1221 1347 1275 si
1367 1222 1428 1292 quis
1447 1227 1558 1292 praeter
1575 1220 1788 1276 fundamentum

91 1302 174 1372 ipnis,
191 1321 253 1359 cum
270 1305 307 1359 eit
321 1307 521 1375 purbsimum,
547 1308 737 1374 celerrimum,
764 1309 928 1374 efficaciori·
955 1306 1124 1376 apostolicae
1153 1307 1188 1361 de
1208 1305 1310 1360 Christi
1338 1322 1459 1376 persons
1486 1311 1514 1360 et
1536 1305 1629 1360 officio
1647 1305 1789 1360 doctrinae

91 1405 166 1462 mum
180 1396 207 1443 et
220 1390 340 1446 marimo
352 1395 654 1464 penetrativum,unde
670 1396 743 1450 Dan.
760 1397 790 1448 7.·
808 1395 928 1448 diucius
955 1392 1088 1464 dogmata
1111 1409 1175 1447 vere
1197 1392 1355 1447 Christiana
1375 1397 1403 1447 et
1423 1391 1539 1447 solidam
1559 1391 1636 1448 verbi
1658 1392 1784 1447 coelestia

94 1475 194 1545 ipneus
213 1478 374 1546 epredietur
392 1482 428 1533 de
455 1497 504 1535 ore
527 1482 598 1551 ejus.
636 1483 676 1535 Et
696 1484 829 1551 paeoniam
849 1483 927 1536 Deus
955 1478 1109 1534 doctrinam
1123 1479 1158 1534 de
1176 1477 1303 1533 omnibus
1316 1477 1456 1550 religionis
1470 1494 1502 1532 ac
1515 1478 1591 1532 vitae
1610 1476 1784 1533 Christianae

94 1567 168 1615 totus
189 1571 230 1616 ert
252 1564 383 1632 justitia,
410 1573 485 1620 totus
508 1566 668 1636 judicimn,
695 1568 762 1621 inde
789 1569 872 1621 etiam
898 1569 929 1620 in
956 1563 1082 1636 partibus
1109 1566 1215 1637 absquo
1241 1565 1371 1620 admixtis
1398 1565 1526 1619 humanis
1553 1564 1729 1635 opinionibus
1756 1581 1790 1618 ac

95 1645 254 1718 Scripturir
273 1659 390 1704 uocatur
407 1651 503 1721 spuo:
526 1651 592 1707 Mal.
612 1657 636 1706 3.
660 1651 746 1709 Hebr.
769 1658 809 1709 1².
850 1653 929 1708 Haec
956 1651 1152 1706 traditionibus
1177 1651 1262 1724 longa
1286 1652 1486 1708 consuetudins
1511 1651 1645 1707 roboratis
1670 1650 1790 1704 tradide-

94 1733 288 1801 Bellsrminus,
308 1753 379 1807 quae
391 1753 447 1793 nou
460 1737 615 1808 probantur
627 1738 754 1793 omnibus
766 1738 929 1795 Pontificiis.
958 1736 1002 1802 rit,
1023 1755 1094 1808 quae
1114 1737 1241 1793 doctriua
1257 1744 1363 1794 aestum
1381 1738 1602 1809 persecutionum
1619 1742 1648 1793 et
1665 1735 1789 1792 tentatio·

94 1818 198 1874 Suares
227 1821 256 1874 in
272 1821 370 1877 Tbom,
398 1829 463 1879 tom.
484 1831 508 1880 4.
538 1823 609 1895 disp.
628 1831 670 1881 45.
697 1823 725 1898 ξ.
748 1831 769 1880 1.
788 1843 862 1881 num.
883 1830 930 1881 25:
957 1838 1023 1878 num
1042 1841 1075 1878 ac
1096 1823 1196 1894 judicii
1215 1825 1302 1879 divini
1329 1841 1443 1881 examen
1462 1825 1597 1879 sustinere
1615 1831 1718 1895 potest,
1745 1823 1792 1877 ille

10 1915 78 1960 tras.
94 1906 217 1975 Propter
235 1908 304 1961 baec
330 1909 427 1977 umba,
456 1911 523 1979 puio
547 1911 577 1963 in
604 1910 668 1979 ipne
693 1912 877 1975 revelabitur,
904 1919 931 1964 et
957 1910 1106 1981 gratuitam
1124 1911 1216 1982 operis
1242 1911 1285 1966 sui
1310 1912 1465 1967 mercedem
1484 1929 1502 1966 a
1521 1911 1640 1965 Domino
1666 1910 1791 1981 accipiet.

91 1993 310 2063 uniuscnjusque
329 2013 400 2063 opus
420 1995 494 2064 ipnis
509 1995 658 2064 probabit,
681 1996 830 2061 Sedsdius,
849 1994 930 2064 Oaje-
959 1995 994 2049 Si
1010 2013 1076 2050 uero
1094 1996 1218 2066 aiicujus
1236 2009 1313 2066 opus¹
1325 1998 1438 2065 arserit,
1458 1998 1652 2051 detrimentum
1664 1998 1794 2066 patietur

92 2083 189 2144 tanus,
207 2080 339 2148 [pransis
358 2086 384 2133 et
400 2080 455 2133 alii
471 2080 645 2149 munerant,
669 2080 740 2135 bunc
759 2082 850 2136 locum
868 2097 927 2134 esse
956 2097 983 2139 s.
1007 2087 1047 2138 lt.
1066 2080 1119 2136 hoc
1138 2089 1181 2136 est
1198 2081 1221 2135 si
1236 2081 1396 2151 opinionum
1416 2087 1445 2136 et
1462 2081 1641 2138 traditionum
1661 2082 1794 2136 bumana·

90 2164 280 2234 metaphorice
306 2166 503 2234 accipiendum
523 2183 581 2236 pro
605 2167 668 2236 ipso
683 2167 799 2235 judicio
824 2174 850 2221 et
869 2184 930 2222 sen-
956 2183 1018 2221 rum
1036 2165 1194 2222 aedificium
1213 2167 1278 2239 igne
1288 2167 1388 2238 judieii
1401 2185 1434 2222 ac
1449 2167 1570 2238 Spiritus
1583 2167 1670 2221 divini
1688 2167 1792 2223 confla-

92 2250 180 2303 tentia
199 2250 314 2318 iudum,
333 2267 404 2322 meae
424 2269 531 2321 omnes,
550 2260 610 2306 tam
621 2254 734 2322 justos,
754 2271 839 2323 puom
855 2255 929 2325 inju·
957 2259 1033 2325 grat,
1059 2258 1118 2308 tum
1137 2253 1300 2325 dogmatum
1318 2261 1346 2309 ct
1362 2252 1488 2308 laborum
1508 2268 1620 2308 suorum
1646 2252 1793 2309 detrimen·

91 2342 164 2403 stas,
183 2337 330 2406 omnebpue
350 2355 445 2392 eorum
464 2354 553 2411 opera
570 2339 717 2409 probabit,
736 2356 824 2410 eapite
842 2358 929 2412 opero
958 2345 1017 2394 tum
1043 2339 1163 2410 patitur,
1197 2355 1323 2412 quaeque
1353 2345 1433 2394 tanto
1463 2347 1586 2409 tempore
1611 2343 1791 2406 exstruxerat,

92 2422 153 2474 dici
168 2439 297 2490 monere,
323 2441 394 2494 quoe
415 2426 496 2479 Deus
513 2427 669 2498 approbat,
694 2443 729 2481 ea
748 2435 840 2482 autem
858 2445 929 2482 com·
957 2442 1013 2480 uno
1031 2432 1170 2481 momento
1188 2426 1281 2480 omnia
1297 2425 1414 2496 amittit,
1437 2427 1498 2495 ipse
1523 2441 1589 2479 uero
1612 2426 1710 2479 soloas
1730 2426 1793 2489 erit,

93 2508 169 2575 buri,
195 2526 267 2578 precs
290 2511 514 2580 reprobabuntur
537 2520 563 2567 st
587 2521 651 2567 tunc
671 2530 798 2584 persona
823 2515 931 2569 dieitur
957 2516 1064 2567 retento
1085 2511 1191 2567 scilicet
1209 2510 1399 2579 fundamento,
1419 2511 1460 2565 sie
1480 2519 1572 2564 tamen
1590 2517 1725 2580 tanquam
1738 2526 1793 2580 per

93 2594 289 2648 detrimentum
303 2598 379 2666 pati,
396 2599 464 2666 puio
477 2616 530 2653 suo
548 2616 635 2669 opero
652 2600 755 2653 amittit
767 2607 793 2653 et
807 2618 930 2672 poenam
957 2597 1062 2666 ipnom‚
1087 2596 1116 2651 id
1137 2603 1179 2652 est
1197 2596 1300 2652 exustis
1319 2597 1347 2650 in
1376 2597 1423 2652 illo
1442 2595 1614 2667 probationis
1634 2595 1700 2667 igne
1723 2603 1794 2652 stra·

87 2680 186 2747 potius
211 2697 296 2750 puom
312 2684 472 2750 praemium
491 2692 611 2754 propter
630 2686 685 2740 iila
709 2703 738 2739 ee
764 2687 868 2740 mereri
888 2689 930 2740 in·
957 2682 1056 2735 mineis
1092 2686 1120 2736 et
1149 2682 1254 2753 stupeis
1291 2681 1483 2752 opinionibus,
1517 2699 1551 2736 ao
1587 2681 1610 2735 si
1641 2679 1794 2752 conflagret

95 2764 207 2834 tsitipit.
230 2765 332 2823 Bened.
352 2767 434 2823 Arias
452 2768 601 2825 Montanus
620 2771 651 2825 iu
667 2788 765 2827 comm.
783 2771 836 2827 boc
852 2770 929 2827 loco:
957 2767 1066 2839 ligneus
1093 2765 1184 2838 paries
1213 2775 1241 2823 et
1265 2768 1444 2821 stramineum
1473 2770 1578 2822 tectum
1610 2765 1792 2822 fundamenta

95 2850 175 2919 lpmb
203 2853 254 2907 itte
280 2854 372 2909 diuini
403 2856 516 2924 judicii
546 2857 678 2927 probabit
712 2859 931 2928 uniuscujusque
958 2852 1069 2924 lapideo
1100 2852 1178 2908 salso
1209 2857 1294 2924 atque
1325 2853 1435 2924 integro
1472 2856 1661 2921 permanente.
1715 2850 1793 2907 Talis

95 2956 166 3009 opus
182 2946 209 2992 et
226 2942 308 3009 cujus
322 2943 551 3011 probatissimum
570 2945 713 3010 manserit,
733 2945 758 2998 is
778 2945 930 3014 operarius
957 2937 1126 3011 significatio
1150 2937 1279 2993 vocabuli
1300 2938 1373 3010 ignis
1401 2936 1485 2992 etiam
1506 2938 1535 2992 in
1552 2937 1614 2992 aliis
1632 2936 1794 3006 Scripturas

93 3025 248 3080 mercedem
265 3028 385 3097 accipiet
403 3046 422 3082 o
438 3031 564 3084 Domino
581 3031 684 3101 operia
723 3030 758 3085 Si
767 3031 849 3100 cujus
860 3046 931 3100 opus
957 3024 1026 3078 locis
1046 3024 1173 3092 occurrit,
1193 3023 1295 3079 Psalm.
1313 3028 1353 3089 12,
1373 3040 1398 3078 v.
1415 3029 1444 3078 t:
1463 3023 1591 3093 Eloquia
1604 3022 1723 3077 Domini
1740 3021 1794 3076 eio-

94 3118 217 3165 esustum
228 3113 335 3182 suerit,
352 3115 442 3183 positi
460 3117 555 3184 aperis
575 3116 716 3185 temporis,
736 3132 830 3183 curae,
850 3116 931 3169 indu·
959 3112 1027 3181 prtia
1048 3129 1133 3181 pura,
1152 3118 1299 3179 arpentum
1315 3110 1380 3179 ipae
1404 3112 1607 3177 acuminatum,
1631 3115 1794 3179 purpatum,

94 3198 182 3250 atriae
215 3205 298 3267 otpue
326 3199 389 3268 spei
415 3201 548 3255 anum
576 3202 665 3269 societ
696 3202 844 3271 operarius
872 3200 931 3255 ille.
959 3197 1125 3267 septuplum.
1155 3196 1591 3265 Pss1.1r,v.3:Proaauscor
1609 3211 1706 3261 meum,
1725 3195 1790 3262 ipne

95 3283 252 3352 operarius
269 3293 361 3338 autem
379 3286 440 3355 mse
458 3286 523 3356 ipne
542 3287 594 3343 iiio
613 3289 699 3356 (nota)
719 3287 813 3341 divini
826 3288 934 3357 judicii
957 3299 1000 3336 me
1019 3283 1188 3337 examinasti
1206 3291 1231 3336 et
1247 3282 1320 3335 nibil
1338 3282 1476 3336 invenisti.
1510 3280 1614 3335 Psalm.
1634 3285 1681 3348 66,
1699 3296 1726 3334 s.
1748 3284 1793 3334 10:

97 3378 244 3439 correptus
285 3371 454 3442 smabdur,
497 3372 538 3426 ita
575 3374 709 3428 nimirum
752 3373 837 3444 puasi
876 3390 932 3443 per
961 3369 1094 3424 Probasti
1114 3385 1166 3422 nos
1192 3369 1288 3432 Deus,
1325 3367 1389 3434 ipne
1421 3384 1473 3419 nos
1509 3365 1692 3434 aaaminasti,
1723 3365 1795 3418 sicut

96 3457 195 3526 ipnem.
960 3455 1136 3509 eraminatur
1156 3460 1311 3523 arpentum.
1346 3451 1447 3506 'ibren
1468 3456 1534 3516 1‚v.
1558 3456 1602 3506 13:
1621 3453 1669 3505 De
1689 3451 1796 3504 eoceiso

131 3548 189 3599 261.
226 3549 249 3599 2.
274 3545 336 3610 Quo
363 3559 446 3600 sensu
471 3543 573 3614 accipit
596 3543 739 3614 apostolus
764 3544 931 3600 vocabulum
959 3541 1036 3595 rru'sit
1054 3541 1147 3610 ipnem
1163 3540 1269 3592 inorsa
1282 3554 1345 3591 mea
1358 3545 1384 3590 et
1396 3537 1526 3592 erudivit.
1562 3536 1634 3594 Dan.
1649 3542 1690 3602 12,
1708 3555 1734 3593 s.
1748 3544 1794 3592 to:

97 3630 171 3697 ipnie
191 3630 219 3683 in
245 3648 271 3686 v.
294 3636 332 3685 13.
357 3631 452 3686 eodem
480 3630 562 3684 etiam
589 3630 691 3700 accipit
708 3629 776 3683 iilud
796 3630 824 3684 in
842 3648 868 3686 v.
892 3636 931 3685 15.
959 3626 1189 3690 Purificabuntnr
1212 3633 1237 3678 et
1261 3624 1468 3678 dealbabuntur
1489 3631 1515 3676 et
1536 3625 1619 3693 quasi
1638 3625 1712 3692 ipnis
1726 3641 1795 3694 pro·

96 3722 129 3770 ut
148 3717 270 3771 ostendit
294 3716 432 3772 indivulsa
450 3717 627 3773 connexionis
646 3715 741 3774 series.
783 3718 848 3773 Jam
866 3735 932 3772 voro
959 3715 1098 3766 dabuntur
1116 3711 1205 3764 multi·
1224 3710 1306 3765 Zach-
1323 3715 1363 3774 13,
1381 3727 1407 3766 V·
1422 3715 1451 3765 9²
1471 3711 1512 3763 Ei
1529 3710 1664 3764 induvam
1682 3710 1794 3763 ‘⁶¹’in

96 3804 200 3858 fatente
219 3803 388 3858 Bellarmiuo
405 3803 572 3859 vocabulum
591 3804 666 3873 ipnis
684 3803 713 3857 in
733 3821 758 3858 v.
776 3808 816 3859 13.
830 3803 931 3873 accipi·
958 3800 1041 3853 utam
1055 3805 1167 3867 portem
1178 3797 1209 3850 in
1220 3796 1321 3865 ipnom‚
1340 3797 1521 3866 constansque
1538 3813 1594 3865 eos,
1613 3805 1644 3849 ut
1656 3796 1796 3864 conflatur
1810 3813 1874 3855 rvn.
1887 3812 1934 3854 saa

95 3894 142 3943 tur
158 3906 214 3945 non
229 3891 349 3960 proprie
367 3890 502 3960 preigne
520 3889 657 3945 materiali
675 3895 703 3945 et
721 3906 862 3961 corporeo,
882 3890 931 3944 sed
959 3891 1116 3954 arpentum,
1130 3883 1260 3953 probabo
1279 3898 1340 3947 eos,
1371 3891 1507 3953 quantum
1521 3884 1662 3952 probatur
1681 3900 1793 3935 aarum.

96 3976 285 4044 metaphorice
315 3992 366 4047 pro
395 3976 460 4048 igne
484 3975 586 4046 judicii
613 3992 646 4030 ao
676 3976 809 4031 examinis
838 3976 932 4031 divini.
959 3971 1024 4025 Mal.
1045 3976 1070 4034 3,
1090 3987 1115 4028 v,
1134 3974 1163 4024 3:
1185 3968 1298 4024 Sedebit
1320 3968 1446 4024 Christus
1464 3969 1591 4034 condaris
1611 3976 1638 4022 et
1654 3969 1796 4021 mundans

95 4060 172 4132 Ergo
191 4061 286 4116 eodem
305 4061 388 4116 modo
408 4061 546 4132 accipitur
563 4061 592 4117 in
611 4080 638 4116 v.
659 4068 698 4118 15.
726 4068 754 4116 et
771 4079 821 4132 per
838 4079 932 4118 conse·
960 4063 1106 4126 arpentum
1124 4062 1149 4109 ei
1164 4054 1299 4124 Ptraabt'i
1312 4054 1393 4123 filim
1411 4054 1481 4107 Leuc·
1496 4061 1522 4107 0⁶
1538 4054 1642 4121 fundet
1654 4069 1702 4106 ⁶⁰⁸
1715 4052 1799 4121 tuati

96 4163 184 4218 quens
201 4163 256 4202 non
276 4152 369 4218 potest
393 4164 427 4202 ex
444 4147 497 4202 boc
520 4147 581 4203 loco
600 4147 793 4219 purgatorium
812 4147 932 4219 probari.
960 4162 1060 4198 aurum
1079 4149 1105 4195 et
1123 4147 1278 4209 arpentum.
1324 4138 1392 4196 Luc.
1413 4144 1459 4209 12,
1484 4156 1510 4194 v.
1537 4145 1584 4194 49:
1611 4138 1709 4207 Ipnem
1734 4138 1799 4190 ueni

97 4230 235 4287 Nimirum
260 4233 384 4304 persistit
416 4234 557 4305 apostolus
583 4233 612 4287 in
634 4233 777 4305 proposita
801 4234 934 4305 allegoria
960 4229 1068 4282 mittere
1085 4228 1244 4295 interram,
1263 4233 1290 4279 et
1307 4227 1379 4294 quid
1391 4226 1464 4293 uoto,
1482 4224 1541 4278 nisi
1557 4231 1587 4276 ut
1600 4225 1797 4277 accendatur?

96 4317 148 4372 boc
167 4335 257 4374 seusu.
286 4317 525 4383 Quemadmodum
544 4319 617 4391 ignis
635 4320 785 4375 materialis
804 4327 933 4375 naturam
963 4321 983 4370 1.
1002 4314 1076 4369 Potr.
1098 4319 1126 4383 1,
1152 4330 1178 4367 s.
1207 4311 1246 4368 τί
1267 4311 1301 4364 tn
1327 4311 1464 4381 probatio
1494 4317 1601 4363 satsat
1620 4310 1691 4373 fidei
1707 4308 1797 4362 malit

98 4422 192 4459 eorum
199 4446 207 4473 ‚
235 4421 308 4476 quae
337 4425 421 4479 nuper
437 4405 659 4463 ‘fundamentum
690 4412 831 4462 exstructa
861 4413 933 4476 timi,
957 4401 1111 4473 pretiotior
1129 4400 1166 4453 tii
1183 4416 1262 4468 duro,
1286 4401 1364 4467 quoti
1379 4415 1434 4467 per
1448 4397 1537 4465 ipnem
1556 4397 1705 4465 probatur,
1725 4413 1750 4452 c.
1771 4402 1796 4464 4,

98 4491 199 4561 probat
218 4493 415 4561 denominat,
442 4491 625 4563 nequeenim
649 4510 761 4557 aurum,
788 4498 934 4563 argentum
961 4506 987 4544 v.
1011 4492 1055 4541 12:
1080 4486 1204 4551 Dilecti,
1227 4502 1263 4539 ne
1282 4493 1416 4552 tanquam
1435 4482 1585 4552 persprini
1604 4483 1798 4552 captaratione

99 4582 127 4631 et
154 4576 263 4647 lapides
290 4577 424 4648 pretiosos
453 4578 575 4633 absumit
607 4585 657 4634 aut
686 4578 852 4648 corrumpit,
886 4577 934 4633 sed
962 4573 1015 4626 illa
1030 4589 1085 4640 per
1104 4572 1211 4640 ipnom‚
1238 4587 1309 4640 psas
1333 4571 1366 4634 fit
1386 4569 1417 4622 ἰπ
1433 4569 1510 4623 vobit
1528 4568 1570 4621 ⁰11
1585 4569 1673 4621 vestri
1690 4570 1798 4638 asperi.-

99 4662 192 4734 potius
218 4670 337 4735 purgat,
365 4664 471 4735 lignum
495 4680 561 4720 sero
586 4664 698 4719 foenum
725 4670 753 4718 et
772 4663 888 4734 stipulas
906 4664 935 4717 in
963 4667 1081 4713 memum
1097 4656 1294 4726 percellimini.
1337 4654 1443 4711 Eodem
1466 4653 1548 4708 modo
1572 4661 1714 4724 exponunt
1740 4655 1799 4726 qui·

101 4749 205 4803 cineres
224 4767 257 4804 ao
275 4749 384 4804 favillas
403 4749 519 4821 redigit3
545 4751 585 4805 sic
607 4749 680 4824 ignis
707 4750 754 4805 ille
774 4750 935 4822 spiritualis,
962 4745 1025 4801 dam
1047 4761 1081 4799 ex
1099 4741 1235 4814 patribus.
1267 4740 1431 4796 Ambrosius
1451 4739 1591 4796 iuPsalm.
1614 4747 1675 4797 ¹18:
1697 4743 1797 4795 Veniat

100 4835 172 4905 ignis
185 4835 287 4905 judieii
306 4852 337 4891 ac
357 4835 476 4906 Spiritus
496 4834 591 4901 divini,
610 4836 657 4907 qui
676 4842 736 4891 tum
762 4836 872 4891 demum
890 4852 935 4890 ac·
962 4833 1073 4887 uerbum
1092 4831 1163 4900 Dei,
1182 4830 1266 4884 intret
1292 4830 1323 4883 in
1348 4828 1510 4898 ecclesiam,
1538 4830 1588 4894 fiat
1608 4829 1682 4896 ipnis
1700 4846 1799 4883 consu·

99 4922 242 4992 conditur,
272 4924 384 4993 quando
408 4921 452 4975 vel
478 4926 593 4976 externa
619 4923 777 4993 persecutio
800 4922 933 4991 imminet,
962 4937 1047 4984 mens,
1067 4925 1097 4971 ut
1116 4926 1215 4971 ecerat
1228 4917 1344 4979 foenum
1361 4924 1389 4968 et
1408 4915 1542 4984 stipatam
1560 4923 1586 4968 et
1605 4914 1748 4983 poidpuid
1759 4922 1799 4966 est

97 5007 142 5062 sel
156 5008 294 5077 judicium
313 5009 368 5064 Dei
388 5009 416 5062 in
436 5006 607 5063 couscientia
622 5009 752 5077 sentitur,
773 5008 816 5063 rei
834 5008 934 5062 clarior
962 5005 1091 5060 seculors
1109 5011 1253 5057 comumat
1275 5008 1327 5059 etc.
1370 5000 1546 5073 Augustinus
1564 5000 1592 5054 in
1613 5000 1690 5056 ench.
1705 5018 1730 5055 c.
1749 5006 1797 5055 68:

98 5093 284 5150 manifestatio
308 5094 433 5151 veritatis
454 5111 487 5149 ex
509 5091 594 5148 serbo
619 5094 758 5161 succedit,
783 5064 948 5165 spiritualiai
965 5093 1018 5145 Est
1048 5090 1159 5161 quidem
1190 5089 1266 5158 ipnis
1297 5088 1413 5141 tentatio
1443 5086 1646 5153 tribulationis,
1681 5087 1716 5138 de
1744 5103 1798 5154 puo

96 5180 209 5252 inquam
217 5181 265 5236 ille
273 5180 349 5253 iguis
358 5180 473 5253 quaeris
483 5180 615 5251 dogmata
629 5197 713 5252 super
722 5180 933 5236 fundamentum
959 5183 1057 5247 aperte
1077 5175 1137 5229 aiio
1162 5176 1224 5229 loco
1249 5174 1385 5244 scriptum
1411 5180 1460 5227 est·
1501 5174 1576 5226 Vitta
1595 5172 1679 5241 dtuli
1691 5173 1794 5243 probat

97 5265 238 5323 doctrinae
259 5267 295 5322 do
313 5266 423 5321 Christo
441 5271 581 5321 exstructa
599 5266 716 5336 probat,
743 5265 883 5322 examinat
900 5284 934 5322 ao
957 5263 1066 5328 foruna
1107 5268 1133 5314 et
1168 5261 1262 5329 justos
1291 5258 1417 5313 beminen
1446 5259 1563 5312 tentatio
1593 5256 1795 5312 tribulationis.

95 5351 269 5423 manifestat3
298 5369 369 5425 quae
387 5353 410 5406 si
427 5352 541 5408 inventa
555 5350 661 5406 inerint
675 5351 782 5407 sincera
799 5367 833 5406 aa
850 5370 932 5423 prae·
957 5351 1015 5402 Iste
1030 5348 1105 5418 ipnis
1122 5348 1151 5401 in
1168 5348 1221 5400 bac
1240 5348 1300 5401 viia
1318 5346 1431 5400 inierim
1449 5345 1533 5412 favii,
1553 5344 1630 5415 914θᾶ
1646 5345 1794 5413 aP0⁸²0l1⁶⁸

95 5439 210 5508 mutia,
236 5454 271 5494 ex
296 5437 363 5509 ipsis
383 5438 543 5509 Scripturas
569 5436 647 5494 venis
673 5435 775 5506 petits,
800 5438 927 5511 adeoque
958 5436 1029 5489 dicit
1057 5439 1110 5490 etc.
1156 5431 1308 5504 Gregorius
1335 5431 1384 5488 tib.
1414 5437 1439 5487 4.
1468 5430 1533 5485 dial.
1562 5446 1584 5486 c.
1615 5435 1663 5486 39:
1698 5431 1794 5485 Potest

96 5525 178 5594 auri,
206 5525 320 5597 arpenti
345 5541 380 5582 oc
410 5524 542 5597 lapidum
563 5523 755 5597 pretiosarum
782 5522 871 5580 instar
897 5541 929 5582 se
957 5520 1081 5592 intsiiipi
1095 5519 1171 5592 mnis
1186 5518 1376 5575 tribulationis
1394 5518 1425 5572 in
1441 5516 1494 5572 bac
1513 5515 1573 5572 uita
1591 5516 1743 5579 adbibitus.

1395 5621 1455 5679 ib*
