4104 6014
856 205 908 260 Dr:
927 202 1068 260 MORTE.
1748 216 1806 274 257

108 358 154 431 pii
172 357 298 416 homines
317 376 368 432 per
385 366 476 416 totum
494 366 631 417 terrmmn
647 361 742 418 orbem
754 360 880 432 dispersi,
898 358 946 431 qui
974 361 1063 429 mapis
1090 362 1261 415 credendum
1285 369 1341 428 est,
1370 369 1482 416 sannas
1507 361 1538 415 in
1559 363 1636 417 coelo
1659 363 1710 416 loe
1735 366 1809 419 dorso

110 461 163 499 cor
181 463 261 500 suurn
279 447 309 501 in
325 447 456 519 precibus
476 447 638 516 effundunt,
662 448 702 503 ita
720 464 830 520 quoque
850 464 946 503 neces-
970 446 1090 515 pollere.
1129 449 1188 502 Sed
1206 465 1300 501 uerum
1312 448 1412 517 prim,
1432 456 1463 500 ut
1477 456 1585 502 constat
1596 465 1630 502 es
1650 450 1720 516 illas,
1739 468 1810 519 quae

110 532 217 587 sarium
241 540 297 599 est,
327 541 360 589 ut
377 534 401 589 is
419 533 467 605 qni
484 534 643 594 invocatur,
676 552 731 589 uuo
763 551 797 590 ac
828 532 1010 617 simplicilde
1028 531 1159 586 Samuele
1181 538 1203 586 1.
1226 534 1301 588 Sam
1319 537 1344 586 9.
1365 534 1485 588 Elisaeo
1503 538 1528 591 2.
1543 535 1612 603 Περ.
1634 540 1658 591 5.
1678 544 1705 590 et
1722 539 1809 591 Petro

109 619 279 690 cognitionis
303 627 370 675 actu
396 619 578 676 haecomnia
595 619 748 692 intelligat,
766 636 817 675 nee
836 621 946 674 demum
975 619 1038 671 Act.
1058 622 1083 672 5.
1104 622 1277 688 referuntur.
1318 622 1397 689 Erpa
1419 622 1502 674 etiam
1516 622 1668 689 posterius.
1705 624 1809 678 Bellar-

110 722 179 759 cum
207 722 305 777 preces
341 711 406 760 sunt
433 704 542 775 linitae,
574 723 625 778 per
656 707 852 763 revelationem
884 704 947 759 illas
974 702 1064 758 miuus
1086 704 1140 758 dl.
1159 704 1288 760 Becanus
1304 704 1338 759 de
1355 705 1446 762 invoc.
1464 712 1551 760 sanct.
1564 726 1592 778 p.
1608 713 1648 765 59.
1675 708 1810 763 Cottonus

111 798 278 864 cognoscat,
306 791 455 848 destitutus
480 792 591 846 interim
609 792 707 846 notitia
736 810 845 862 earum,
876 784 992 866 quaell.
1018 797 1039 847 t.
1064 789 1182 848 institut
1207 808 1231 846 c.
1258 797 1298 846 15.
1325 809 1352 862 p.
1379 797 1425 847 86:
1453 794 1560 846 Lumen
1589 794 1698 861 pierias
1727 796 1809 865 iemps

110 877 161 933 illo
179 878 242 949 ipso
261 885 398 935 momento
417 878 587 946 funduntur,
607 879 658 934 sed
675 896 797 950 semper,
817 879 947 934 continue
975 884 1015 930 est
1034 877 1175 932 illustriss
1193 897 1228 933 aa
1255 880 1350 948 nsajus'
1381 896 1464 948 msam
1488 880 1692 949 prophetarum
1722 883 1809 936 eolla·

111 971 143 1019 et
159 964 347 1022 indesinenter
366 966 504 1020 amatium
523 982 620 1036 preces
638 966 744 1031 audiat,
762 967 836 1022 unde
852 965 947 1019 Domi·
973 965 1083 1017 stratr'o.
1129 965 1200 1018 Jam
1226 982 1290 1019 nero
1315 965 1474 1036 propbetas
1499 967 1626 1020 absentia
1652 976 1679 1021 et
1707 970 1809 1029 surtran

112 1068 167 1106 nus
187 1052 263 1123 apud
280 1051 444 1122 prophetam
463 1052 531 1107 dicit
543 1053 605 1107 Esa.
619 1059 662 1118 65,
680 1070 704 1107 v.
722 1058 769 1108 24:
790 1054 947 1122 Antequam
974 1049 1105 1103 viderunt
1124 1056 1178 1109 etc.
1222 1050 1445 1121 Respondemus:
1473 1058 1495 1109 1.
1513 1053 1681 1109 Bellarmino
1702 1060 1809 1108 contra-

112 1139 249 1202 elamsnt,
280 1155 331 1209 spo
355 1140 523 1208 meadum,
556 1139 649 1192 adhue
682 1140 744 1193 illis
773 1138 948 1208 loquentibus
976 1134 1043 1189 dicit
1062 1135 1192 1190 Corterns
1211 1136 1240 1190 in
1260 1138 1363 1192 enchir.
1382 1155 1410 1209 p.
1429 1143 1486 1194 389.
1503 1140 1543 1194 sic
1556 1140 1692 1196 scribens:
1713 1143 1810 1210 Lonps

113 1241 165 1291 epo
183 1225 316 1292 mium,
349 1229 378 1279 et
396 1223 522 1279 Christus
550 1225 585 1279 de
603 1225 688 1280 Patre
703 1223 815 1280 acdesti
831 1230 949 1278 testatur
975 1221 1062 1275 aliter
1080 1224 1232 1277 sinentibus
1257 1225 1384 1280 absentia
1404 1226 1566 1280 revelantur
1592 1236 1676 1296 atque
1694 1230 1809 1298 sanctis,

114 1307 214 1367 Matth.
238 1317 266 1378 6,
292 1329 319 1367 ι.
344 1316 392 1367 ³2:
419 1312 504 1366 Novit
531 1311 619 1364 Pater
645 1320 749 1380 vestm,
779 1312 857 1380 quod
881 1310 949 1364 base
975 1307 1025 1376 qui
1047 1317 1162 1362 admo
1189 1312 1284 1378 pluria
1301 1314 1452 1380 fruuntur,
1481 1312 1542 1367 illis
1561 1314 1632 1367 enim
1656 1323 1724 1369 neta
1738 1318 1809 1380 fiunt

114 1398 210 1450 omnia
247 1398 406 1466 indipaatis.
453 1395 518 1452 Jarn
548 1414 613 1452 vero
645 1396 737 1467 posita
773 1397 947 1452 revelationis
975 1395 1084 1449 occulta
1111 1397 1315 1466 inspiratione,
1341 1399 1385 1453 liis
1413 1406 1505 1453 autem
1528 1401 1642 1454 diuinae
1672 1404 1808 1456 assutiae

114 1499 204 1538 novae
225 1484 403 1551 necessitate,
431 1491 551 1554 negatur
571 1489 729 1538 sanctorum
748 1483 948 1547 omniscientis,
976 1483 1215 1551 contemplatione.
1252 1484 1338 1555 Atqui
1356 1485 1380 1538 si
1399 1485 1502 1539 sancus
1521 1502 1568 1552 ea,
1594 1486 1711 1558 quaein
1729 1487 1809 1542 terris

114 1569 182 1639 quia
198 1570 247 1625 nbi
266 1571 416 1642 requiritur
433 1588 507 1625 nova
524 1571 671 1640 revelatio,
694 1570 733 1625 ibi
752 1588 807 1625 non
827 1577 868 1625 est
885 1587 948 1640 per·
975 1575 1123 1640 geruntur,
1142 1586 1198 1624 non
1214 1570 1286 1626 fiunt
1302 1577 1368 1626 nota
1387 1572 1494 1627 ratione
1511 1589 1559 1639 ea,
1579 1590 1635 1642 qua
1651 1573 1809 1629 visentibus

113 1660 200 1726 petua
229 1664 257 1712 et
289 1657 435 1723 continue,
470 1658 520 1713 sed
550 1657 708 1712 successiva
738 1663 767 1713 et
797 1657 949 1727 interrupta
975 1655 1134 1710 revelentur
1151 1655 1286 1726 absentia,
1305 1657 1400 1729 utique
1419 1658 1504 1712 etiam
1518 1676 1575 1713 non
1592 1665 1684 1729 potest
1700 1677 1810 1731 comps-

114 1743 221 1800 notitia.
270 1744 346 1816 Ergo
373 1743 461 1799 sancti
494 1762 565 1799 nova
596 1746 764 1800 revelatione
793 1744 949 1814 indigentes
975 1741 1046 1796 ratio
1075 1741 1183 1795 institui
1208 1742 1280 1798 inter
1306 1743 1503 1799 revelationem
1527 1745 1630 1800 facum
1654 1746 1811 1802 viventibus

114 1846 171 1885 non
190 1836 255 1885 sunt
273 1830 399 1885 omniscii
423 1837 452 1887 et
469 1849 519 1902 per
535 1848 706 1901 consequens
724 1847 775 1885 nec
795 1830 949 1886 invocandi.
976 1835 1006 1882 et
1025 1827 1181 1883 faciendam
1209 1829 1355 1885 defunctis.
1401 1830 1638 1887 altereationes
1662 1832 1727 1887 illae
1752 1834 1810 1888 fue·

115 1923 139 1972 t.
153 1915 298 1972 Revelatio
316 1918 365 1972 illa
382 1925 431 1972 aut
448 1924 491 1972 est
507 1917 681 1989 quarundam
696 1917 832 1972 duntaxat
847 1932 948 1983 rerum,
976 1919 1042 1968 runt
1073 1915 1233 1981 simpulares
1263 1923 1288 1969 et
1319 1918 1581 1986 extraordinariae,
1618 1935 1674 1988 qua
1705 1920 1811 1975 ratione

115 2020 189 2075 quac
219 2005 249 2058 in
274 2005 356 2058 terris
382 2011 530 2075 geruntur,
556 2011 606 2058 aut
633 2004 762 2060 omnium.
809 2002 838 2059 si
864 2003 949 2072 prius,
976 2000 1059 2053 etiam
1083 1999 1222 2056 defunctis
1248 2001 1355 2055 sanctis
1383 2002 1521 2071 quaedam
1545 2002 1661 2057 revelari
1683 2020 1739 2058 non
1763 2006 1810 2060 ab

115 2090 242 2144 nondum
267 2090 371 2145 sufficit
400 2090 438 2145 ad
466 2090 662 2146 stabiliendam
690 2096 847 2145 sanctorum
874 2089 950 2143 invo-
976 2087 1100 2151 nuimus,
1126 2087 1175 2141 sed
1197 2103 1232 2141 ex
1253 2087 1308 2142 illis
1333 2087 1520 2159 singularibus
1539 2096 1567 2143 et
1587 2091 1810 2146 extraordinariis

116 2177 267 2243 sationem,
291 2176 358 2247 quia
383 2176 420 2231 ad
446 2193 506 2231 eam
530 2176 679 2248 requiritur
698 2175 825 2231 absoluta
844 2182 873 2231 et
890 2175 951 2230 infi-
976 2173 1191 2228 revelationibus
1217 2192 1273 2230 non
1294 2182 1388 2246 potest
1411 2175 1505 2247 colligi
1528 2176 1664 2246 regularis
1690 2183 1719 2232 et
1739 2178 1811 2232 ordi·

117 2263 176 2318 nita
193 2262 315 2318 omnium
332 2263 445 2327 notitia3
464 2263 488 2316 si
505 2262 649 2332 posterius.
668 2278 840 2333 consequens
858 2261 950 2328 fuerit,
975 2257 1055 2313 naria
1070 2260 1273 2331 omniscientis,
1299 2278 1350 2317 nec
1372 2267 1465 2332 potest
1481 2263 1511 2316 in
1530 2262 1584 2317 illis
1609 2263 1693 2317 statui
1711 2262 1811 2319 funda-

116 2347 302 2420 cognitionem
325 2365 375 2420 per
399 2349 593 2404 revelationem
619 2366 679 2404 esse
706 2348 898 2420 perfectiorem
922 2355 951 2404 et
976 2352 1099 2401 mentum
1130 2346 1262 2401 ordinarii
1293 2347 1398 2416 cultus,
1430 2348 1612 2402 invocationis
1647 2349 1752 2405 scilicet
1779 2352 1810 2405 in

115 2431 267 2503 pleniorem
289 2434 446 2505 cognitione
470 2434 533 2499 ills,
563 2451 634 2505 quae
663 2434 696 2489 iit
719 2453 769 2506 per
793 2434 949 2490 beatificam
976 2432 1101 2488 ecclesia.
1145 2439 1168 2488 3.
1186 2432 1229 2488 Ex
1247 2433 1310 2504 illis,
1330 2451 1402 2504 quas
1421 2435 1526 2505 scripta
1542 2441 1621 2503 sunt,
1647 2454 1704 2492 non
1728 2438 1811 2494 debe·

116 2520 170 2575 Dei
188 2521 330 2589 urionem,
350 2523 416 2593 quia
435 2521 620 2592 cognitionem
638 2520 950 2592 perbeatificamvisio·
976 2536 1037 2572 mus
1073 2518 1173 2573 nostris
1213 2518 1470 2578 ratiocinationibus
1501 2520 1631 2592 colligere
1668 2523 1811 2595 quippiam

115 2621 179 2661 nem
204 2607 386 2662 Bellarminus
409 2608 448 2661 sic
476 2608 589 2674 limitat,
620 2609 695 2679 quod
722 2607 810 2663 sancti
836 2608 866 2662 in
889 2609 950 2664 Deo
975 2621 1134 2676 repugnans
1154 2604 1203 2671 illi,
1224 2606 1299 2677 quod
1318 2606 1452 2678 scriptum
1470 2615 1519 2664 est
1560 2609 1635 2679 Ergo
1653 2626 1686 2664 ex
1703 2611 1812 2667 revela-

116 2693 231 2747 videant
251 2710 307 2750 non
332 2693 495 2765 simpliciter
522 2693 615 2749 omnia
639 2694 689 2749 sed
714 2711 787 2765 quac
811 2695 849 2750 ad
876 2696 950 2765 ipsos
975 2692 1096 2746 tionibus
1119 2691 1188 2760 illis,
1212 2709 1284 2764 quae
1307 2693 1399 2750 factu
1422 2702 1487 2749 sunt
1510 2693 1669 2750 hominibus
1688 2696 1718 2751 in
1736 2704 1812 2753 terra

115 2779 211 2850 aliquo
235 2779 316 2835 modo
341 2780 488 2850 pertinent
538 2785 561 2835 8.
588 2780 733 2836 Βειειιιιίο
759 2780 809 2839 illa
831 2788 881 2836 aut
909 2788 951 2837 est
974 2777 1146 2848 viventibus,
1183 2795 1239 2833 non
1270 2778 1404 2834 debemus
1434 2780 1565 2853 colligere
1594 2782 1738 2854 quippiam
1769 2801 1811 2839 re·

116 2866 285 2936 simpularis,
317 2867 476 2937 peculiaris
496 2874 521 2920 et
552 2869 799 2937 extraordinaria,
830 2873 880 2921 aut
909 2875 951 2922 est
975 2881 1102 2936 pugnans
1119 2864 1200 2919 dictis
1220 2865 1348 2936 superius
1367 2867 1552 2938 enumeratis,
1571 2884 1644 2941 quae
1663 2871 1811 2940 specialem

116 2953 259 3020 reputaris
287 2961 313 3007 et
341 2954 502 3007 ordinaria.
549 2953 578 3009 si
605 2954 695 3025 prius,
721 2973 777 3009 non
808 2955 951 3009 constituit
975 2969 1065 3007 rerum
1083 2951 1267 3005 humanarum
1292 2951 1420 3008 notitiam
1450 2954 1554 3008 sanctis
1578 2954 1717 3011 defmctis
1734 2957 1811 3011 dero·

115 3038 326 3094 fundamentum
343 3038 475 3093 ordinarii
502 3039 611 3105 cultus,
638 3041 820 3095 invocationis
845 3041 951 3095 scilicet
975 3045 1052 3108 gant.
1086 3037 1320 3094 altereationes
1339 3038 1404 3094 illae
1422 3040 1616 3111 pertinuerunt
1633 3041 1670 3095 ad
1689 3042 1811 3096 officium

116 3125 144 3179 in
166 3125 289 3195 ecclesia,
308 3125 539 3196 qniasingularia
553 3144 608 3180 non
624 3127 797 3182 constituunt
809 3127 949 3198 regulsm3
977 3123 1183 3194 propheticum,
1206 3141 1262 3196 quo
1288 3125 1376 3179 sancti
1400 3126 1442 3178 illi
1467 3126 1592 3182 homines
1620 3126 1648 3181 in
1670 3128 1713 3182 his
1732 3130 1811 3183 terris

115 3212 140 3265 si
166 3212 316 3281 posterius,
356 3211 458 3265 falsum
489 3212 554 3278 erit,
588 3214 662 3283 quod
694 3214 782 3267 sancti
814 3214 950 3269 ordinarie
976 3209 1065 3265 suncti
1082 3210 1168 3274 fuere,
1185 3211 1234 3265 ssd
1254 3211 1344 3265 sancti
1364 3211 1393 3265 in
1412 3213 1496 3266 coelis
1515 3230 1571 3267 non
1591 3213 1719 3284 indigent
1738 3216 1810 3285 ejus·

115 3298 243 3370 ignorent
269 3314 361 3352 rerum
391 3297 573 3352 humanarum
600 3306 717 3368 statum,
752 3300 828 3370 quod
859 3301 949 3371 ipsum
977 3296 1051 3350 modi
1074 3296 1241 3353 revelatione
1264 3297 1301 3351 ad
1330 3313 1407 3352 suam
1434 3297 1634 3353 beatitudinem
1660 3307 1688 3354 et
1712 3319 1812 3355 munus

115 3390 208 3437 tamen
229 3382 372 3453 Scriptura
389 3383 515 3437 adstruit.
561 3389 585 3439 9.
605 3383 769 3455 Quicunque
788 3385 951 3440 invocantur
976 3383 1179 3453 peragendum,
1205 3400 1295 3454 neque
1318 3383 1389 3439 enim
1417 3385 1445 3438 iu
1466 3387 1564 3440 eodem
1581 3393 1656 3440 statu
1674 3394 1701 3442 et
1719 3386 1812 3444 officio

116 3477 148 3524 ut
177 3471 345 3523 mediatores
377 3472 451 3523 inter
474 3471 568 3523 Deum
599 3479 626 3524 et
645 3471 783 3541 leminea,
811 3471 867 3526 illis
896 3490 951 3526 non
976 3487 1040 3524 cum
1058 3469 1201 3541 prophetis
1223 3470 1252 3523 in
1271 3470 1389 3525 ecclesia
1410 3471 1546 3526 militante
1571 3472 1735 3528 docentibus
1751 3488 1812 3529 ver·

117 3556 220 3610 debent
250 3572 347 3626 preces
374 3562 486 3611 nostrae
516 3573 533 3610 a
562 3555 623 3610 Deo
653 3556 785 3626 revelari,
821 3559 869 3612 sed
898 3558 951 3629 ipsi
976 3564 1080 3612 santur.
1118 3563 1141 3611 5.
1168 3555 1212 3611 De
1236 3555 1285 3611 tali
1310 3573 1403 3611 rerum
1428 3555 1611 3612 humanarum
1635 3559 1735 3614 notitia
1758 3560 1812 3615 hoc

10 3662 52 3704 'nt
70 3661 104 3705 ar,
116 3643 208 3711 potius
229 3659 324 3712 preces
337 3648 444 3696 nostras
462 3659 512 3712 per
523 3657 554 3695 se
567 3641 672 3705 audire,
691 3658 795 3713 easque
806 3644 842 3698 ad
857 3643 948 3698 Deum
976 3644 1036 3698 loco
1063 3644 1219 3715 quaeritur,
1249 3659 1321 3713 quae
1350 3643 1386 3697 ad
1418 3643 1576 3715 religiosam
1607 3645 1811 3701 invocationem

117 3727 224 3783 deferre
238 3728 348 3783 debent.
389 3727 485 3793 Qualis
510 3728 583 3783 enim
608 3729 743 3783 mediator
768 3730 821 3784 erit
836 3731 874 3798 is,
905 3732 950 3786 eui
976 3731 1050 3801 ejus,
1076 3730 1121 3784 cui
1138 3729 1283 3799 tribuitur,
1312 3738 1340 3785 et
1361 3731 1518 3786 necessaria
1544 3741 1586 3786 est
1614 3738 1641 3786 et
1661 3732 1809 3789 sufficiens.

116 3814 152 3869 ab
171 3831 217 3882 eo,
241 3814 316 3885 apud
335 3832 416 3886 quem
439 3815 618 3870 mediatorem
641 3833 725 3886 agere
750 3816 848 3877 debet.
873 3819 950 3888 prins
976 3815 1064 3886 Atqui
1088 3815 1304 3871 extraordinaria
1336 3817 1386 3871 illa
1409 3818 1541 3873 revelatio
1568 3818 1712 3888 prophetis
1735 3820 1812 3875 iacta

117 3901 304 3965 indicandum,
323 3903 398 3972 quod
418 3901 454 3955 ab
472 3903 520 3957 illo
533 3912 565 3956 ut
582 3903 717 3957 mediator
734 3902 819 3958 fuerit
831 3905 949 3974 compcl-
976 3902 1103 3957 nonfuit
1128 3920 1146 3957 a
1163 3903 1217 3973 piis
1238 3902 1380 3959 sufficiens
1404 3905 1546 3976 judicata,
1569 3913 1602 3960 ut
1618 3912 1732 3977 propter
1750 3924 1811 3962 eam

117 3987 213 4042 latus?
249 3988 313 4042 Jam
331 4005 445 4044 veroex
464 3988 613 4059 hypothesi
632 3987 842 4044 Pontificiorum
861 3991 949 4046 sancti
978 3987 1125 4059 prophetas
1154 3989 1199 4044 vel
1223 3988 1363 4058 viventes,
1391 3991 1435 4045 vel
1462 3991 1521 4045 vita
1544 3991 1654 4046 functos
1681 3992 1811 4070 religiose

117 4074 282 4129 invocantur
307 4079 339 4128 ut
363 4075 527 4130 mediatores
554 4075 626 4129 inter
646 4074 737 4129 Deum
764 4081 794 4131 et
817 4075 948 4132 homines.
976 4075 1144 4130 invocarent.
1188 4076 1268 4145 Ergo.
1318 4082 1342 4132 6.
1363 4075 1558 4132 Revelationes
1583 4076 1648 4132 illae
1669 4077 1811 4148 prophetis

117 4161 193 4233 Ergo
222 4177 334 4216 neceme
365 4168 420 4227 est,
451 4169 482 4215 ut
504 4162 557 4234 ipsi
582 4179 633 4232 per
659 4181 688 4218 se
712 4163 828 4218 audiant
853 4180 949 4235 preces
976 4162 1066 4217 iactae
1090 4179 1146 4216 non
1163 4162 1257 4216 omnia
1292 4163 1340 4218 sed
1366 4180 1459 4233 pauca
1482 4164 1619 4236 quaedam
1637 4164 1703 4235 ipsis
1722 4165 1810 4218 mani·

117 4256 238 4313 nostras,
270 4255 418 4320 antequam
450 4248 505 4301 illis
534 4265 551 4303 a
576 4249 636 4304 Deo
662 4249 826 4305 revelentur.
871 4251 950 4315 Quas
976 4249 1119 4305 sectarunt
1174 4251 1314 4304 Dominus
1353 4268 1409 4303 non
1438 4251 1574 4304 indicavit
1606 4251 1687 4319 milri,
1722 4249 1814 4320 inquit

118 4335 192 4389 enim
221 4350 323 4405 quaeso
340 4334 393 4389 hae
422 4344 487 4388 sunt
503 4333 655 4407 ambages?
690 4334 744 4400 Qui
764 4336 793 4390 in
812 4339 891 4391 terris
911 4339 948 4391 vi·
977 4335 1104 4390 Elisaeus
1131 4341 1154 4391 2.
1172 4334 1242 4406 Reg.
1264 4343 1296 4403 4,
1319 4355 1346 4391 v.
1367 4341 1407 4391 ιι.
1448 4336 1524 4407 Ergo
1556 4335 1639 4390 etiam
1659 4336 1762 4390 sanctis
1782 4336 1811 4390 in

118 4429 202 4490 vnnt,
230 4429 339 4475 sanctos
361 4420 505 4476 defunctos
532 4423 676 4492 invocant,
706 4428 738 4476 ut
764 4423 840 4493 apud
858 4423 949 4477 Deum
977 4422 1053 4476 coelo
1078 4439 1134 4476 non
1160 4423 1253 4477 omnis
1276 4424 1325 4478 sed
1353 4422 1491 4495 quaedam
1516 4422 1653 4477 duntaxat
1679 4422 1812 4477 divinitus

118 4523 169 4577 pro
188 4507 255 4577 ipsis
273 4507 455 4563 intercedant.
484 4507 545 4561 Has
562 4525 659 4580 preces
671 4508 783 4579 ipsimet
799 4509 888 4564 sancti
900 4528 950 4582 per
976 4509 1142 4564 revelantur.

118 4610 148 4648 se
164 4610 222 4647 non
236 4593 368 4659 audiunt,
389 4592 438 4645 sed
455 4592 532 4647 Deus
556 4611 603 4649 eas
621 4594 688 4665 ipsis
708 4595 826 4664 revelat,
852 4601 950 4667 postca
1013 4599 1072 4650 33⁰.
1107 4593 1209 4648 Itidem
1227 4597 1285 4647 2.a
1299 4594 1406 4648 minori
1421 4595 1463 4647 ad
1477 4594 1579 4661 majus.
1612 4594 1647 4648 Si
1659 4603 1762 4663 patres
1782 4596 1812 4649 in

119 4681 229 4735 demum
246 4680 335 4734 sancti
353 4679 542 4750 intercedunt,
567 4688 598 4736 ut
615 4679 691 4736 Deus
716 4698 814 4752 preces
832 4681 894 4735 illas
913 4683 949 4736 ad
978 4681 1062 4734 limbo
1081 4688 1144 4733 onte
1165 4680 1274 4733 Christi
1297 4682 1447 4734 aduentum
1465 4696 1545 4733 nasse
1565 4687 1713 4750 poterant,
1740 4698 1813 4751 qaae

120 4785 149 4822 se
175 4767 294 4820 ducetur
313 4765 461 4820 clementer
487 4766 590 4825 audiat
636 4766 693 4822 Cur
725 4784 780 4822 non
798 4775 874 4823 recta
902 4786 952 4840 per
978 4768 1082 4829 fiebant
1104 4767 1134 4819 in
1158 4775 1252 4833 terra,
1278 4767 1374 4837 ntique
1397 4765 1503 4837 saneti,
1528 4766 1578 4837 qui
1600 4784 1673 4820 nune
1697 4769 1813 4822 adstant

120 4852 260 4907 Christum
289 4852 483 4916 mediatorem,
512 4853 560 4922 qui
577 4852 684 4925 absque
712 4869 786 4908 nova
815 4856 950 4926 ejusmodi
981 4856 1097 4907 Deoua
1120 4853 1230 4924 potiori
1248 4853 1342 4923 ploria
1363 4855 1515 4922 fruuntur,
1541 4855 1639 4907 eadem
1662 4873 1718 4908 non
1735 4857 1812 4925 ipno·

119 4938 286 4994 revelatione
335 4954 431 5009 preces
481 4944 590 4994 nostras
638 4939 729 5010 audit,
776 4940 812 4994 ad
860 4941 951 4997 Deum
980 4942 1088 4994 rabant
1129 4939 1189 4994 Sed
1205 4957 1300 4993 senem
1312 4941 1412 5009 prius,
1431 4940 1499 5008 quia
1519 4940 1666 4994 Abraham
1684 4940 1950 4995 inundantum

119 5022 295 5079 accedimus?
978 5034 1107 5091 noverat,
1139 5027 1286 5096 amtorem
1316 5026 1456 5094 recepisse
1487 5026 1560 5080 bona
1594 5028 1625 5080 in
1659 5027 1712 5080 irae
1748 5029 1814 5097 sita,

154 5116 212 5167 329.
247 5112 422 5183 Argumenta
438 5127 489 5182 pro
501 5110 669 5166 stabilienda
681 5110 857 5181 revelatione,
878 5130 950 5184 quae
979 5115 1121 5167 Laconem
1158 5129 1224 5167 sero
1253 5112 1347 5175 mala,
1386 5109 1454 5166 Luc.
1489 5118 1535 5181 16,
1571 5129 1598 5168 v.
1629 5118 1671 5168 25.
1728 5112 1804 5184 Ergo

118 5200 222 5253 sanctis
257 5199 287 5253 in
311 5199 387 5255 coelo
417 5198 480 5269 fiat,
516 5197 660 5270 proferunt
689 5199 840 5270 ejusmodi,
878 5204 901 5256 1.
932 5220 951 5254 a
980 5200 1110 5256 costerus
1127 5200 1156 5255 in
1175 5200 1253 5255 ench.
1272 5219 1298 5271 p.
1318 5205 1378 5258 386.
1417 5199 1644 5270 Respondemus:
1667 5206 1688 5256 1.
1701 5199 1815 5256 coetero

119 5287 224 5340 minori
241 5289 282 5340 ad
299 5288 400 5357 majus.
432 5288 467 5342 Si
481 5286 564 5341 neubi
580 5294 740 5340 sannorum
758 5287 788 5340 in
805 5286 849 5340 lris
868 5288 952 5340 terris
981 5287 1149 5343 contradicit
1172 5286 1357 5342 Bellarminus
1381 5287 1400 5342 d
1426 5287 1444 5341 1.
1463 5287 1504 5343 sic
1518 5286 1656 5341 scribens:
1679 5287 1814 5340 Patribus

120 5374 224 5426 donem
241 5391 261 5427 a
278 5376 342 5428 Dee
362 5374 532 5443 iabesrunt,
561 5388 615 5441 quo
633 5381 828 5441 cognoscerent
849 5374 954 5440 copita-
982 5376 1011 5428 in
1036 5375 1119 5429 limbo
1144 5392 1200 5427 non
1227 5375 1287 5440 fuit
1316 5375 1464 5447 ordinarie
1482 5374 1648 5441 revelatum,
1677 5374 1747 5445 quid
1770 5375 1815 5428 hio

118 5459 209 5514 tiones
228 5460 369 5514 hominum
388 5469 415 5514 et
429 5462 515 5530 saeta
535 5458 619 5513 etiarn
638 5460 841 5525 masiliensis,
868 5459 954 5515 multo
986 5462 1131 5531 spalatus,
1149 5460 1217 5530 quia
1236 5478 1291 5516 nen
1310 5469 1392 5516 erent
1411 5461 1501 5527 beati,
1518 5478 1584 5515 nam
1602 5461 1643 5513 ad
1657 5464 1815 5531 perfectam

174 5555 278 5598 witru
290 5555 340 5598 lost.
357 5554 415 5599 ml.
1443 5568 1473 5621 ῃ
