4104 6014
248 233 287 292 62
838 225 961 283 naeus
982 226 1184 284 vrcssmus
1205 228 1351 287 sexsus

248 382 315 437 dum
340 389 361 438 1.
388 383 463 452 qnod
490 383 519 436 in
543 382 668 452 subjecto
692 382 840 455 ζητήματος
862 385 998 454 propositi
1022 399 1077 437 non
1142 387 1183 437 91.
1218 383 1306 439 Hisce
1323 385 1359 439 de
1379 392 1452 440 statu
1469 385 1637 456 quaestionis
1662 387 1834 457 praemissis,
1852 404 1941 459 nega·

248 476 348 540 agatur
372 470 407 524 dc
425 469 495 534 illis,
523 470 570 540 qui
597 471 626 523 in
651 487 707 524 uno
734 470 778 524 vel
802 471 889 524 altero
907 470 1081 524 Christianae
1106 469 1162 522 tire
1180 469 1216 523 ad
1234 471 1404 540 propositum
1424 472 1526 546 ζήτημα
1543 473 1766 543 respondendum
1786 491 1845 529 esse
1863 474 1941 528 duci·

247 554 389 625 religionis
408 556 525 609 articulo
543 561 651 619 errant,
678 555 787 610 interim
807 558 897 625 parati
916 565 981 610 aunt
997 556 1175 677 infor-qmns,
1195 558 1365 628 argumentis
1383 560 1478 629 petitis
1493 565 1513 614 1.
1527 579 1545 612 a
1564 560 1659 613 divino
1678 562 1822 614 rnnndato.
1851 560 1938 628 Deus,
1984 566 1986 569 '

247 642 397 695 mationem
416 658 449 695 ex
467 640 552 696 verbo
572 641 624 695 Dei
652 641 805 712 suscipere,
835 642 884 696 sed
904 643 938 696 de
952 643 1079 711 pertina-
1105 643 1186 710 cujus
1205 644 1332 697 voluntas
1357 645 1478 699 omnium
1503 645 1641 700 actionum
1665 654 1819 701 nostrmum
1839 646 1938 717 regula

248 730 325 781 cibiae
353 727 517 791 haereticis,
543 727 595 781 hoc
624 736 666 782 est
693 728 741 798 qui
769 728 798 781 in
823 727 1079 782 fundamentalibus
1105 744 1165 782 esse
1183 729 1275 792 debet,
1295 730 1436 799 prohibuit
1453 732 1566 786 notoriis
1586 732 1731 788 haereticis
1744 750 1777 787 ac
1791 733 1938 787 manifeste

247 813 312 868 fidei
341 815 465 869 articulis
490 821 582 869 errant
605 820 689 884 atque
715 833 834 870 errorem
853 832 933 868 suurn
959 814 1080 884 pertina-
1105 813 1196 884 impiis
1217 815 1367 875 ¹honestam
1397 823 1426 870 et
1458 816 1641 872 Christianam
1673 807 1842 887 sepulturam
1875 836 1941 874 con·

254 900 322 954 citer
339 900 500 962 defendunt,
519 917 552 953 ac
564 900 679 970 proinde
697 916 749 954 nec
762 901 789 955 in
809 900 887 955 verbi
904 900 1009 964 auditu,
1028 917 1079 954 nec
1107 901 1185 956 ferre.
1222 903 1297 971 Ergo
1317 919 1380 957 vere
1398 902 1437 972 pii
1456 909 1588 973 tanquam
1612 903 1797 972 obsequentes
1816 905 1871 960 Dei
1889 904 1940 959 filii

248 987 276 1039 in
300 994 535 1042 sacramentorum
565 988 755 1042 communione
780 1005 842 1042 cum
870 1003 936 1040 vera
962 984 1203 1060 ecclesia}cavere
1235 987 1350 1056 debent,
1382 1004 1416 1042 ne
1443 996 1540 1042 contra
1564 990 1687 1044 divinam
1716 990 1792 1044 illam
1819 991 1940 1062 prohibi·

247 1073 423 1143 participant.
460 1080 483 1128 2.
504 1072 585 1137 Quod
606 1092 660 1128 non
681 1074 718 1126 sit
736 1073 862 1145 quaestio
880 1072 915 1126 de
933 1071 1206 1126 haereticis'tionem
1225 1083 1318 1144 agant
1363 1075 1540 1130 Antecedens
1563 1077 1696 1145 probatur
1722 1083 1743 1133 1.
1764 1095 1797 1129 ea
1814 1080 1938 1131 secando

249 1173 282 1211 ac
301 1158 394 1228 impiis
411 1160 541 1227 occultis,
571 1160 619 1228 qui
638 1160 683 1213 vel
710 1158 795 1213 solius
821 1158 875 1212 Dei
901 1157 1016 1227 judicio,
1035 1157 1239 1228 velrdeealopi
1262 1169 1429 1230 praecepta,
1458 1162 1487 1215 in
1520 1179 1575 1232 quo
1607 1161 1724 1216 ebusum
1750 1164 1868 1217 nominis
1895 1164 1939 1216 sui

247 1261 279 1299 ex
298 1262 450 1315 paucorum
468 1245 603 1299 duntaxat
621 1244 840 1299 Christianorum
870 1244 967 1299 notitia
984 1243 1078 1297 haere·
1106 1245 1193 1298 divini
1229 1245 1306 1300 Deus
1338 1249 1459 1316 graviter
1498 1247 1626 1319 prohibet
1656 1249 1743 1305 Exod.
1777 1255 1823 1313 20,
1852 1267 1877 1304 v.
1914 1258 1938 1303 ’1.
1955 1253 2023 1294 XVII·

246 1332 289 1385 sin
307 1347 340 1385 ac
356 1332 526 1401 impietatem
544 1332 653 1400 fovent,
673 1331 721 1385 sed
741 1331 776 1385 de
794 1331 913 1384 notariis
930 1329 1079 1384 haereticis
1105 1330 1195 1385 Levit.
1216 1337 1255 1394 19,
1269 1350 1294 1384 v.
1317 1338 1354 1388 12.
1373 1333 1457 1388 Dent.
1471 1340 1496 1401 5,
1515 1350 1540 1390 v.
1555 1340 1594 1389 lt.
1610 1336 1670 1404 jam
1687 1352 1752 1389 vero
1768 1353 1830 1389 cum
1848 1334 1939 1388 abusu

247 1436 280 1470 ac
301 1418 462 1482 manifestis
487 1418 595 1486 impiis,
626 1416 674 1487 qui
702 1417 837 1486 gradibus
862 1415 1078 1470 admonitionum
1105 1417 1222 1470 nominis
1246 1418 1332 1472 divini
1356 1421 1536 1491 conjunctum
1560 1427 1618 1487 est,
1645 1422 1669 1474 si
1695 1421 1808 1475 verbum
1828 1423 1880 1475 Dei
1910 1422 1939 1474 in

247 1503 413 1574 posthabitis
436 1503 465 1556 in
494 1503 601 1556 haeresi
630 1503 675 1556 vel
701 1502 843 1572 impietate
870 1508 1078 1572 perseverantes
1105 1503 1249 1558 cantilenis
1268 1521 1300 1558 ac
1320 1505 1497 1560 concionibus
1518 1504 1681 1561 funebribus
1709 1507 1937 1577 comprehensum

246 1590 365 1644 maximo
384 1606 447 1642 eum
464 1589 598 1643 ecclesiae
618 1589 751 1643 scandalo
776 1589 854 1644 verbi
879 1595 907 1643 et
924 1604 1076 1642 sacramen·
1106 1589 1142 1642 ad
1160 1591 1330 1658 sepulturam
1351 1606 1443 1644 eorum
1462 1590 1695 1646 cohonestandam
1714 1593 1871 1655 adhibetur,
1890 1594 1939 1662 qui

246 1684 336 1730 torum
355 1675 546 1730 communione
565 1693 595 1730 se
614 1676 688 1746 ipsos
700 1677 852 1746 privarunt.
889 1681 912 1729 3.
927 1674 1008 1738 Quod
1022 1690 1078 1727 non
1104 1673 1218 1728 fuerunt
1234 1676 1312 1730 verbi
1330 1682 1526 1739 contemtores,
1552 1677 1689 1730 manifesti
1714 1677 1806 1732 hostes
1824 1684 1853 1732 et
1871 1679 1937 1748 Epi·

246 1763 283 1816 sit
297 1763 422 1834 quaestio
447 1761 481 1816 de
499 1761 570 1825 illis,
597 1761 644 1832 qui
664 1770 728 1816 ante
746 1761 828 1816 finem
851 1763 923 1816 vitae
940 1759 1078 1815 erroribus
1105 1762 1179 1815 curei
1206 1761 1344 1830 illusores,
1369 1762 1416 1833 qui
1439 1763 1515 1818 velut
1536 1764 1613 1833 porci
1633 1781 1765 1823 aecanos
1783 1765 1935 1834 magaritae

247 1849 291 1903 vel
311 1848 419 1902 delictis
439 1848 496 1901 suis
514 1849 616 1919 agnitis
635 1864 728 1901 veram
742 1849 939 1918 poenitentiam
962 1853 1079 1918 egerunt
1105 1847 1183 1902 verbi
1201 1855 1229 1902 et
1245 1857 1371 1903 sanctum
1385 1849 1526 1903 doctrinae
1539 1849 1666 1904 coelestis
1680 1851 1840 1905 thesaurum
1860 1852 1938 1921 pedi·

247 1952 280 1990 ac
298 1953 362 1990 cum
381 1935 498 1989 ecclesia
519 1934 548 1987 in
567 1934 685 2005 gratiam
703 1934 858 2003 redierunt,
881 1935 931 1988 sed
955 1934 991 1988 de
1016 1932 1078 1998 illis,
1106 1934 1157 1989 bus
1177 1935 1376 1988 conculcarunt
1397 1934 1542 2004 Μ11111.1,
1569 1954 1594 1990 r.
1614 1942 1639 1992 6.
1687 1940 1714 1991 2.
1736 1940 1781 1990 Ee
1799 1939 1939 2007 pancrati·

248 2021 295 2093 qui
316 2022 345 2073 in
363 2021 476 2075 notoriis
497 2019 635 2075 erroribus
648 2036 681 2074 ac
700 2019 813 2090 flagitiis
831 2021 892 2073 sine
906 2019 1079 2088 poenitentia
1107 2020 1232 2073 humiliis
1252 2021 1401 2084 mandatis,
1419 2020 1448 2073 in
1467 2020 1568 2090 quibus
1583 2023 1619 2076 ab
1636 2023 1781 2091 impiorum
1800 2024 1938 2078 consortio

247 2109 283 2162 ad
302 2107 386 2163 finem
413 2124 501 2178 usque
526 2106 600 2161 vitae
622 2106 778 2161 haeserunt.
821 2113 846 2162 4.
865 2105 945 2170 Quod
965 2122 1019 2158 non
1036 2121 1079 2158 so·
1105 2107 1145 2176 pii
1164 2122 1261 2160 cavere
1280 2113 1308 2159 et
1332 2105 1471 2161 abstinere
1493 2107 1636 2176 jubentur.
1684 2107 1748 2163 Esa
1768 2115 1815 2178 52,
1845 2128 1869 2165 v.
1891 2116 1937 2165 ll:

248 2194 306 2248 lura
334 2195 369 2248 de
395 2194 449 2248 illis
476 2193 623 2249 haereticis
657 2209 690 2246 ae
719 2192 811 2262 impiis
839 2199 1003 2263 quaeratur,
1031 2190 1078 2262 qui
1105 2192 1253 2259 Recedite,
1270 2193 1406 2260 recedite,
1427 2193 1496 2245 eeite
1512 2193 1593 2261 inde,
1613 2194 1752 2261 peitatem
1770 2196 1857 2248 notite
1875 2205 1936 2248 tan·

247 2280 302 2336 κατ’
325 2277 425 2349 ὄνομα,
443 2280 613 2346 nominatim,
634 2296 667 2332 ac
686 2278 715 2332 in
732 2279 825 2348 speeie
843 2286 907 2333 sunt
925 2295 1080 2333 excommu·
1106 2295 1178 2346 pere,
1201 2280 1270 2332 saite
1292 2280 1439 2332 demedio
1466 2281 1542 2348 ejas,
1571 2281 1761 2349 mandamini,
1786 2283 1836 2349 qai
1853 2285 1939 2348 fertis

250 2368 349 2435 niceti,
374 2367 410 2420 de
436 2366 536 2436 quibus
565 2365 809 2419 constitutionibus
838 2365 935 2421 eccles.
954 2364 1079 2419 electoris
1105 2382 1174 2416 vasa
1193 2365 1317 2419 Domini.
1356 2370 1380 2418 2.
1400 2364 1462 2419 Cor.
1482 2371 1512 2429 6,
1541 2383 1567 2419 v.
1590 2372 1635 2421 li:
1661 2368 1756 2420 Nolite
1765 2369 1867 2435 jupam
1887 2371 1939 2421 du·

247 2454 369 2525 Augusti
392 2454 421 2507 in
440 2452 547 2507 articul.
567 2452 743 2523 generalibus
761 2467 821 2521 cap.
841 2457 881 2506 11.
900 2449 1021 2507 101321.
1039 2452 1079 2505 sic
1107 2467 1247 2504 ceresam
1267 2451 1440 2515 infidelibus,
1468 2469 1539 2520 qaae
1559 2453 1631 2505 enim
1652 2455 1841 2522 participatio
1854 2455 1939 2522 jasti-

245 2541 381 2613 10qunur:
414 2541 462 2607 nn
481 2541 554 2610 naa,
590 2540 640 2605 ma
654 2515 706 2594 'ne
736 2538 962 2605 araneantes
980 2539 1080 2607 perros
1106 2537 1163 2589 ttae
1190 2555 1252 2589 sam
1282 2537 1443 2605 animam,
1473 2547 1522 2590 aaa
1552 2539 1941 2607 acsimanensium

247 2629 313 2697 abne
330 2627 473 2696 ffleiierunq
493 2630 544 2680 cut
569 2624 659 2693 ticieus
677 2627 758 2681 thebin
777 2625 908 2694 abiqiete
928 2625 955 2693 io
970 2625 1017 2693 icil
1029 2626 1079 2679 tat
1106 2622 1246 2675 aenaeae
1281 2630 1305 2679 2.
1323 2622 1420 2678 Thess.
1440 2629 1469 2692 3,
1486 2641 1512 2675 v.
1531 2629 1561 2678 6:
1586 2625 1794 2677 Danantiamas
1815 2627 1892 2678 aoth
1911 2628 1941 2679 in

246 2713 387 2783 1111111111
407 2712 473 2779 nint
490 2713 529 2767 bei
556 2713 611 2765 bem
632 2711 783 2779 hltssthbnifi
808 2712 875 2781 ltin,
906 2712 1016 2779 [cubitu
1046 2713 1080 2780 ste
1106 2710 1215 2762 nomine
1236 2710 1356 2762 Domini
1374 2712 1465 2763 noemi
1480 2711 1552 2763 Jesa
1575 2711 1690 2777 Christi,
1714 2720 1744 2763 ut
1770 2712 1941 2766 subtrahatis

247 2801 313 2868 abne
332 2796 667 2868 gotapertqecmnmtm
688 2798 762 2866 11τῴ
777 2797 816 2851 tie
829 2798 1079 2866 belletrenhstteu·
1105 2812 1153 2847 aas
1176 2794 1212 2846 ab
1235 2795 1311 2847 ‹inins'
1336 2797 1431 2858 fratre
1461 2796 1620 2848 ambulante
1649 2798 1810 2851 inordinate
1834 2807 1860 2851 et
1885 2817 1940 2853 non

247 2888 355 2955 priter,
386 2887 444 2952 toci
461 2884 605 2952 auberbatb
637 2883 847 2954 bethiesimoth,
880 2885 924 2939 alt
945 2885 985 2941 rin
1004 2887 1078 2954 abac·
1105 2883 1255 2933 secandam
1286 2881 1482 2945 traditionem,
1512 2899 1596 2949 qaam
1623 2885 1740 2950 accepit.
1786 2902 1812 2939 v.
1833 2890 1872 2941 14.
1908 2887 1942 2939 Si

247 2973 396 3042 [aritiens
413 2971 490 3026 &liti
519 2971 562 3025 bet
589 2971 699 3039 heiligen
724 2971 873 3039 christlidptn
908 2971 994 3041 llitcbt
1024 2980 1078 3028 ber·
1106 2967 1168 3035 qais
1195 2985 1250 3020 non
1277 2968 1368 3020 obedit
1397 2968 1494 3033 aerbo,
1528 2986 1584 3020 non
1617 2971 1852 3023 commisceamini
1880 2990 1940 3024 cani

246 3060 344 3128 graban
376 3059 470 3128 111111,
497 3057 547 3110 sed
571 3057 600 3110 in
626 3073 729 3126 genere
753 3056 789 3110 de
812 3057 939 3111 omnibns
967 3059 1078 3126 proprie
1105 3054 1164 3108 illa.
1200 3058 1224 3106 2.
1242 3051 1306 3107 Joh.
1327 3058 1350 3117 1,
1369 3070 1394 3108 v.
1415 3056 1459 3108 10:
1480 3054 1514 3106 Si
1527 3055 1590 3121 qais
1608 3058 1683 3108 venit
1701 3058 1743 3108 ad
1758 3076 1807 3109 aas
1826 3065 1852 3109 et
1868 3058 1940 3111 lianc

247 3143 330 3198 dictis
347 3144 492 3208 haereticis
517 3159 550 3196 ac
570 3143 676 3195 notorie
701 3142 805 3212 impiis,
831 3143 878 3213 qui
906 3160 999 3197 coram
1025 3143 1077 3198 Del
1106 3140 1264 3193 doctrinam
1283 3158 1340 3193 non
1365 3141 1470 3209 affert,
1486 3141 1573 3194 nolite
1601 3159 1662 3194 eum
1688 3143 1814 3212 recipere
1839 3144 1869 3195 in
1891 3147 1940 3198 do·

243 3231 350 3300 judicio
377 3248 427 3300 pro
452 3229 694 3285 excommunicatis
718 3245 752 3281 ac
775 3229 913 3282 damnatis
931 3228 1077 3295 habentur,
1105 3245 1192 3292 mam,
1213 3242 1263 3279 nec
1283 3243 1333 3279 ave
1351 3227 1379 3278 ei
1397 3227 1535 3281 diceritis.
1569 3245 1595 3280 v.
1619 3233 1660 3285 11.
1697 3228 1754 3290 Qui
1774 3230 1849 3282 enim
1869 3233 1939 3284 dicit

246 3318 354 3372 etiamsi
370 3317 398 3371 in
414 3316 523 3387 judicio
543 3315 675 3370 ecclesiae
700 3320 813 3369 externo
837 3332 893 3369 non
919 3315 975 3369 sint
992 3317 1077 3370 nomi·
1104 3313 1152 3366 ilii
1166 3330 1223 3377 aaa,
1242 3313 1425 3365 comnranieat
1439 3313 1568 3380 operibns
1582 3314 1644 3379 ejas
1658 3316 1800 3383 malipnis.
1832 3315 1938 3378 Quodsi

246 3405 333 3458 natim
359 3409 387 3458 et
411 3403 440 3456 in
466 3401 558 3472 specie
581 3401 815 3455 exeommunicati.
860 3409 884 3456 5.
914 3402 994 3467 Quod
1024 3421 1078 3457 non
1105 3415 1172 3469 ergo
1190 3397 1230 3467 pii
1256 3397 1284 3450 in
1309 3398 1366 3451 vita
1389 3414 1418 3451 se
1438 3397 1540 3452 debent
1566 3399 1602 3452 ab
1637 3400 1783 3470 impiorum
1802 3404 1940 3459 consortio

246 3491 336 3544 solum
356 3488 391 3543 de
411 3488 480 3556 illis,
508 3487 556 3558 qui
582 3487 610 3540 in
638 3487 753 3541 notoriis
772 3486 886 3557 flagitiis
907 3488 965 3543 sine
984 3489 1078 3558 poeni·
1106 3501 1264 3556 segregare,
1293 3484 1390 3554 utique
1419 3484 1501 3538 etiam
1527 3492 1591 3554 post
1617 3494 1731 3542 mortem
1757 3504 1813 3542 non
1838 3489 1941 3544 debent

246 3578 336 3631 tentia
354 3576 521 3636 moriuntur,
549 3574 598 3628 sed
617 3574 699 3628 etiam
718 3574 753 3628 de
773 3574 841 3637 illis,
866 3574 915 3644 qui
934 3591 967 3628 ex
983 3575 1080 3645 despe-
1106 3570 1160 3624 illis
1173 3570 1374 3625 communicare
1386 3569 1536 3624 honorifica
1550 3572 1746 3641 sepulturaeos
1761 3575 1941 3631 cohonestan-

247 3663 352 3718 ratione
371 3663 505 3716 violentas
523 3677 620 3715 manus
638 3661 692 3715 sibi
711 3661 778 3731 ipsis
797 3660 935 3725 inferunt,
955 3663 1081 3732 quaestio
1108 3655 1159 3723 do,
1177 3658 1227 3709 ted
1243 3654 1318 3710 sacto
1338 3656 1399 3725 ip⁸0
1417 3656 1619 3721 dem⁰¹1⁸tr³re‚
1639 3659 1713 3728 quod
1732 3659 1857 3728 perfecto
1875 3663 1939 3717 odio

247 3749 421 3811 instituatur,
453 3749 501 3802 ubi
532 3754 626 3802 tamen
656 3749 727 3802 inter
754 3746 913 3820 αιἰιόχειρας
944 3748 1078 3817 quaedam
1108 3760 1154 3798 eos
1170 3749 1372 3812 prosequantur
1399 3741 1583 3797 Christianam
1611 3751 1640 3798 et
1657 3745 1800 3800 honestam
1821 3749 1942 3817 sepultu-

249 3835 390 3890 distinctio
401 3834 567 3898 adhibenda,
586 3839 618 3888 ut
629 3834 784 3888 monuimus
794 3834 927 3902 superius.
961 3840 985 3888 a.
1000 3834 1081 3899 Quod
1108 3846 1167 3884 ram
1185 3830 1225 3882 eis
1244 3828 1414 3898 denegando.
1451 3832 1477 3884 3.
1497 3831 1544 3882 Ea
1562 3831 1683 3897 speciali
1697 3842 1866 3902 praecepto,
1887 3852 1942 3904 quo

249 3922 302 3988 illi,
330 3922 377 3991 qui
394 3927 482 3976 morte
501 3921 645 3990 repentina
665 3919 783 3983 obeunt,
810 3920 852 3974 vel
872 3920 983 3974 aedium
1000 3921 1081 3974 ruina
1108 3916 1186 3971 Deus
1223 3914 1398 3984 blasphemos
1434 3916 1520 3984 jussit
1555 3917 1673 3987 lapidari
1703 3925 1731 3971 et
1759 3919 1941 3990 ignominiosa

249 4009 388 4079 oppressi,
407 4008 457 4061 vel·
470 4008 499 4060 in
518 4007 598 4078 aquis
611 4005 756 4074 suffocati,
775 4023 830 4060 non
847 4006 902 4060 sint
920 4007 1012 4060 atatim
1032 4024 1083 4076 pro
1109 4010 1195 4056 morte
1211 4000 1286 4055 affici
1309 4001 1397 4055 Lavit.
1424 4007 1470 4070 21,
1501 4020 1526 4057 v.
1548 4008 1587 4058 14.
1613 4004 1756 4071 jamvero
1779 4006 1808 4058 in
1827 3995 1941 4062 numero

249 4093 494 4165 impoenitentibus
520 4093 655 4157 habendi,
682 4093 731 4146 aed
762 4093 836 4162 quod
869 4092 927 4146 vita
953 4100 1082 4147 anteacta
1109 4088 1330 4158 blasphemorum
1350 4088 1448 4142 merito
1470 4095 1629 4152 censentur,
1654 4089 1701 4156 qui
1720 4092 1827 4145 notoria
1845 4092 1940 4163 impie-

248 4180 294 4235 hic
313 4180 349 4234 sit
367 4179 548 4250 respicienda.
591 4186 614 4233 t.
632 4178 713 4241 Quod
730 4179 759 4231 in
776 4177 920 4248 predicato
946 4171 1080 4249 quaestio-
1110 4181 1168 4230 tate
1186 4180 1215 4229 et
1233 4174 1351 4244 pubhcis
1369 4172 1484 4244 flagitiis
1502 4175 1562 4229 sine
1581 4174 1639 4228 ulla
1649 4175 1822 4244 poenitentia
1841 4177 1941 4231 admis-

248 4268 291 4320 nis
309 4283 360 4337 per
378 4273 524 4322 consuetos
541 4265 674 4319 honestae
692 4281 726 4318 ac
738 4264 912 4319 Christianae
924 4264 1082 4333 sepulturae
1109 4263 1147 4316 sis
1168 4279 1266 4315 norrien
1286 4262 1344 4314 Dei
1359 4263 1471 4324 faciant
1491 4262 1684 4330 blasphemari
1698 4262 1778 4319 Rom.
1798 4269 1830 4334 2,
1855 4282 1880 4316 r.
1900 4271 1941 4319 21.

248 4351 318 4406 ritus
336 4353 509 4424 intelligatur
526 4369 582 4406 non
596 4351 657 4420 ipsa
674 4350 797 4404 humatio
818 4350 862 4403 vel
882 4351 1029 4418 funeratio,
1047 4351 1082 4405 de
1109 4347 1164 4403 Tit
1183 4354 1212 4415 2,
1243 4365 1269 4400 v.
1284 4353 1307 4401 5.
1338 4347 1386 4416 qui
1402 4347 1516 4401 verbum
1543 4352 1571 4400 et
1593 4355 1765 4402 sacramenta
1787 4350 1943 4419 praefracte

248 4454 304 4508 qua
321 4438 484 4508 accipienda
502 4438 668 4509 quibusdam
696 4437 807 4490 videtur
827 4437 987 4490 constitutio
1008 4437 1082 4490 Mar·
1109 4440 1303 4498 contemnunt,
1331 4434 1379 4504 qui
1397 4450 1491 4488 omnes
1516 4432 1702 4487 ministrorum
1722 4435 1799 4489 verbi
1819 4435 1942 4488 admoni-

248 4523 328 4576 ciani.
355 4524 373 4581 l.
399 4524 560 4579 Humanum
586 4529 611 4580 9.
642 4523 672 4577 C.
703 4523 737 4576 de
763 4523 866 4577 haeret.
892 4531 920 4577 et
947 4523 1081 4578 Manich:
1109 4521 1199 4574 tiones
1229 4536 1262 4574 ac
1297 4520 1509 4589 redargutiones
1536 4519 1715 4589 pertinaciter
1751 4528 1942 4591 aspernantur.

247 4609 411 4664 Humanum
437 4617 463 4662 et
483 4611 564 4680 piam
590 4626 650 4662 esse
670 4617 819 4678 patentes,
841 4611 994 4663 haereticos
1016 4628 1081 4682 per-
1110 4612 1135 4663 4.
1156 4607 1294 4660 Ecdicio
1315 4603 1588 4674 demetrianus,
1614 4624 1639 4659 v.
1658 4612 1699 4662 22.
1717 4607 1785 4662 Luc.
1803 4614 1834 4674 9,
1852 4624 1878 4662 r.
1898 4614 1943 4662 60:

250 4697 384 4749 mittimus
401 4697 518 4767 sepeliri
535 4696 667 4764 legitimis
683 4695 837 4764 sepulcris,
865 4702 894 4750 et
911 4695 928 4748 1.
941 4695 1081 4751 Haeretici
1112 4694 1194 4760 Sine,
1213 4693 1318 4748 mortui
1337 4692 1474 4761 sepeliant
1493 4709 1559 4745 snos
1579 4701 1710 4747 mortuos.
1757 4692 1811 4757 Qui
1829 4708 1896 4764 ergo
1914 4694 1942 4746 in

249 4782 324 4837 eod:
345 4781 493 4834 Haeretici
506 4781 627 4847 legitimo
642 4784 725 4834 modo
740 4789 769 4833 at
796 4783 881 4834 ceteri
901 4783 1081 4852 sepelientes.
1109 4779 1231 4851 peccatis
1261 4779 1317 4832 suis
1344 4780 1403 4832 sine
1432 4778 1489 4831 ullo
1515 4796 1596 4834 verae
1626 4780 1812 4850 poenitentiae
1839 4779 1942 4833 indicio

247 4868 333 4938 Apud
355 4867 498 4922 Hebraeos
517 4866 579 4937 lege
605 4872 718 4921 cautum
736 4872 809 4930 erat,
836 4884 870 4921 ne
889 4868 991 4923 hostem
1013 4869 1082 4921 inse·
1110 4871 1210 4920 mortui
1230 4872 1302 4927 sunt,
1323 4864 1433 4919 illorum
1448 4865 1587 4935 exsequiis
1603 4866 1728 4920 Christus
1746 4866 1878 4921 interesse
1895 4883 1942 4919 eos

243 4955 358 5025 pultum
390 4955 502 5022 quidem
534 4954 732 5021 relinquerent.
788 4954 842 5008 Sed
870 4954 1027 5009 Christiana
1055 4963 1083 5010 et
1109 4950 1251 5021 prohibet,
1289 4969 1358 5021 quos
1396 4952 1432 5005 ad
1472 4952 1550 5022 regni
1582 4952 1625 5005 sui
1655 4951 1822 5005 consortium
1853 4959 1942 5019 vocat,

250 5040 402 5097 honorifica
420 5040 470 5093 illa
480 5040 584 5093 funeris
596 5039 633 5093 ad
645 5041 841 5095 coemeterium
852 5040 991 5110 deductio,
1011 5059 1082 5112 quae
1110 5038 1216 5095 etiamsi
1243 5045 1389 5108 parentum
1413 5055 1445 5090 ac
1470 5038 1656 5108 proximorum
1679 5043 1860 5106 cognatorum
1882 5037 1942 5090 loco

248 5128 281 5183 fit
299 5146 362 5182 cum
380 5125 542 5198 psalmodiis
561 5125 656 5188 sacris,
683 5126 719 5180 ad
743 5126 893 5180 viventium
914 5125 1082 5181 informatio·
1109 5124 1253 5179 constituti
1274 5126 1335 5178 sint
1378 5128 1401 5178 t.
1423 5126 1469 5177 Ea
1491 5124 1615 5193 apostoli
1626 5125 1806 5191 praescripto
1835 5128 1858 5177 l.
1879 5121 1940 5177 Cor.

249 5231 311 5270 nem
332 5230 365 5268 ac
382 5212 613 5279 consolationem,
638 5210 760 5265 defuncti
780 5228 846 5266 vero
870 5213 1082 5267 commendatio·
1112 5217 1158 5279 14,
1186 5228 1211 5266 v.
1239 5217 1281 5267 111.
1313 5211 1387 5283 quod
1417 5212 1444 5265 11
1471 5211 1588 5267 ecclesia
1618 5210 1713 5262 omnia
1734 5211 1798 5275 fieri
1823 5208 1943 5262 debeant

249 5319 313 5357 nem
329 5299 544 5365 accommodata,
564 5298 690 5366 adeoque
710 5315 805 5353 omnes
825 5299 865 5353 illi
882 5300 964 5367 ritus,
984 5301 1032 5370 qui
1052 5301 1081 5353 in
1110 5298 1178 5351 sarh
1199 5294 1277 5358 τάξιν
1295 5302 1340 5350 καὶ
1360 5295 1550 5371 εὐσχημόνως,
1575 5297 1630 5365 jam
1650 5313 1715 5350 vero
1738 5295 1942 5351 ecclesiasticae

250 5387 402 5441 honorifica
425 5393 454 5441 et
473 5385 630 5439 Christiana
653 5383 698 5454 pic
720 5384 914 5440 defunctorum
937 5387 1081 5456 sepultura
1110 5384 1150 5438 illi
1179 5383 1251 5445 ια’ξει
1278 5388 1323 5439 καὶ
1352 5381 1543 5458 εὐσχημοσύνῃ
1574 5389 1694 5437 extreme
1716 5383 1893 5444 adversatur,
1918 5381 1940 5434 si

251 5472 379 5529 adhiberi
396 5477 605 5528 consueverunt
1110 5470 1264 5541 pertinaces
1288 5471 1420 5527 haeretici
1450 5489 1484 5526 ac
1513 5469 1622 5524 notorie
1650 5468 1728 5538 impii
1753 5469 1783 5522 in
1809 5468 1940 5539 impoeni-
