4104 6014
260 320 317 377 102
861 309 983 368 LOCUS
1000 308 1204 370 wcusttms
1222 310 1369 369 sextus

256 464 443 536 spiritualem,
469 481 541 536 quae
571 482 588 520 a
614 482 728 536 corpore
750 470 880 535 separata
897 469 1093 535 postmortem
1121 461 1203 522 finem
1223 475 1289 526 tom.
1309 474 1333 523 4.
1351 467 1450 524 concil.
1476 466 1542 521 odit.
1563 465 1660 521 Venet.
1686 482 1713 535 p.
1733 464 1956 536 29401010ᾳώ-

257 551 380 606 exsistat.
428 550 567 620 Josephus
587 551 636 606 lib.
661 557 699 607 18.
729 551 857 622 antiquit.
881 551 990 605 luduin
1019 567 1043 604 c.
1063 555 1093 604 t:
1120 557 1177 609 tur:
1206 555 1298 624 Saepe
1322 562 1347 607 ct
1370 555 1485 622 saepius
1510 570 1606 606 coram
1629 552 1750 605 diversis
1765 550 1909 620 praelatis
1929 559 1956 604 et

259 637 493 692 Sadducaeorum
521 637 617 706 opinio
643 655 704 690 cum
738 653 855 705 corpore
882 637 966 689 mmai
993 635 1095 688 essan-
1120 639 1188 692 aiiis
1209 640 1332 693 honestis
1356 656 1390 692 ac
1412 639 1512 708 probis
1537 638 1608 692 ciris
1630 637 1813 705 pertinaciter
1839 634 1956 689 diabolo

257 724 317 790 puit
334 731 360 775 et
380 723 498 775 animas.
523 721 571 775 lib.
591 728 614 777 2.
641 722 676 776 de
696 721 759 776 bell.
778 722 889 779 ludaic.
912 738 936 776 0.
958 727 987 775 l:
1017 719 1093 772 Saci-
1119 727 1255 778 modeste
1274 727 1354 792 daie,
1374 725 1510 788 meme,
1532 723 1743 791 dopmatisaoit,
1761 722 1849 774 edam
1866 728 1955 773 aeter·

258 810 361 863 ducaei
371 809 542 876 peneraliter
556 809 717 862 animarum
728 808 770 861 cel
784 808 928 877 supplicio
945 807 1093 872 denepant,
1119 826 1185 864 nom
1204 829 1261 864 ooo
1278 810 1541 878 prosequentium
1560 815 1623 877 post
1638 809 1718 875 lanc,
1740 808 1864 876 omnimo
1883 806 1956 858 dieu

256 896 301 950 cel
324 895 448 948 tonores.
478 893 533 947 vid.
551 893 740 948 Tertullianus
773 892 819 950 lib.
840 893 876 948 de
896 908 997 946 resurr.
1018 906 1092 944 carn.
1119 903 1146 949 et
1162 898 1349 965 pertinaciter
1367 896 1503 957 credidit,
1527 894 1652 947 unimam
1678 893 1798 947 bominis
1814 910 1876 945 cum
1893 909 1955 945 cor·

258 985 285 1033 3.
305 980 565 1050 Arabesqus'dam,
585 978 740 1050 dequibus
758 979 895 1034 Eusebius
914 977 962 1036 lib.
980 982 1005 1033 6.
1029 976 1093 1032 hist.
1116 999 1188 1050 poro
1214 983 1353 1050 eortinput
1384 988 1411 1034 ee
1440 981 1514 1034 mori
1545 981 1636 1033 instar
1669 980 1813 1033 temeram
1846 978 1955 1031 anima·

258 1066 354 1122 eccles.
373 1071 456 1123 att:
475 1067 580 1121 anrti
591 1074 656 1119 sunt
669 1073 695 1119 et
712 1066 767 1119 olii
783 1066 900 1134 quidam
917 1072 974 1116 tum
991 1070 1092 1131 tempo·
1120 1068 1189 1121 lium
1207 1073 1259 1123 etc.
1307 1068 1413 1122 Paulus
1435 1065 1489 1123 III.
1516 1064 1641 1136 pontifex
1674 1065 1823 1119 moriturus
1852 1063 1956 1118 dimsse

259 1154 302 1206 ris
321 1152 412 1215 (tertio
434 1155 498 1222 post
517 1151 655 1205 Christum
674 1150 778 1217 seculo)
798 1152 828 1203 in
846 1151 959 1203 Arabia
979 1150 1094 1216 dopma·
1119 1154 1216 1217 fertur,
1233 1172 1262 1208 oe
1274 1155 1339 1223 jem
1353 1161 1530 1222 erperturum
1545 1153 1691 1204 ueritatem
1710 1151 1796 1205 trium
1813 1150 1954 1219 quaedio·

257 1240 295 1292 tis
314 1257 332 1291 a
350 1238 468 1291 veritate
494 1238 584 1291 alieni
608 1236 827 1303 introductores,
855 1236 905 1304 oui
929 1235 1039 1287 animas
1064 1232 1093 1284 in
1120 1258 1198 1308 eom,
1223 1241 1500 1309 aequiportionem
1521 1238 1766 1304 ouadnmmreet,
1788 1239 1812 1290 1.
1833 1253 1872 1289 ao
1893 1236 1955 1289 ani·
2033 1263 2036 1268 ‹

258 1326 309 1378 lac
324 1324 467 1392 praesenti
486 1331 609 1391 tempora
630 1339 688 1374 una
705 1339 767 1375 cum
786 1322 952 1390 corporibus
970 1319 1044 1372 mori
1060 1335 1094 1371 110
1121 1344 1182 1380 mae
1201 1327 1256 1379 sint
1274 1326 1459 1389 immortales,
1485 1328 1510 1380 2.
1532 1343 1570 1378 an
1590 1325 1722 1388 infernus
1738 1325 1787 1391 sit,
1814 1326 1840 1378 ³.
1859 1340 1898 1376 on
1919 1322 1957 1376 sit

258 1410 404 1479 cormrmpi
421 1416 448 1461 et
464 1409 495 1461 in
517 1410 619 1473 futura
636 1407 840 1460 resurrectione
855 1406 940 1459 mmai
954 1423 1014 1458 cum
1033 1404 1094 1456 illis
1123 1414 1210 1466 Depo,
1255 1410 1356 1466 Petrus
1385 1410 1586 1481 Pomponetiue
1614 1408 1784 1464 Mentuenus
1815 1409 1956 1464 Bononiae

257 1497 331 1549 citas
350 1497 442 1547 denuo
466 1494 655 1546 restituendae
674 1494 813 1548 dicerunt.
864 1491 1023 1545 Consecuta
1040 1489 1093 1556 toi·
1120 1497 1233 1567 publico
1256 1498 1291 1552 do
1315 1497 1423 1552 animae
1452 1495 1619 1551 mortalitem
1638 1497 1755 1567 ojuoquo
1777 1495 1890 1550 interitu
1907 1495 1955 1549 do.

257 1589 304 1634 tur
326 1582 411 1634 etiam
432 1581 505 1633 laos
531 1580 565 1633 ob
586 1596 700 1631 causam
725 1579 805 1632 laud
823 1578 960 1632 01οἀ10011
985 1576 1094 1645 syuodo
1121 1583 1186 1637 cuit.
1205 1581 1344 1654 Georgius
1356 1583 1477 1638 Sabinus
1488 1582 1574 1637 literis
1587 1581 1817 1637 commendatitiis
1831 1580 1956 1652 Philippi

259 1685 358 1722 rursus
375 1674 490 1720 voratus
510 1666 657 1734 Oripenes,
680 1666 715 1717 de
732 1665 894 1734 quaestione
912 1665 966 1716 lac
982 1663 1024 1716 ita
1038 1677 1094 1729 1111·
1120 1669 1271 1723 instructus
1296 1668 1331 1723 ad
1350 1668 1450 1722 Bembi
1474 1667 1622 1722 cardinalis
1648 1667 1815 1738 colloquium
1835 1673 1864 1722 et
1879 1682 1956 1721 men-

258 1754 329 1807 blice
349 1753 513 1822 disputavit,
532 1760 562 1805 ut
578 1759 797 1814 menteseorum,
817 1746 1095 1819 attenuandam·
1121 1771 1180 1809 eom
1197 1754 1333 1808 admissus
1351 1760 1406 1820 eet,
1433 1771 1451 1808 e
1472 1770 1526 1823 quo
1544 1754 1616 1808 inter
1635 1753 1692 1809 alig
1709 1753 1744 1809 de
1762 1753 1851 1808 ffibue
1869 1753 1955 1823 potis.

253 1844 390 1910 juerant,
415 1840 451 1892 ab
475 1855 572 1892 errore
595 1846 796 1894 averterentur.
843 1837 932 1899 Quem
950 1835 1039 1888 locum
1060 1847 1093 1886 0¹
1120 1841 1219 1895 simum
1238 1839 1374 1911 quaesivit
1393 1838 1523 1909 Bombos,
1544 1844 1567 1892 l,
1586 1841 1728 1907 pereginam
1744 1848 1815 1892 emt
1833 1855 1957 1894 annum
1969 1839 2037 1882 Xill.

258 1925 381 1979 Eusebio
401 1924 516 1978 totidem
540 1923 633 1978 verbis
654 1922 770 1977 adducit
788 1920 964 1993 Augustinus
989 1917 1038 1972 lib.
1058 1916 1094 1970 de
1119 1926 1289 1995 σημαίνῃ
1316 1926 1462 1996 Ρὴαῑρρῑῐ
1495 1929 1522 1981 2¹
1554 1933 1619 1993 quot
1651 1925 1797 1978 auditore,
1824 1926 1956 1992 tobosa,-

259 2011 365 2068 haeres.
385 2012 420 2065 ad
438 2011 607 2077 Quodvultd.
628 2027 650 2067 c.
671 2015 711 2066 83.
736 2010 809 2064 idem
836 2007 954 2062 habetur
978 2005 1008 2058 in
1030 2004 1094 2073 jure
1120 2016 1147 2066 3,
1168 2014 1305 2082 planam
1331 2013 1447 2064 sentiret
1465 2011 1619 2080 Philippos
1645 2012 1681 2063 de
1711 2011 1823 2063 animm
1843 2011 1956 2064 immor·

260 2098 432 2170 canonicos.
460 2096 587 2161 Quidam.
616 2103 656 2152 14.
683 2114 710 2166 q.
730 2101 754 2150 3.
803 2102 827 2151 1.
846 2092 940 2148 affine
962 2096 1005 2146 est
1029 2087 1095 2142 huic
1121 2101 1246 2166 iuuare,
1272 2106 1446 2153 mmmmm
1472 2097 1676 2151 resonatione
1696 2104 1721 2150 u
1739 2097 1798 2149 cita
1817 2099 1957 2150 caenas

259 2185 357 2249 errori,
383 2185 458 2255 quod
483 2183 518 2237 de
543 2184 664 2253 Oripene
690 2182 878 2252 Hieronymus
903 2179 931 2232 in
956 2177 1036 2248 epist.
1056 2174 1093 2228 ad
1121 2185 1247 2255 comque
1275 2184 1311 2239 od
1342 2184 1454 2239 testim
1485 2181 1587 2255 ζήτημα
1611 2181 1798 2252 respondisset
1826 2182 1956 2250 Sabinus,

258 2270 373 2325 Avitum
401 2274 605 2335 eOmmemorttt,
631 2284 694 2322 eum
727 2267 871 2332 tenuisses
889 2265 1000 2317 animat
1019 2268 1096 2331 poti·
1121 2279 1231 2325 epotare
1250 2270 1353 2324 multae
1374 2270 1436 2337 ejus
1461 2269 1586 2338 papissae
1607 2276 1640 2326 ,et
1664 2270 1835 2338 praesertim
1853 2268 1957 2321 &mm

119 2357 189 2398 ΠΗ·
202 2351 240 2396 ¹⁶⁸
259 2373 344 2425 quom
360 2356 479 2408 ⁸⁰in
497 2360 661 2408 001186θῦ144
673 2352 802 2421 flitrinio
830 2351 953 2419 ‘impulit
972 2364 1030 2401 ’⁸⁰7⁸
1041 2347 1095 2414 su·
1121 2357 1245 2411 locomm
1271 2356 1470 2418 communium,
1498 2354 1529 2406 in
1557 2353 1655 2422 ommes
1682 2354 1777 2407 sidere
1794 2355 1832 2407 sit
1850 2362 1957 2408 certam

259 2450 339 2496 suras
363 2442 482 2497 animos.
527 2439 606 2493 Sicut
629 2439 711 2505 enim,
734 2439 838 2506 inquit,
862 2436 937 2491 venit
956 2434 1095 2488 Dominus
1121 2443 1183 2511 ojoo
1200 2442 1272 2505 fidoi
1290 2443 1326 2496 de
1349 2441 1393 2494 teto
1413 2440 1544 2493 aretenta
1574 2442 1783 2515 πληροφορίαν,
1809 2439 1956 2509 respondit

258 2536 342 2598 040140
372 2527 506 2581 Salvator
534 2541 669 2594 4141101010
687 2533 712 2578 tl
742 2525 850 2578 mltum
879 2524 994 2590 sami,
1019 2519 1096 2589 quod
1121 2527 1259 2582 Bembus:
1285 2528 1349 2594 Epo
1378 2526 1543 2594 Philippum
1566 2525 1695 2580 balaam
1721 2527 1813 2578 crinem
1828 2527 1955 2597 pruden-

253 2614 389 2681 perierot,
409 2620 440 2664 ut
456 2611 601 2681 podium
613 2610 817 2677 essedesistat,·
836 2611 877 2663 sio
895 2607 1000 2675 anima,
1022 2619 1094 2674 quat
1121 2614 1238 2680 tiorern,
1261 2613 1289 2666 si
1304 2613 1373 2666 laec
1397 2628 1452 2664 non
1480 2613 1620 2679 crederet,
1651 2610 1724 2666 Osw.
1743 2609 1909 2665 Gotwaldus
1927 2611 1956 2665 in

255 2698 384 2766 pmimat
403 2704 430 2751 et
447 2698 480 2750 ob
509 2697 591 2766 cajus
615 2696 735 2750 amntem
759 2695 833 2748 uenit
851 2694 1005 2756 Dumium·
1032 2706 1094 2743 011111
1121 2700 1245 2755 meditat.
1274 2699 1388 2768 praetio.
1415 2702 1552 2768 praesent.
1585 2697 1614 2750 in
1637 2711 1730 2754 coena.
1781 2697 1814 2750 In
1839 2695 1956 2752 concilio

258 2785 340 2838 wiva
354 2786 436 2849 savia
455 2784 559 2848 timii,
583 2784 679 2836 “tima
698 2780 904 2835 40100410οΜ4.
951 2785 974 2834 5·
992 2778 1094 2831 Dama·
1119 2784 1301 2841 Lateranensi
1329 2799 1394 2838 ann.
1425 2788 1497 2837 1512.
1538 2782 1671 2851 peculiari
1703 2782 1815 2838 decreto
1843 2784 1955 2838 animas

258 2886 357 2924 scenos
378 2869 425 2926 lib.
451 2868 652 2938 debemusp.
672 2867 915 2922 heemanticam
940 2863 1009 2919 facit
1027 2879 1093 2934 quo·
1120 2870 1312 2926 immortalitas
1342 2867 1491 2922 asserenda
1526 2874 1598 2935 erat,
1629 2884 1663 2921 ex
1698 2882 1753 2938 quo
1782 2867 1956 2939 intelligitur,

260 2955 378 3010 rumdam
395 2955 609 3018 haereticorum,
637 2970 706 3024 quos
736 2959 818 3008 vocat
837 2949 1094 3020 Tinetopsycbitas,
1121 2957 1224 3012 multoe
1241 2956 1270 3010 in
1296 2970 1382 3026 regno
1401 2953 1496 3024 populi
1515 2952 1550 3008 do
1570 2969 1603 3008 eo
1622 2952 1771 3009 dubiam,
1808 2952 1846 3008 Μ,
1867 2955 1956 3008 Anto.

259 3043 310 3110 oui
326 3042 467 3096 bominum
483 3042 594 3094 animos
612 3042 751 3108 pecudum
768 3038 871 3092 animis
887 3037 995 3090 amites
1012 3035 1094 3089 indu·
1122 3043 1184 3098 oiuo
1209 3040 1321 3096 zimara·
1350 3040 1379 3094 in
1405 3038 1625 3110 problematibus
1651 3037 1740 3109 prcbl.
1772 3045 1813 3094 50.
1838 3040 1956 3110 queant,

260 3128 353 3180 serint
372 3135 454 3196 atqua
471 3143 518 3180 eos
536 3143 594 3179 una
612 3142 673 3179 cum
699 3124 864 3193 corporibus
883 3123 999 3177 interire
1018 3119 1094 3174 dabe-
1116 3136 1238 3198 propter
1254 3144 1339 3196 psam
1358 3142 1473 3179 causam
1491 3125 1589 3179 clerici
1606 3141 1641 3177 ac
1655 3125 1786 3179 monachi
1804 3125 1834 3178 in
1844 3134 1956 3194 papatu

259 3214 325 3266 rint.
364 3219 389 3269 b.
409 3212 488 3267 Multi
506 3229 541 3266 es
553 3211 733 3280 philosoplis
751 3210 900 3279 pestilibus
918 3208 1028 3262 animae
1045 3206 1093 3260 im·
1121 3222 1237 3268 mortem
1252 3230 1327 3283 prae
1346 3213 1414 3265 aliis
1428 3229 1512 3279 aspre
1537 3215 1642 3280 serant
1666 3229 1701 3263 ac
1714 3211 1957 3280 perhorrescant}

260 3298 456 3353 mortalitatem
471 3302 617 3368 negarunt.
662 3296 837 3367 Augustinus
861 3295 908 3350 lib.
926 3294 962 3348 de
979 3293 1046 3364 spir.
1066 3297 1095 3348 et
1121 3317 1155 3355 aa
1170 3299 1332 3370 respondet,
1360 3305 1454 3351 aarum
1472 3298 1541 3366 quia
1560 3305 1666 3349 notura
1684 3304 1748 3349 sunt
1766 3297 1876 3366 fripidi
1894 3315 1955 3351 cor·

259 3385 341 3440 anim.
358 3401 383 3440 c.
400 3389 449 3439 ts:
473 3386 578 3437 Anima
607 3401 663 3437 non
685 3384 805 3436 moritur
824 3399 885 3434 cum
904 3397 1038 3450 corpore,
1064 3386 1095 3431 ut
1121 3389 1168 3442 ato
1186 3394 1211 3440 ee
1228 3384 1439 3453 melancholici,
1463 3400 1501 3437 on
1528 3384 1596 3452 quia
1622 3400 1741 3451 prorsam
1767 3383 1954 3453 funditusque

259 3471 368 3525 Aratus
396 3471 513 3536 assuit,
551 3486 641 3540 nepae
665 3470 843 3538 postmodam
878 3467 989 3535 interit,
1023 3466 1096 3519 stau
1120 3489 1151 3527 oe
1169 3471 1286 3527 {maire
1302 3477 1437 3538 statuunt,
1466 3470 1693 3539 quandomsidem
1706 3469 1804 3522 necin
1820 3471 1955 3538 propria,

259 3558 356 3610 Zenon
390 3557 473 3620 dicit,
508 3556 577 3624 quia
607 3554 829 3608 substantialiter
860 3553 934 3605 uiuit.
988 3550 1094 3605 Plinius
1122 3576 1171 3613 ηερ
1191 3560 1221 3610 2’„
1235 3564 1379 3627 posterum
1398 3563 1503 3609 natura
1520 3555 1685 3619 corrmstnnt,
1711 3555 1760 3607 ubi
1777 3571 1811 3608 es
1829 3555 1888 3607 cita
1906 3555 1956 3608 mi·

230 3701 234 3708 .
259 3641 306 3698 llb-
327 3647 349 3696 7·
378 3646 434 3696 nti·
458 3641 521 3696 hiti-
549 3657 610 3711 0²9·
632 3647 673 3699 55·
704 3641 739 3694 (10
765 3639 858 3693 anima
875 3639 1032 3702 brutorum,
1059 3636 1094 3691 <10
1122 3643 1288 3715 prooemmt
1312 3657 1367 3711 quo
1386 3639 1446 3711 ipso
1465 3640 1580 3695 innuere
1598 3639 1702 3707 voluit,
1726 3638 1954 3694 resurrectionem

260 3727 361 3798 (1¹1le
378 3733 436 3780 111111
454 3727 541 3781 mulia
559 3726 685 3796 scripsit,
714 3725 817 3795 optime
837 3724 965 3790 meritus,
986 3722 1026 3786 ‚oe
1045 3721 1094 3776 hu·
1121 3729 1214 3785 carme
1232 3735 1260 3783 et
1277 3727 1386 3782 animae
1403 3726 1638 3781 immortalitatem
1664 3742 1681 3779 a
1700 3725 1793 3779 multis
1812 3741 1907 3780 eornm
1926 3725 1955 3779 in

259 3828 341 3866 mana
358 3812 485 3883 pessime,
498 3813 579 3882 cujus
597 3811 831 3866 immortalitatem
840 3809 942 3866 acerba
955 3807 1095 3862 mordaci·
1122 3815 1237 3871 dubium
1272 3813 1373 3869 vocari,
1430 3819 1452 3866 e.
1484 3815 1530 3865 De
1562 3812 1759 3879 Anctaptists's
1788 3811 1829 3864 sic
1859 3810 1957 3866 scribit

258 3905 317 3954 itte
334 3899 493 3953 inmittat·
533 3897 810 3965 0²¹01¹1¹⁸i¹1¹lb¹⁰2
836 3898 913 3966 211θᾶ
932 3895 1022 3949 “timi
1038 3910 1095 3948 '²²⁰'
1122 3900 1325 3957 Feuardentius
1357 3897 1386 3952 in
1418 3903 1541 3952 annotat.
1573 3897 1610 3951 ad
1639 3897 1786 3951 irenaeum
1818 3913 1878 3967 cap.
1907 3901 1955 3952 63:

263 4004 310 4040 res
328 3994 572 4057 temperamentum
598 3984 729 4053 corporis
755 3991 925 4052 sequantur,
950 3982 1101 4039 Platonem¹
1121 3986 1324 4055 Anabaptistae
1347 4002 1422 4037 anno
1449 3982 1571 4037 Domini
1595 3986 1670 4038 1568.
1691 3983 1780 4036 tissa
1801 3984 1956 4037 &accusas

259 4073 391 4143 exagitat,
410 4070 485 4142 quod
503 4070 612 4125 animae
632 4069 866 4125 immortalitatem
884 4068 1023 4124 defendat.
1042 4068 1092 4124 Ju·
1122 4077 1276 4144 impressos
1289 4088 1343 4141 per
1369 4071 1519 4126 Palaniam
1547 4071 1745 4140 dissiparant,
1770 4087 1890 4138 quorum
1908 4071 1955 4122 de·

259 4159 347 4213 atinus
356 4159 385 4212 in
395 4173 537 4229 paraenes.
547 4156 584 4211 ad
593 4162 668 4227 gent.
682 4156 799 4227 Gregor.
809 4154 1049 4225 Nyseenusinlib.
1060 4154 1097 4208 de
1122 4163 1196 4216 eima
1214 4168 1270 4213 est:
1289 4160 1446 4226 Nepamus,
1470 4157 1599 4226 aliquam
1618 4158 1742 4210 animam
1755 4163 1823 4227 post
1840 4161 1957 4209 mortem

259 4246 341 4304 anim.
361 4244 555 4300 Nazianzenus
583 4248 657 4298 cont.
678 4242 794 4298 Eunom.
812 4240 979 4296 Plutarchus
998 4241 1027 4295 in
1046 4240 1095 4297 lib.
1122 4261 1241 4300 manem.
1284 4244 1344 4298 Sed
1365 4243 1443 4298 illud
1467 4244 1588 4296 dicimus
1613 4244 1799 4309 encopitatum
1817 4242 1854 4294 ab
1874 4241 1957 4294 Anti·

259 4331 294 4384 de
311 4332 406 4402 placit.
431 4331 529 4402 philos.
558 4347 581 4384 0.
604 4337 626 4385 l.
656 4330 807 4399 cajetanus
836 4327 884 4383 llb-
903 4332 926 4382 3.
952 4326 987 4382 ds
1011 4326 1094 4383 anim.
1121 4333 1225 4388 ohe-iota
1249 4332 1290 4383 ari
1316 4331 1517 4383 stabiliendam
1542 4346 1624 4382 msam
1647 4328 1772 4381 collinam
1788 4344 1845 4397 per
1857 4329 1956 4395 fictum

258 4432 318 4487 cap.
338 4422 363 4472 2.
388 4415 585 4487 Pomponatius
610 4416 638 4470 in
656 4415 702 4470 lib.
728 4414 763 4468 de
795 4413 942 4485 immortal.
963 4411 1046 4468 anim.
1066 4417 1095 4466 st
1116 4418 1317 4490 purpatorium
1346 4423 1372 4470 et
1400 4415 1603 4468 invocationem
1622 4423 1789 4468 saumones.
1833 4413 1957 4475 Quorum

258 4501 306 4554 alii
332 4502 486 4571 complures
515 4501 659 4557 Aristoteli
690 4500 830 4563 tribuunt,
869 4497 944 4569 quod
974 4499 1094 4552 animam
1122 4519 1231 4577 quoque
1256 4520 1329 4556 unus
1358 4503 1484 4555 minuter
1514 4501 1718 4555 Domonoroslci
1746 4500 1866 4569 publica
1894 4517 1957 4553 mem

261 4586 379 4640 hominis
396 4587 538 4642 mortalem
563 4604 623 4641 esse
639 4586 775 4654 statuerit,
791 4585 840 4640 sed
855 4584 994 4654 Eugubin.
1009 4583 1054 4640 lib.
1070 4590 1093 4640 3.
1116 4591 1247 4663 petrissa
1282 4588 1423 4643 societatis
1453 4588 1593 4642 Potonias
1632 4587 1731 4640 tabita
1767 4586 1956 4654 disputatione

263 4672 298 4726 de
327 4689 440 4742 perenn.
459 4672 558 4743 philos.
589 4689 650 4743 cap.
667 4678 708 4728 21.
741 4677 769 4728 et
789 4670 1029 4726 conimbricenses
1058 4671 1094 4725 de
1120 4694 1184 4731 ann.
1206 4679 1280 4730 1589.
1298 4691 1389 4727 mense
1406 4675 1521 4728 Octobri
1540 4673 1654 4742 publice
1672 4673 1807 4737 meast,
1831 4671 1956 4726 ammam

258 4759 341 4813 anim.
368 4775 456 4829 sepas.
481 4759 553 4828 disp.
576 4765 597 4814 1.
623 4764 674 4815 art.
701 4765 724 4814 2.
750 4756 787 4811 ab
812 4756 866 4811 hac
892 4757 1002 4811 macula
1030 4772 1094 4810 011111
1121 4780 1183 4816 cum
1201 4777 1320 4830 corpore
1339 4760 1462 4814 interire.
1500 4760 1582 4813 Alter
1602 4762 1759 4814 Budnaeus
1775 4758 1886 4811 nomine
1902 4758 1956 4812 tae

259 4844 378 4899 liberare
396 4850 538 4898 0011011101.
559 4844 608 4903 lib.
628 4851 651 4901 3.
672 4844 707 4898 de
724 4842 807 4897 anim·
825 4859 884 4913 01111.
903 4849 927 4897 5·
954 4842 1006 4909 1111,
1029 4846 1094 4903 νοῦς
1120 4849 1156 4900 de
1175 4863 1207 4900 rs
1228 4849 1432 4913 interropatus,
1461 4845 1532 4913 auid
1551 4846 1682 4908 sentiret,
1712 4845 1870 4914 respondit,
1896 4861 1956 4897 rem

254 4927 467 5000 pastoricium
491 4929 580 4996 μόνον
603 4934 647 4982 aul
667 4935 749 4983 rorico
768 4927 858 5003 μόνον
885 4924 1029 4982 ἀθάνατον
1047 4930 1094 4980 acl
1120 4950 1179 4988 eree
1197 4934 1312 4987 dottam
1340 4940 1366 4985 et
1389 4933 1440 4984 sab
1467 4932 1565 5000 judice
1593 4933 1686 4985 adhuc
1719 4931 1795 4985 litem
1823 4932 1954 4998 pensiore,
1980 4966 1984 4970 .

258 5015 360 5071 ἀΐδιον.
414 5014 513 5070 Scotus
541 5021 564 5071 4.
604 5019 672 5069 sent
709 5015 772 5070 dist
804 5021 845 5071 43.
879 5032 904 5083 q.
932 5021 955 5070 2.
987 5020 1038 5070 art.
1066 5018 1093 5069 2.
1119 5022 1199 5073 Haec
1218 5021 1253 5072 de
1269 5019 1394 5073 Palania
1421 5036 1475 5072 sua
1500 5020 1590 5084 refert
1607 5018 1740 5070 Andreas
1763 5016 1956 5085 Jurpiecicius

258 5098 367 5169 Niphus
385 5099 414 5152 in
432 5115 526 5168 opusc.
556 5098 592 5152 de
610 5099 728 5156 immort.
748 5100 833 5155 anim.
856 5117 916 5171 cap.
940 5107 959 5156 1.
985 5095 1163 5172 patrueles
1182 5121 1271 5174 aeque
1290 5105 1459 5172 dilipensac
1477 5105 1606 5158 ensditus
1624 5103 1654 5157 in
1673 5103 1779 5165 libello,
1797 5103 1844 5157 cui
1856 5119 1957 5156 nomen

258 5185 437 5239 Aristotelem
457 5187 487 5237 in
500 5186 851 5254 lacauoestionsomnina
870 5188 986 5241 dubium
1000 5166 1199 5253 suisseldedit
1217 5191 1330 5244 Bellum
1360 5191 1452 5260 orcisti
1477 5189 1620 5258 eccnpelii
1645 5205 1699 5257 cap
1721 5194 1765 5242 10.
1808 5189 1955 5244 Hactenus

258 5289 294 5325 ac
310 5274 393 5324 modo
412 5271 442 5323 in
461 5273 546 5337 lanc,
573 5273 656 5324 modo
681 5274 711 5325 in
728 5273 810 5326 illam
827 5273 993 5327 sententiam
1012 5273 1093 5327 incli·
1117 5275 1329 5332 Feuardsntius.
1366 5279 1392 5331 9.
1413 5279 1461 5330 De
1477 5275 1632 5331 libaminis
1655 5273 1753 5328 scribit
1773 5274 1908 5330 Calvinus
1925 5276 1956 5330 in

258 5374 347 5413 nasse
383 5357 530 5412 Lucretius
551 5356 598 5412 lib.
618 5362 642 5410 3.
665 5358 782 5428 triginta
810 5358 930 5429 amplius
947 5375 1093 5430 argumen·
1119 5360 1166 5416 lib.
1199 5367 1297 5416 contra
1314 5361 1474 5418 Libertinos
1494 5361 1583 5424 edito,
1608 5361 1684 5432 quod
1702 5366 1815 5416 anctore
1833 5360 1955 5432 quodam

258 5443 294 5497 tis
323 5444 433 5498 animae
462 5442 658 5498 mortalitatem
689 5444 807 5513 probare
836 5444 942 5520 nititur.
996 5451 1020 5500 1.
1050 5445 1093 5500 De
1120 5446 1253 5512 Quintiae
1279 5447 1413 5504 Piccardo
1444 5447 1575 5513 doceant,
1601 5448 1712 5500 animas
1737 5447 1878 5500 lominum
1899 5465 1955 5501 non

258 5528 388 5585 lobsnne
404 5527 513 5584 xxm
538 5527 685 5583 masiliam
703 5528 865 5585 Basileense
890 5546 955 5585 sess.
978 5537 1016 5586 11.
1037 5531 1092 5586 sub
1121 5550 1181 5588 esse
1194 5533 1376 5589 immortales.
1413 5535 1456 5589 10.
1479 5533 1611 5586 emerso
1631 5531 1740 5587 animas
1759 5531 1956 5587 monalitatem
