4104 6014
900 210 952 265 DE
971 208 1110 268 MORTE.
1399 216 1402 224 '
1664 278 1668 285 ¹
1791 228 1848 285 163

152 362 230 421 duna
247 364 338 419 baut:
363 365 457 419 Extra
483 367 556 420 duos
574 366 654 420 basae
686 366 801 419 ordines
829 365 906 418 atius
932 382 988 417 non
1017 365 1102 419 verba
1120 366 1271 436 Augustini
1291 366 1320 422 in
1338 369 1463 440 margine
1483 370 1625 424 annotavit
1640 373 1848 440 psrrpaterium,

152 457 193 505 set
210 453 282 506 orda
302 453 417 505 medius.
459 453 575 521 Loquor
600 459 691 504 autem
710 455 744 504 de
766 452 857 505 altero
877 451 988 519 quidem
1016 465 1042 518 q.
1063 450 1087 503 d.
1107 453 1298 522 purgatorium
1319 444 1362 508 est
1380 455 1458 509 locus
1483 455 1531 510 ille
1549 456 1741 521 intermedius,
1767 474 1850 527 quem

151 554 289 607 werno,
323 537 415 592 altero
439 537 566 600 inferno,
599 538 673 590 inter
702 554 771 605 quos
795 538 923 589 medians
947 543 988 587 est
1014 535 1124 605 ignorat
1142 536 1210 592 fides
1230 538 1393 597 Catholicai
1420 548 1500 597 tract.
1522 546 1561 596 ta.
1587 541 1616 595 in
1634 542 1714 596 lob:
1738 544 1851 596 Habent

150 624 277 678 canimus
295 623 472 694 differentias
497 622 629 675 retributi
648 639 722 679 nam.
769 620 878 682 Quodsi
893 638 988 675 uersrm
1015 639 1107 674 omnes
1132 624 1256 692 animae,
1286 643 1347 678 cum
1378 630 1413 680 de
1439 629 1533 681 seculo
1562 627 1696 692 exierint,
1723 630 1850 681 diuersas

151 708 203 771 sit,
231 716 263 761 ut
278 717 387 762 constat
417 725 476 763 asse
494 709 687 777 assummum,
715 707 785 776 quta
810 707 988 776 insipientius
1015 709 1187 776 receptiones
1206 729 1282 778 suas,
1301 714 1401 766 babent
1420 715 1556 782 pendium
1575 715 1641 766 boni
1660 723 1686 767 et
1705 715 1775 767 mali
1791 724 1848 768 tor·-

151 794 337 848 ubsurdiusoe
357 795 404 855 iis.
421 795 471 863 qui
488 795 593 860 dicam,
615 794 749 864 quoniam
762 793 902 862 suffecerit
920 793 990 844 milti
1014 802 1115 862 menta,
1131 798 1183 848 sed
1198 815 1259 849 eum
1275 800 1358 863 sacta
1374 801 1463 863 suerit
1476 801 1655 867 resurrectio,
1676 801 1848 854 abonorum

151 879 306 949 ptisanam
323 880 463 949 emisse,
480 881 595 950 inps-edi
606 887 698 933 autem
715 896 830 945 repnum
848 878 989 930 coelorum
1014 881 1151 945 paudium
1171 884 1296 951 amplius
1320 885 1387 948 erit,
1415 887 1598 940 etmalorum
1625 895 1762 939 tormenta
1785 905 1850 955 pra·

151 965 222 1017 milti
247 983 304 1018 non
329 971 369 1017 est
392 981 492 1033 curae,
521 982 583 1017 cum
612 966 734 1034 effupere
760 965 912 1031 pelicanum
936 962 989 1016 boc
1014 966 1109 1029 viora,
1148 970 1262 1035 quando
1291 988 1350 1022 cum
1392 988 1510 1039 corpore
1547 973 1755 1040 torquebuntur.
1812 972 1851 1026 Et

153 1052 248 1120 ipsum
266 1051 306 1104 sit
321 1067 436 1118 repnum
450 1052 594 1106 coelorum
612 1051 734 1120 inpredi,
755 1050 988 1118 quemadmodum
1015 1058 1126 1120 postea:
1145 1054 1288 1122 Requiem,
1308 1072 1379 1123 quae
1393 1058 1522 1110 continuo
1537 1066 1604 1124 post
1622 1067 1737 1111 mortem
1756 1060 1850 1122 datur,

153 1143 180 1190 st
196 1138 235 1190 ab
254 1153 287 1191 aa
312 1138 454 1204 anaidem,
483 1145 523 1189 est
545 1138 699 1204 pelicanum
726 1137 851 1192 introire.
890 1136 988 1204 Neque
1014 1138 1041 1188 si
1060 1154 1093 1191 ea
1107 1139 1209 1206 dipnus
1227 1149 1275 1205 est,
1295 1150 1360 1194 tuuc
1374 1143 1478 1212 accipit
1496 1144 1621 1211 quisque,
1640 1161 1702 1196 cum
1721 1146 1848 1198 inanitur.

153 1222 227 1277 enin
249 1240 303 1277 aas
328 1225 382 1277 bas
408 1225 536 1291 repiones
561 1224 714 1292 Scriptura
741 1221 889 1276 docuisti*
931 1221 989 1274 Au·
1015 1223 1135 1294 (Excipit
1155 1224 1349 1294 Bellarminus,
1368 1229 1515 1282 animabus
1534 1230 1564 1281 in
1577 1231 1747 1298 purpatorio
1766 1231 1850 1284 etiam

154 1310 284 1381 gauduus
311 1309 358 1365 lib.
380 1315 402 1365 1.
429 1310 464 1365 de
484 1315 592 1380 peccat.
613 1308 717 1364 meritis
733 1314 761 1363 et
778 1308 880 1364 remiss.
899 1324 922 1363 c.
941 1312 988 1363 28:
1016 1310 1086 1361 dari
1111 1311 1247 1378 pendium
1278 1320 1304 1365 et
1328 1315 1464 1381 requiem,
1495 1315 1563 1383 quia
1595 1325 1686 1368 certae
1718 1324 1782 1369 sunt
1813 1318 1850 1370 de

155 1396 216 1449 Nec
235 1403 276 1450 est
293 1396 369 1450 ullus
387 1396 444 1448 ulli
460 1397 569 1449 medius
588 1396 681 1464 locus,
698 1403 729 1448 ut
742 1396 836 1462 possit
855 1411 913 1447 esse
933 1394 990 1445 nisi
1016 1402 1132 1448 aeterna
1149 1415 1202 1450 suc
1219 1398 1324 1462 salute,
1348 1399 1460 1452 interim
1483 1400 1535 1453 boe
1558 1402 1694 1469 pendium
1714 1420 1770 1455 non
1789 1420 1849 1456 esse

154 1499 217 1536 cum
246 1481 376 1550 diabolo,
402 1483 452 1550 qui
479 1500 534 1536 nan
560 1491 601 1535 est
624 1500 686 1534 mem
711 1480 831 1535 Christo.
869 1481 945 1533 Hinc
963 1487 988 1532 et
1015 1481 1076 1534 sine
1094 1483 1266 1536 admixtione
1280 1501 1437 1552 poenarum
1454 1488 1659 1554 temporalium.
1687 1487 1849 1556 Responde·

152 1567 214 1637 ipse
243 1568 386 1621 Dominus
414 1568 510 1621 uolens
542 1570 659 1632 auferre
689 1570 724 1621 de
753 1567 885 1621 cordibus
915 1565 989 1618 male
1016 1578 1091 1620 mus:
1119 1568 1241 1621 nondum
1273 1568 1413 1623 Pontificii
1439 1569 1467 1623 in
1500 1587 1533 1625 eo
1566 1573 1746 1637 conveniunt,
1773 1573 1847 1644 qnod

153 1654 326 1706 mammam
344 1653 444 1720 istam,
470 1654 563 1707 nesae
589 1671 672 1720 quam
696 1654 884 1719 medietatem,
904 1669 988 1721 arsam
1016 1653 1124 1707 animae
1141 1653 1170 1707 in
1190 1656 1351 1725 purgatorio
1370 1655 1426 1709 sint
1444 1663 1536 1711 certae
1554 1657 1587 1712 de
1609 1674 1659 1711 sua
1679 1659 1776 1713 salute.
1812 1659 1849 1713 Et

153 1747 291 1793 conamur
314 1739 432 1808 quidam
453 1739 585 1808 paruulis
606 1757 662 1792 nan
691 1738 839 1807 baptisatis
858 1740 987 1801 tribuere,
1015 1739 1097 1809 quale
1121 1747 1214 1808 potest
1239 1757 1299 1796 esse
1322 1742 1470 1811 gaudium.
1497 1743 1622 1813 qualisve
1648 1745 1756 1815 requies
1781 1744 1843 1813 illis,

151 1833 184 1879 ut
209 1827 293 1894 quasi
319 1827 416 1879 merito
443 1825 618 1878 innocentiae
642 1825 700 1878 sint
726 1826 756 1877 in
779 1826 837 1877 uita
861 1832 985 1887 aeterna,
1015 1825 1061 1895 qui
1082 1825 1178 1895 poenis
1200 1842 1288 1896 aeque
1306 1827 1437 1897 gravibus
1455 1843 1488 1882 aa
1505 1829 1558 1898 ipsi
1577 1829 1701 1883 damnati
1719 1838 1847 1902 torquen-

152 1913 204 1966 ssd
221 1912 290 1982 quia
308 1929 364 1963 non
382 1918 445 1963 sunt
464 1910 614 1979 baptisati,
637 1928 694 1963 non
715 1911 852 1963 sinleum
874 1910 985 1964 Christo
1014 1910 1082 1963 tur?
1118 1911 1200 1966 Adde
1220 1911 1294 1980 quod
1314 1912 1489 1983 Augustinus
1508 1930 1563 1967 non
1582 1912 1675 1982 bonis,
1697 1916 1747 1971 sed
1766 1915 1846 1970 malis

151 1998 183 2050 iss
200 2014 287 2067 repno
304 1998 380 2066 ejus,
400 1997 573 2065 definitivam
590 1996 711 2065 protulit
727 1997 769 2049 ad
785 1995 854 2049 baec
870 2012 923 2048 ora
941 1995 983 2047 ob·
1013 2000 1152 2049 tormenta
1169 1997 1301 2066 assignat,
1320 1998 1369 2050 scd
1388 2015 1421 2051 ex
1437 1996 1583 2067 hypothesi
1596 2000 1749 2070 purgatorii
1764 2002 1848 2055 etiam

152 2085 289 2137 struenda
309 2083 487 2146 sententiam,
515 2082 565 2133 ubi
584 2081 637 2134 ait:
670 2080 725 2142 Qui
741 2097 845 2134 mecum
863 2099 918 2134 non
938 2087 985 2141 est,
1014 2081 1094 2135 bonis
1112 2089 1250 2136 tormenta
1267 2089 1348 2135 erunt
1366 2082 1558 2137 adscribenda
1589 2084 1714 2139 Observa
1730 2093 1759 2140 et
1777 2086 1848 2140 illud

151 2171 300 2224 mersum
323 2185 366 2221 me
390 2175 436 2222 est.
471 2168 489 2220 l.
516 2172 539 2224 4.
562 2166 596 2222 de
622 2167 750 2236 baptism.
779 2183 802 2224 c.
824 2172 869 2222 28:
897 2166 986 2219 stass
1014 2167 1089 2236 quod
1108 2166 1292 2220 Bellarminus
1315 2168 1362 2222 lib.
1383 2173 1408 2222 2.
1428 2167 1463 2222 de
1481 2175 1590 2239 purgat.
1610 2187 1633 2225 c.
1655 2176 1694 2224 ts.
1714 2171 1743 2223 in
1756 2172 1847 2226 verbis

151 2255 294 2309 catholiea
310 2271 367 2306 non
384 2254 463 2307 nouit
480 2253 539 2305 nisi
557 2254 613 2305 duo
633 2253 705 2318 loca,
724 2253 773 2305 ubi
790 2252 914 2306 homines
931 2250 986 2303 sint
1014 2254 1166 2324 Augustini
1195 2253 1223 2307 iu
1252 2253 1331 2310 ench.
1362 2271 1423 2323 cap.
1459 2260 1515 2310 110.
1545 2272 1595 2322 per
1626 2256 1847 2311 tolerabiliorem

149 2340 246 2405 futuri
269 2347 422 2412 perpetua,
460 2338 568 2392 eoelum
601 2338 746 2391 beatorum
782 2346 808 2391 et
843 2339 985 2401 infernum
1015 2341 1222 2394 damnationem
1249 2340 1389 2410 intelligat
1411 2340 1614 2411 mitigationem
1640 2357 1791 2412 poenarum
1820 2347 1849 2396 in

152 2428 358 2481 damnatarum.
388 2424 437 2480 lib.
458 2430 498 2479 13.
529 2424 565 2478 de
583 2423 657 2478 aivis.
678 2421 731 2477 Dei
752 2439 811 2493 cap.
831 2428 862 2479 8:
887 2423 924 2477 In
942 2441 985 2476 re·
1013 2426 1182 2498 purgatorio.
1231 2429 1268 2480 At
1300 2426 1436 2495 quomodo
1466 2432 1559 2496 potest
1580 2425 1635 2480 illis
1660 2429 1793 2498 gandium
1820 2432 1848 2483 et

152 2514 216 2583 quie
235 2520 301 2566 sunt
315 2513 426 2565 animae
439 2512 553 2582 piorum
572 2528 591 2563 a
610 2526 728 2579 corpora
754 2518 918 2579 separatae,
937 2511 987 2563 im·
1013 2513 1136 2582 requiem
1174 2510 1308 2571 tribuere.
1345 2510 1446 2581 quibus
1480 2511 1684 2567 damnationem
1721 2513 1846 2580 tribuitl)

149 2601 265 2669 piorum
298 2606 390 2652 autem
415 2614 526 2669 poenas
555 2598 647 2664 luunt,
678 2598 766 2649 donec
797 2597 915 2649 sistorum
947 2598 989 2650 ad
1013 2615 1093 2652 serm.
1117 2604 1154 2650 tu.
1175 2596 1211 2649 de
1229 2594 1304 2650 verb.
1323 2596 1456 2667 apostol:
1477 2600 1561 2650 Duae
1576 2599 1760 2653 habitationes
1779 2607 1848 2665 urat,

154 2693 297 2741 adamam
315 2685 411 2748 uitam,
428 2683 545 2737 illarum
563 2700 629 2736 uero
647 2684 689 2735 ad
702 2689 846 2736 aeternam
864 2690 986 2744 morters.
1013 2702 1070 2737 una
1105 2684 1135 2736 in
1165 2698 1250 2748 repno
1279 2691 1405 2750 aeterno,
1443 2684 1537 2737 altera
1568 2685 1599 2737 in
1628 2686 1692 2753 ipne
1725 2694 1849 2743 cetuna.

154 2788 225 2841 quae
244 2772 370 2825 secunda
389 2769 508 2836 elics'tur,
533 2786 656 2840 corpora
673 2770 850 2823 reviviscant.
876 2768 923 2825 lib.
945 2774 986 2823 21.
1013 2787 1092 2825 serm.
1118 2773 1178 2822 323.
1204 2767 1239 2821 de
1261 2774 1360 2836 temp:
1390 2768 1475 2821 Dicet
1499 2769 1617 2837 aliquis,
1647 2787 1697 2838 epo
1732 2789 1848 2839 repnum

155 2858 190 2912 da
200 2857 276 2912 civit.
288 2855 343 2910 Dei
357 2872 381 2911 a.
395 2861 444 2910 25:
464 2855 625 2920 Manifesta
638 2861 703 2908 suut
714 2872 802 2925 opera
820 2856 915 2911 carnis
934 2860 987 2908 ete.
1015 2857 1074 2910 Dei
1091 2857 1171 2924 nolo,
1200 2862 1343 2908 aeternam
1361 2861 1483 2923 requiem
1505 2864 1611 2910 tantum
1630 2858 1752 2911 obtinere
1774 2858 1847 2911 daei·

154 2945 287 3013 quoniam
304 2942 355 3012 qui
372 2942 445 2995 talia
462 2949 558 3011 ayunt,
576 2959 691 3009 repnum
709 2943 770 2994 Dei
788 2959 845 2994 non
857 2942 987 3011 posside·
1015 2946 1091 2997 dero.
1141 2942 1230 2995 Nema
1249 2959 1278 2995 se
1297 2940 1435 3009 decipiat,
1461 2943 1583 3004 fratres.
1617 2944 1674 2997 drea
1692 2944 1765 2996 enim
1784 2945 1848 2996 loca

155 3030 228 3084 bunt.
257 3029 340 3082 Haec
355 3030 489 3098 profecto
508 3027 666 3098 apostoliea
684 3029 767 3091 falsa
784 3035 825 3081 est
844 3028 987 3093 sententia,
1013 3038 1076 3084 sunl
1108 3037 1134 3083 et
1161 3029 1259 3082 tertius
1290 3046 1346 3081 nan
1371 3037 1412 3081 est
1439 3028 1513 3080 ullis.
1568 3027 1625 3090 Qui
1646 3046 1707 3082 eum
1735 3030 1848 3084 Christo

155 3117 182 3169 si
200 3116 274 3171 tales
287 3122 355 3185 post
382 3115 556 3185 quantalibet
574 3122 701 3184 tempora
725 3115 839 3168 liberati
872 3130 988 3180 repnum
1014 3132 1134 3183 reparare
1154 3132 1210 3168 non
1230 3114 1376 3180 meruerit,
1400 3131 1461 3166 cam
1487 3114 1600 3167 diabolo
1620 3115 1721 3183 ubsque
1739 3116 1849 3169 dubita·

154 3203 215 3257 Dei
228 3203 420 3273 possidebunt.
461 3201 520 3256 sea
535 3203 668 3271 quoniam
681 3201 764 3265 falsa
782 3218 837 3254 non
856 3209 903 3266 est,
919 3218 986 3269 pro·
1014 3204 1088 3256 tione
1105 3202 1168 3254 ulla
1182 3200 1295 3271 peribit.
1315 3199 1361 3253 lib.
1381 3201 1415 3254 de
1434 3199 1519 3253 sunit.
1540 3199 1627 3253 secali
1647 3217 1669 3253 a.
1695 3206 1720 3253 l:
1745 3201 1848 3256 Scitote

152 3291 229 3350 festo
246 3306 362 3357 repnum
381 3286 440 3340 Dei
457 3304 513 3340 non
526 3287 717 3354 possidebunt.
758 3287 797 3339 Et
817 3287 845 3338 si
860 3286 890 3338 in
907 3287 990 3351 repni
1013 3305 1088 3356 uero,
1106 3289 1261 3356 quodcum
1280 3285 1376 3338 anima
1403 3302 1422 3337 a
1441 3302 1560 3356 corpore
1587 3286 1733 3352 avellitur,
1754 3288 1849 3340 statim

152 3376 213 3429 Dei
227 3374 406 3445 possessione
424 3388 565 3440 nunquam
584 3380 677 3438 munt,
707 3380 821 3425 aeterno
847 3372 987 3443 supplicio
1013 3383 1063 3427 aut
1086 3374 1116 3426 in
1140 3373 1282 3442 paradiso
1304 3389 1359 3440 pro
1385 3372 1491 3424 meritis
1510 3372 1588 3424 bonis
1604 3373 1774 3438 collocatur,
1797 3381 1848 3426 aut

153 3461 475 3528 tenebuntur,‹1uaniam
491 3477 547 3513 non
567 3468 606 3512 est
625 3460 702 3513 locus
721 3460 845 3522 medrus,
865 3460 914 3512 ubi
932 3477 987 3513 non
1013 3465 1087 3511 certe
1100 3475 1157 3526 pro
1175 3458 1300 3526 peccatis
1318 3457 1347 3508 in
1372 3455 1483 3518 inferni
1504 3463 1615 3509 tartara
1630 3460 1847 3528 praecipitatur.

154 3548 191 3600 sit
210 3548 241 3600 in
259 3546 415 3617 supplicia,
443 3546 493 3615 qui
510 3546 561 3599 illo
579 3563 636 3599 non
659 3546 755 3613 suerit
775 3545 940 3598 commitatus
957 3545 987 3597 in
1014 3545 1121 3612 Elips'te
1140 3545 1232 3611 modo,
1251 3545 1328 3611 quod
1344 3542 1436 3603 uultis,
1450 3550 1475 3593 et
1489 3542 1540 3595 hoc
1554 3543 1621 3610 jam
1635 3545 1735 3597 inuita
1753 3554 1848 3599 uestra

154 3631 250 3701 repno.
294 3631 337 3697 (In
364 3631 532 3701 quibusdam
559 3632 763 3700 exemplaribus
787 3631 864 3686 deest
890 3630 986 3685 adver·
1014 3631 1168 3698 disponite,
1192 3637 1241 3682 aut
1261 3629 1465 3697 perpetualiter
1497 3631 1621 3695 paudere
1646 3648 1708 3683 cuns
1734 3632 1862 3700 sancus„

154 3718 231 3772 bium
251 3716 373 3787 negandi
391 3735 446 3769 non
464 3724 493 3771 et
510 3717 550 3769 sic
568 3716 678 3783 legitur,
700 3718 832 3787 quioniam
851 3725 892 3770 est
910 3717 987 3770 locus
1014 3724 1063 3768 aut
1081 3720 1141 3768 sine
1152 3717 1211 3783 fine
1227 3715 1354 3767 muciani
1373 3715 1558 3782 cumimpiis.
1599 3716 1646 3785 (In
1672 3719 1795 3788 margine
1811 3718 1847 3772 ad

154 3803 271 3866 medius,
289 3802 498 3857 sedcontextus
514 3802 660 3856 manifeste
674 3802 803 3866 ostendit,
821 3802 986 3872 particulam
1015 3801 1087 3853 hunc
1120 3800 1271 3870 Augustini
1289 3800 1379 3853 locum
1401 3800 1430 3853 in
1450 3800 1512 3869 ipsa
1542 3800 1693 3856 Parisiensi
1724 3803 1845 3857 editione

154 3888 275 3959 negandi
295 3903 355 3942 esse
375 3887 552 3951 addendam.)
571 3885 619 3942 lib.
634 3893 657 3941 5.
676 3886 870 3959 hypognostic.
889 3895 987 3942 conns
1014 3891 1175 3940 annotatur:
1199 3885 1252 3939 Ubi
1269 3903 1340 3938 nune
1358 3887 1593 3954 purpatoriuml)
1628 3887 1792 3957 Fulgentius
1810 3888 1847 3941 ad

153 3974 321 4045 Pelagianos
338 3989 404 4044 pag.
424 3977 490 4027 957:
516 3973 644 4026 Primum
662 3972 753 4025 locum
771 3974 842 4034 tides
865 3972 986 4027 Catholi-
1014 3972 1133 4027 Venant.
1153 3971 1188 4025 ds
1206 3971 1308 4040 poenit
1328 3970 1455 4039 epistt:
1479 3971 1513 4023 Ut
1531 3972 1689 4024 monuimus
1709 3973 1782 4036 illos,
1800 3974 1849 4041 qui

153 4078 250 4115 aarum
266 4061 364 4113 diuina
388 4059 555 4112 auctoritate
571 4074 686 4125 repnum
703 4060 795 4111 credit
820 4076 878 4112 esse
898 4060 986 4113 coelo·
1013 4058 1130 4125 paudiis
1159 4056 1358 4126 temporalibus
1387 4056 1560 4110 oblectantur
1586 4063 1614 4110 et
1636 4058 1721 4124 jussa
1749 4057 1847 4110 diuina

153 4165 229 4215 mm,
253 4148 329 4199 unde
348 4165 404 4200 non
425 4146 581 4213 baptisatus
597 4143 733 4213 excipitur
739 4164 750 4211 ,·
769 4146 921 4197 secumdum
939 4162 985 4214 pe·
1014 4150 1201 4209 contemnunt,
1232 4142 1354 4195 aeternis
1374 4143 1483 4208 ipnibus
1513 4145 1744 4204 concremandos,
1780 4142 1846 4195 illos

154 4232 291 4298 bennam,
324 4231 373 4284 ubi
404 4231 493 4284 omnis
522 4236 654 4297 apostata
682 4229 726 4281 uel
752 4247 770 4280 a
798 4229 903 4284 Christi
923 4231 985 4295 fide
1013 4245 1092 4292 uero,
1111 4229 1161 4296 qui
1178 4227 1256 4279 mala
1275 4227 1445 4296 temporalia
1465 4245 1525 4280 cum
1544 4229 1642 4280 timore
1660 4229 1720 4279 Dei
1734 4228 1846 4296 patien-

10 4327 79 4371 [Ἧι
92 4323 139 4367 tta
153 4317 263 4371 alienus
282 4325 398 4370 asterm
417 4316 560 4386 supplicia
581 4315 756 4384 cooperiebam
781 4315 892 4368 tertium
908 4316 986 4382 peni·
1013 4324 1055 4367 ter
1081 4314 1215 4380 tolerant,
1241 4320 1356 4366 camna
1380 4314 1470 4380 quiete
1490 4313 1644 4381 potituros,·
1667 4313 1846 4365 attendamus
1901 4308 1904 4315 ’

152 4411 197 4456 tus
214 4404 392 4473 ignoramus,
421 4404 477 4456 imo
497 4418 548 4454 nec
567 4417 637 4467 esse,
656 4400 687 4452 iu
708 4399 865 4468 Scripturis
883 4403 987 4454 sanctis
1014 4400 1126 4454 divitem
1143 4406 1333 4467 purpuratum
1357 4405 1382 4450 el
1405 4414 1561 4466 pauperem
1580 4399 1733 4464 masmim,
1764 4398 1846 4451 illum

152 4489 329 4543 inveniemus.
377 4488 500 4558 (Excipit
516 4485 713 4548 Bellarminus,
739 4487 929 4554 Augustinum
946 4487 986 4540 lo-
1010 4493 1075 4554 post
1107 4485 1206 4553 epulas
1230 4484 1355 4552 flammis
1383 4483 1554 4551 perennibus
1581 4484 1733 4545 traditum,
1762 4483 1846 4535 istum

151 4575 203 4644 qui
218 4576 254 4628 de
273 4574 344 4627 lacis
362 4575 499 4637 aeternis,
526 4591 587 4626 eum
607 4573 713 4625 scribat
732 4580 832 4624 eontra
851 4572 985 4641 Pelopia·
1010 4578 1075 4641 post
1094 4587 1242 4623 amumnas
1261 4570 1290 4622 in
1311 4577 1427 4621 aeterna
1444 4568 1524 4620 sinus
1543 4567 1676 4620 Abrabae
1696 4569 1786 4636 quiete
1805 4586 1845 4621 se-

151 4660 459 4729 nos,‹1uiinoenerant
478 4659 590 4711 tertium
608 4657 765 4727 locumpro
783 4657 912 4725 parvulis
930 4675 985 4710 non
1013 4674 1118 4709 cssrron.
1152 4654 1377 4724 Theophylactns
1396 4655 1424 4706 in
1443 4670 1503 4723 cap.
1518 4659 1541 4709 8.
1561 4652 1676 4709 March:
1696 4655 1845 4713 Justorum

151 4746 309 4816 baptisatis,
327 4763 397 4814 quos
416 4744 545 4798 uolebant
561 4745 627 4808 sore
647 4743 743 4795 baalim
761 4744 886 4811 madum
904 4749 985 4795 natu·
1013 4743 1125 4794 animae
1141 4741 1171 4792 in
1184 4758 1270 4792 manu
1285 4740 1343 4792 Dei
1359 4747 1431 4806 sum,
1448 4747 1629 4806 peecatorum
1643 4756 1709 4792 staro
1728 4747 1753 4791 et
1765 4739 1844 4806 ipsae

150 4831 212 4884 ruli
237 4831 409 4884 beatitudine
435 4838 515 4884 entra
539 4830 683 4892 infernum
712 4837 738 4881 et
764 4836 844 4882 satra
872 4847 985 4898 repnum
1013 4829 1076 4880 linc
1095 4828 1276 4878 adducuntur
1295 4832 1324 4877 ut
1342 4825 1439 4877 anima
1456 4824 1561 4879 (linitis.
1600 4823 1721 4894 (Excipit
1740 4823 1845 4877 Bellar-

150 4917 300 4973 coeloram.
336 4917 558 4988 Respondemus:
584 4916 658 4971 bana
681 4915 861 4986 Pelagianam
881 4915 985 4985 opinio·
1013 4912 1111 4974 minus,
1134 4911 1379 4979 Theopbplactum,
1398 4927 1558 4977 quanquam
1575 4927 1630 4962 non
1648 4909 1770 4961 meminit
1789 4908 1847 4961 orsi

150 5020 213 5058 nem
235 5001 376 5057 Pontificii
405 5002 532 5058 fecerunt
563 5019 641 5055 snam
672 5018 722 5071 per
749 5001 920 5072 hypothesin
951 4952 1132 5057 deidssorum
1156 4997 1296 5059 locorum,
1323 5003 1414 5047 tannen
1443 5011 1498 5046 stan
1523 4995 1667 5047 eselssslere
1696 4994 1765 5047 alio.
1807 4994 1847 5046 At

150 5087 236 5142 limbo
255 5087 402 5142 infantum.
441 5086 586 5153 Quomodo
608 5093 701 5141 autem
726 5088 838 5156 penitus
858 5066 1080 5157 ignoras-ihesu
1099 5089 1142 5138 est
1159 5082 1255 5152 petitio
1274 5079 1416 5149 principii,
1442 5085 1474 5131 nt
1497 5080 1569 5133 enim
1594 5080 1684 5148 justas
1703 5085 1731 5132 et
1748 5094 1845 5147 pecca·

151 5181 193 5229 set
211 5174 385 5245 Augustinus
402 5173 493 5226 locum
511 5171 637 5240 tertium,
658 5172 681 5226 si
701 5173 865 5227 credidisset
883 5189 984 5243 pnrga-
1010 5178 1083 5225 toros
1117 5167 1274 5222 immediate
1300 5163 1354 5218 sibi
1380 5164 1499 5218 invicem
1527 5165 1641 5235 opponit
1679 5171 1707 5218 et
1733 5163 1845 5218 tertium

151 5259 271 5314 tarium?
296 5259 433 5328 quomodo
460 5256 628 5326 Pelagianos
657 5257 744 5313 solide
766 5258 911 5313 confutare
936 5276 983 5329 po·
1011 5272 1100 5328 genus
1116 5254 1257 5308 hominnm
1276 5250 1413 5313 excludit,
1439 5251 1478 5304 its
1504 5267 1614 5320 quoque
1633 5254 1735 5302 statam
1753 5252 1842 5318 justo·

152 5345 264 5412 inisset,
288 5344 311 5398 si
337 5344 447 5398 tertium
467 5342 586 5411 aliquem
612 5342 703 5396 locum
723 5343 920 5413 temporarium
939 5318 1073 5421 aelirum
1091 5348 1120 5396 et
1144 5346 1303 5410 pecatorum
1328 5343 1529 5407 postmortem
1555 5337 1613 5390 sine
1638 5336 1695 5389 nlla
1714 5337 1847 5409 drauscii

151 5437 293 5487 aeternum
320 5428 382 5501 ipse
406 5426 583 5499 agnovisset?
614 5428 689 5483 unde
716 5427 848 5484 Erasmus
874 5431 911 5484 ad
935 5430 984 5485 illa
997 5426 999 5473 i
1012 5429 1129 5485 invicem
1159 5424 1281 5496 opponit.
1327 5424 1467 5492 Perquam
1497 5420 1650 5475 absurdum
1685 5429 1742 5491 est,
1771 5422 1846 5495 quod

1458 5524 1513 5581 ll‘
