4104 6014
908 338 960 394 DE
978 337 1115 392 MORTE.
1797 340 1855 398 itt

159 512 233 550 mum
252 496 416 551 miraculum
441 496 528 551 solius
553 496 612 551 reri
630 495 684 551 Dei
703 494 859 565 proprium,
883 492 994 548 diabolo
1024 498 1077 549 tur.
1115 494 1156 548 At
1175 493 1352 565 necpiorum
1371 494 1558 563 animae,nec
1576 505 1727 562 corporae
1745 487 1856 544 diabolo

159 597 192 636 ac
216 582 330 652 organis
356 583 425 652 ejus,
444 586 542 651 magis,
560 580 645 635 tribui
670 580 776 650 nequit.
818 580 863 633 De
885 579 996 634 Simone
1023 587 1085 648 post
1114 587 1229 634 mortem
1261 580 1409 652 inquietari
1447 587 1576 650 possunt,
1608 576 1740 633 mentitur
1771 573 1858 646 igitur

160 667 259 738 llago,
285 666 434 738 Apollonio
460 666 594 737 Τγαηαεο
621 671 649 721 et
667 665 731 719 aliis
753 663 875 720 Satanae
893 662 993 718 manci·
1023 664 1109 720 Satan
1133 667 1185 721 sub
1207 683 1326 736 persona
1344 665 1480 722 Samuelis
1503 681 1537 720 ac
1564 667 1751 733 transfipurat
1779 678 1808 714 se
1827 661 1858 714 in

161 753 212 823 piis
243 761 425 821 memoratur,
457 754 532 825 quod
565 758 688 807 mortuos
722 750 916 815 excitaverint,
946 747 995 802 sed
1022 753 1152 817 cerretum
1170 753 1257 815 lucis,
1276 758 1297 807 2.
1316 753 1379 808 (lor.
1401 758 1446 821 11,
1467 771 1492 804 v.
1514 757 1552 806 tt.
1593 751 1695 806 Postea
1713 746 1858 818 subjungit

160 839 274 895 inserunt
289 855 380 895 merae
392 838 544 907 illusiones,
556 845 605 892 aut
617 856 672 892 non
682 836 906 907 praecessitvera
914 850 995 899 mors,
1022 854 1048 890 v.
1071 842 1117 891 19:
1146 836 1218 891 Oros
1245 846 1275 890 tu
1293 846 1320 891 et
1336 839 1399 906 filii
1416 839 1459 891 tui
1482 854 1587 891 mecum
1606 837 1694 890 eritis.
1729 834 1770 888 At
1790 831 1858 887 Saul

160 926 208 980 sed
227 932 338 980 tantum
357 924 512 990 simulatio,
533 932 583 978 aut
609 941 665 977 non
690 929 787 978 secuta
810 928 853 976 est
872 936 937 973 vera
953 935 994 973 re-
1022 923 1067 977 die
1095 931 1205 992 postero
1235 941 1268 978 ex
1298 924 1491 994 desperatione
1515 924 1651 978 violentas
1680 936 1777 975 manus
1803 919 1858 973 sibi

161 1011 304 1066 surrectio.
353 1009 384 1063 Si
410 1010 473 1064 Deo
499 1009 572 1064 hauc
595 1009 732 1065 Samuelis
757 1005 994 1062 resuscitationem
1022 1010 1143 1065 inferens
1161 1027 1216 1065 nou
1236 1011 1417 1082 pervenitad
1437 1010 1607 1073 Samuelem,
1626 1024 1720 1063 rerum
1739 1004 1858 1076 prophe-

160 1095 372 1159 tribuerevelis,
389 1095 512 1149 divinum
530 1094 693 1149 miraculum
708 1093 794 1148 facies
807 1091 994 1147 testimonium
1021 1103 1078 1150 torn
1098 1096 1226 1164 Domini,
1253 1098 1300 1168 qui
1330 1112 1379 1167 por
1404 1103 1518 1151 moi-tom
1543 1095 1572 1149 in
1598 1096 1683 1149 sitnm
1701 1091 1857 1157 transierat,

161 1182 367 1238 mendaciorum
395 1199 428 1236 ac
457 1183 669 1237 instrumentum
700 1181 845 1236 Satanicae
878 1176 995 1246 magiae,
1021 1183 1070 1235 sed
1090 1183 1127 1236 ad
1141 1183 1297 1239 Samuelem
1315 1189 1501 1254 personatum,
1518 1183 1571 1236 hoc
1588 1189 1632 1236 est
1651 1180 1687 1234 ad
1707 1178 1857 1243 diabolum,

159 1285 224 1324 cum
241 1275 336 1323 munau
359 1269 455 1324 divina
480 1268 614 1323 miracula
636 1269 691 1322 sint
708 1265 867 1322 testimonia
885 1263 995 1316 divinae
1022 1268 1116 1338 quiin
1135 1268 1253 1338 speciem
1280 1268 1416 1324 Samuelis
1441 1285 1501 1324 sese
1526 1267 1779 1338 transfiguraverat.
1826 1263 1856 1315 Si

160 1355 300 1419 ventatis3
322 1360 487 1425 personatm
513 1354 560 1409 ille
585 1353 697 1409 Samuel
725 1369 780 1407 non
810 1368 827 1405 a
852 1349 913 1405 Deo
935 1327 1166 1423 seselobvertas,
1199 1355 1342 1407 diabolum
1357 1371 1425 1408 cera
1445 1355 1626 1424 prolocutum
1641 1353 1750 1418 fuisse,
1781 1351 1859 1418 quod

161 1440 274 1495 missum
309 1440 356 1495 rel
385 1441 553 1507 excitatum,
590 1441 639 1494 aed
670 1438 786 1509 magicis
816 1435 996 1507 pythonissae
1025 1439 1097 1492 Saul
1110 1448 1231 1508 propter
1251 1442 1473 1511 desperationem
1490 1441 1526 1493 sit
1543 1442 1585 1493 ad
1602 1440 1693 1507 ipsum
1706 1441 1855 1505 peruentu-

162 1526 269 1580 artibus
297 1532 443 1582 armatum
467 1526 566 1580 merit
587 1544 610 1578 v.
642 1531 686 1580 1⁵2
715 1524 809 1586 Quare
834 1517 997 1589 inquietasti
1022 1526 1253 1596 runrespondeo:
1266 1519 1855 1594 nihilominnsmentitnrrsspsetudonamu-

163 1629 213 1679 rae,
235 1621 265 1665 ut
282 1613 458 1666 suscitarer!
485 1611 523 1665 Et
536 1611 715 1682 quiscredat,
731 1609 823 1664 mam
837 1606 995 1677 ingratiam
1024 1610 1066 1663 nis
1086 1610 1177 1666 Saulis
1193 1611 1253 1681 filii,
1271 1615 1319 1684 qui
1337 1631 1392 1668 non
1411 1620 1453 1668 est
1467 1618 1590 1667 mortuus
1609 1611 1639 1665 in
1651 1607 1856 1679 desperatione,

162 1698 241 1769 impii
283 1698 358 1769 regis
392 1697 584 1769 pythonissam
629 1696 798 1751 consulentis
839 1691 995 1748 Samuelem
1023 1696 1072 1749 sed
1099 1696 1135 1750 ah
1160 1696 1285 1752 hostibus
1303 1698 1462 1753 Philistaeis
1488 1698 1518 1752 in
1541 1697 1615 1752 bello
1638 1696 1754 1750 occisus.
1793 1690 1856 1746 Bel·

162 1784 379 1839 extraordiuario
404 1783 539 1838 miraculo
562 1783 761 1838 resuscitasse?
808 1781 955 1834 Praeterea
972 1778 996 1830 si
1022 1782 1155 1836 larmirus
1175 1784 1384 1854 regentium
1403 1802 1507 1838 mecum
1526 1784 1606 1838 eritr's
1626 1799 1681 1837 non
1699 1778 1856 1851 significare

162 1870 275 1925 Samuel
299 1887 333 1924 ex
365 1870 481 1924 mortuis
513 1870 649 1924 excitatus
678 1868 724 1922 hic
750 1867 828 1923 Sauli
855 1864 996 1935 apparuit,
1022 1869 1052 1920 in
1068 1869 1133 1921 sinu
1150 1869 1283 1924 Abrahae
1301 1871 1388 1936 eruin
1407 1873 1460 1923 scd
1477 1887 1582 1923 mecum
1601 1868 1681 1922 eritis
1698 1867 1749 1919 suh
1769 1874 1856 1934 terra,

162 1955 229 2028 quid
248 1955 284 2012 de
303 1972 336 2010 eo
355 1963 452 2025 postea
471 1956 668 2024 lastemnam
689 1954 780 2009 denuo
800 1952 995 2006 initmortuus
1022 1954 1054 2007 id
1072 1962 1114 2007 est
1132 1955 1236 2008 morteri
1253 1956 1338 2011 eritis.
1375 1955 1463 2026 Atqui
1481 1954 1548 2009 Saul
1565 1971 1617 2009 nec
1635 1953 1742 2007 ratione
1761 1967 1856 2021 corpo·

161 2048 190 2097 et
206 2059 306 2112 corpus
326 2043 386 2110 ejus
403 2042 530 2111 sepulcro
547 2041 678 2095 illatum?
696 2047 726 2094 at
751 2040 803 2094 hac
821 2038 928 2092 ratione
946 2050 996 2105 per
1022 2039 1072 2107 ris,
1100 2056 1152 2093 nec
1175 2041 1281 2095 ratione
1300 2039 1409 2095 animae
1434 2040 1489 2094 fuit
1519 2056 1582 2093 cum
1606 2037 1743 2093 Samuele.
1780 2037 1856 2106 Ergo

163 2127 267 2182 diaboli
284 2127 472 2198 operationem
492 2127 598 2182 factum
616 2126 734 2180 fuisset?
755 2125 803 2179 nbi
817 2123 860 2179 bis
880 2129 994 2177 mortem
1023 2125 1109 2180 Satan
1136 2126 1189 2180 sub
1207 2125 1299 2195 specie
1323 2125 1460 2180 Samuelis
1483 2125 1622 2179 mentitur.
1669 2123 1816 2177 Praeterea
1832 2120 1856 2174 si

164 2220 312 2284 pateretur.
341 2213 414 2269 Num
432 2214 460 2267 in
477 2213 592 2268 limbum
610 2212 690 2267 sirus
709 2210 872 2267 descendit?
890 2216 920 2262 at
937 2208 996 2261 lim·
1023 2229 1131 2267 mecum
1151 2213 1227 2268 eritis
1244 2213 1297 2267 hoc
1315 2214 1375 2268 loco
1403 2213 1477 2268 idem
1502 2210 1636 2282 estquod
1655 2207 1857 2274 mortuieritis,

164 2300 215 2354 bus
252 2300 457 2370 receptaculum
491 2306 535 2354 est
568 2300 736 2361 animarum,
769 2316 824 2353 non
842 2313 996 2367 corporum.
1023 2316 1090 2370 ergo
1103 2298 1187 2354 etiam
1201 2300 1414 2369 quandodacob
1435 2299 1512 2361 dicit,
1530 2298 1750 2351 descendamad
1767 2294 1857 2357 filicem

163 2385 238 2441 Num
254 2385 284 2440 in
301 2386 409 2440 coelum
428 2386 464 2440 ad
478 2387 567 2441 Deum
587 2384 752 2440 adscendit?
770 2393 800 2438 at
817 2381 870 2436 hac
889 2382 997 2436 ratione
1023 2385 1096 2440 idem
1114 2385 1167 2439 erit
1186 2385 1260 2456 quod
1278 2385 1378 2440 moriar
1395 2402 1457 2440 cum
1475 2384 1541 2452 lilio,
1567 2391 1597 2439 et
1613 2384 1653 2438 sic
1670 2380 1857 2437 labefactatur

163 2471 270 2527 coelum
282 2471 449 2541 suscepisset
466 2488 567 2525 novum
580 2470 700 2525 incolam
717 2469 822 2524 diaboli
836 2468 997 2538 operatione
1023 2472 1064 2525 vis
1087 2471 1169 2541 primi
1196 2472 1351 2543 argumenti
1376 2489 1427 2542 pro
1449 2471 1536 2525 limbo
1560 2469 1683 2525 adducti.
1728 2468 1856 2524 siseres

163 2564 228 2611 ante
241 2556 425 2611 universalem
440 2555 670 2611 resurrectionem
688 2556 861 2610 scrutatum.
891 2553 996 2609 Bellar·
1024 2557 1135 2612 Samuel
1155 2558 1208 2614 hoc
1225 2558 1288 2613 loco
1306 2558 1384 2614 Sauli
1402 2558 1584 2629 apparuisset,
1603 2556 1701 2628 procul
1717 2553 1803 2609 dubio
1820 2552 1858 2607 ad

162 2641 254 2696 minus
274 2641 386 2696 unicum
407 2641 477 2696 illud
495 2641 588 2708 habet,
605 2642 680 2712 qnod
699 2648 818 2712 regerat,
837 2640 995 2709 apparitio·
1024 2645 1222 2715 poenitcntiam
1239 2662 1302 2699 eum
1333 2645 1460 2699 hortatus
1486 2643 1635 2699 fuissetne
1653 2641 1796 2697 consiliam
1813 2638 1857 2694 rel

163 2746 224 2783 nem
256 2728 397 2783 Samuelis
423 2729 605 2798 praevenisse
635 2729 853 2781 incorrectionem
879 2734 906 2779 et
934 2727 996 2793 ejus
1023 2737 1099 2785 certo
1115 2731 1330 2786 consolationem
1344 2731 1385 2785 iili
1402 2731 1595 2802 suggessisset
1623 2729 1678 2786 Sed
1694 2733 1857 2799 pemonatua

163 2816 303 2884 effectum,
332 2814 407 2884 qnod
438 2813 546 2885 colligit
573 2831 607 2868 ex
628 2815 837 2883 perturbatione
863 2814 998 2878 matters,
1023 2817 1068 2871 hic
1094 2817 1207 2872 Samuel
1235 2817 1329 2872 odium
1350 2816 1404 2872 Dei
1432 2817 1526 2887 potius
1553 2817 1579 2871 ei
1607 2816 1737 2884 instillat,
1763 2810 1859 2883 sicque

164 2916 236 2968 puae
253 2901 368 2953 turbata
386 2907 440 2967 est,
463 2917 525 2952 cum
540 2901 624 2966 cidit,
640 2900 799 2954 Samuelem
818 2900 997 2968 apparuisse,
1024 2903 1210 2974 desperationi
1238 2904 1362 2959 fomento
1386 2903 1563 2975 suppeditat,
1593 2919 1619 2956 v.
1652 2906 1689 2957 16.
1737 2900 1858 2964 Quidam

163 2994 312 3054 antequam
331 2995 502 3040 moraretur.
533 2985 579 3040 lib.
601 2987 805 3056 adspergat.
824 3001 884 3055 cap.
903 2990 927 3039 6.
947 2982 996 3037 ed·
1024 2989 1107 3044 etiam
1139 2989 1192 3043 hoc
1221 2994 1336 3060 urgent,
1371 2988 1446 3058 quod
1473 2996 1644 3057 personatus
1667 2987 1718 3040 ilie
1742 2984 1858 3039 Samuel

165 3070 208 3124 dit
239 3071 410 3142 probationis
446 3074 506 3126 loco
537 3073 673 3126 somnium
709 3071 884 3135 rabinorum,
922 3069 998 3140 quod
1020 3092 1127 3146 possess
1148 3077 1239 3141 fuerit
1264 3091 1293 3128 se
1312 3075 1436 3128 odoram
1463 3081 1563 3128 contro
1582 3074 1641 3126 Dei
1662 3072 1749 3138 iepem
1768 3087 1795 3128 v.
1817 3075 1857 3126 rt.

165 3158 281 3210 umbos
299 3165 486 3225 mortuorum,
506 3175 577 3227 oreae
599 3159 628 3211 ci
646 3159 774 3226 mapieoe
792 3158 864 3210 ortis
884 3173 997 3211 mocon·
1024 3161 1074 3215 ssd
1092 3161 1145 3216 hoc
1164 3161 1198 3216 de
1216 3161 1292 3217 civili
1317 3161 1472 3216 reverentis
1491 3159 1582 3230 accipi
1611 3164 1722 3229 posset,
1747 3155 1858 3212 interim

165 3251 225 3309 tur,
256 3244 348 3312 cupite
379 3246 509 3298 decrerim
542 3261 621 3298 uerso
651 3246 835 3298 adscendent.
884 3243 999 3296 &muel
1023 3255 1099 3304 recte
1125 3248 1240 3311 dicitur,
1268 3248 1398 3302 Seianam
1430 3248 1458 3300 iu
1486 3264 1518 3301 eo
1542 3261 1687 3316 peccasse,
1710 3242 1785 3314 qaod
1804 3243 1857 3297 sub

165 3337 257 3382 autem
274 3337 353 3382 recta
371 3331 465 3396 pipino
491 3331 654 3393 adscendit,
679 3330 720 3382 ito
742 3338 772 3382 ut
793 3330 886 3396 primo
904 3336 997 3397 caput,
1023 3332 1121 3387 habitu
1146 3339 1175 3387 et
1198 3333 1307 3388 nomine
1331 3332 1466 3388 Samuelis
1488 3332 1678 3386 adorationem
1702 3331 1776 3384 illam
1798 3329 1856 3383 sive

165 3416 267 3468 ‘iiim
296 3422 410 3483 ΜΝ,
434 3422 579 3483 P⁰⁸lr⁶m0
606 3417 694 3482 P‘dsst
722 3433 736 3469 θ
762 3424 840 3468 terra
859 3431 996 3482 undum
1023 3421 1147 3487 civilem,
1167 3421 1225 3474 sire
1245 3419 1403 3490 religiosam
1424 3419 1585 3488 susceperit.
1630 3418 1688 3473 Nec
1707 3415 1855 3472 consimile

164 3501 219 3553 cisi
233 3501 298 3554 arnt.
330 3499 556 3568 Respondemus:
572 3499 628 3554 imo
645 3517 711 3555 vero
736 3501 900 3571 pythonissa
917 3499 995 3555 eudi-
1022 3513 1072 3574 est,
1091 3507 1248 3560 Samuelem
1262 3523 1280 3559 a
1291 3524 1357 3576 rege
1369 3505 1442 3559 hunc
1461 3504 1591 3560 honorem
1608 3504 1695 3558 fuisse
1711 3509 1855 3573 susceptu·

164 3593 242 3640 verat
258 3601 293 3640 er
312 3584 403 3651 Saule,
421 3584 577 3640 Samuelem
595 3585 703 3640 artibus
717 3586 833 3657 magicis
853 3602 914 3641 esse
932 3601 996 3640 evo·
1022 3609 1096 3659 rum,
1124 3597 1156 3645 ut
1173 3609 1221 3646 rer
1239 3593 1275 3646 ad
1295 3591 1381 3661 pedes
1403 3592 1465 3660 ejus
1484 3607 1514 3645 se
1533 3590 1693 3661 projiceret,
1720 3607 1783 3643 cum
1805 3590 1855 3643 Pe·

164 3671 298 3737 candum,
317 3670 380 3725 ideo
397 3670 538 3740 personati
558 3670 631 3725 illius
651 3671 787 3727 Samuelis
805 3679 995 3742 repraesenta·
1021 3684 1081 3731 trus
1101 3679 1196 3732 Actor.
1220 3685 1257 3742 tu,
1276 3696 1301 3730 v.
1316 3683 1359 3733 26.
1380 3693 1397 3731 a
1415 3677 1543 3732 Cornelio
1556 3676 1609 3731 hoc
1625 3675 1737 3730 honoris
1754 3691 1856 3746 genere

163 3758 202 3812 5⁰
221 3773 281 3811 Μ
295 3755 544 3826 11⁰sspssrl1¹1b⁸vlh
563 3757 612 3810 ¹01¹
626 3758 718 3827 Ρθῖῑῑῑῡ
730 3768 894 3826 ⁶01³⁸P⁶⁶lt¹⁸
910 3760 995 3828 riuti·
1020 3764 1095 3819 affici
1111 3763 1235 3819 noluerit
1259 3769 1284 3817 i.
1297 3766 1344 3817 Ee
1351 3780 1463 3836 poenae
1476 3764 1677 3817 comemdiene.
1712 3763 1742 3815 Si
1762 3762 1794 3831 is,
1807 3762 1855 3833 qui

164 3859 246 3914 quem
278 3848 363 3897 culta
391 3841 420 3896 in
451 3842 571 3913 caligine
604 3843 692 3896 noctis
723 3859 779 3897 11011
817 3851 994 3915 cognoverat·
1022 3850 1099 3905 Sauli
1117 3857 1241 3919 apparet,
1259 3850 1358 3904 luisset
1374 3866 1456 3904 verus
1475 3850 1587 3904 Samuel
1607 3848 1738 3903 divinitus
1751 3848 1854 3902 excita-

166 3929 257 3992 Quore
287 3929 447 3999 imposuisti
475 3929 563 3982 mihil
597 3930 703 4000 iuquit,
733 3937 764 3983 tu
783 3947 812 3983 es
832 3933 903 3984 enim
923 3933 995 3984 Saul
1021 3942 1075 4003 tus,
1095 3935 1192 4007 utique
1211 3936 1278 3989 Saul
1293 3941 1407 4006 propter
1423 3935 1561 4006 magicam
1575 3934 1651 3988 illam
1665 3933 1854 3988 evocationem

163 4034 189 4071 V·
210 4021 251 4072 ¹2·
296 4014 400 4080 Qu⁰d⁸l
430 4015 823 4083 sumaturfappnsnnn
855 4018 995 4071 Samuelis
1021 4039 1075 4076 non
1093 4020 1190 4075 fuisset
1208 4021 1340 4075 divinitus
1351 4020 1473 4090 »punitus
1485 4028 1514 4075 et
1525 4019 1554 4073 iu
1567 4019 1689 4090 peccatis
1708 4017 1766 4073 suis
1783 4035 1855 4072 mor·

160 4102 339 4170 proeaenuse
361 4101 544 4170 pythonissae
568 4101 793 4169 incantationem,
816 4101 995 4157 asserendum
1021 4115 1095 4163 tuus.
1140 4106 1195 4162 Sed
1217 4107 1270 4161 hoc
1290 4106 1427 4176 posterius
1451 4105 1555 4159 diserte
1574 4104 1694 4159 adstruit
1712 4102 1856 4173 Scriptura

163 4186 255 4255 fucrit,
274 4186 365 4242 Deum
384 4204 444 4241 esse
462 4176 731 4257 hujus‘evocationis
747 4196 904 4252 auctorem,
924 4206 996 4260 quae
1025 4199 1047 4250 t.
1065 4193 1128 4248 Par.
1154 4199 1198 4257 11,
1217 4208 1242 4249 r.
1278 4197 1320 4247 te:
1350 4194 1482 4245 Mortuus
1508 4199 1548 4243 est
1574 4189 1647 4243 Saul
1660 4197 1781 4258 prepter
1802 4189 1855 4243 ini·

164 4272 327 4344 hypothesis
354 4280 469 4345 urgetur
499 4273 628 4329 absurdis
660 4275 788 4344 superius
820 4277 995 4331 enumeratis.
1023 4281 1142 4348 quitates
1154 4296 1221 4332 enas
1237 4278 1321 4332 celin
1338 4277 1533 4346 inspicientibus
1551 4275 1618 4329 creis.
1638 4291 1671 4328 eo
1685 4277 1855 4344 quodprae-

163 4360 241 4415 Idem
259 4360 456 4429 respondemus
473 4360 510 4413 ad
536 4360 725 4430 exceptionem
746 4361 858 4431 Lyrani.
897 4362 994 4424 erem·
1022 4366 1165 4418 sericatus
1208 4373 1271 4417 erat
1307 4365 1473 4416 mandatum
1511 4362 1630 4415 Domini
1667 4378 1702 4413 oc
1739 4363 1856 4430 insuper

164 4447 317 4499 admodum
335 4445 449 4516 (iuquit)
474 4463 536 4499 cum
555 4447 669 4500 Bileom
695 4448 912 4502 caecarentur
934 4450 995 4503 dio·
1021 4451 1213 4520 pythonissam
1230 4449 1416 4516 cmuulrserot,
1440 4465 1465 4499 v.
1489 4453 1528 4502 1⁴.
1553 4464 1603 4500 nec
1631 4447 1856 4514 interropaeerot

164 4532 272 4596 bolum,
302 4533 381 4584 Deua
401 4548 462 4585 sese
483 4533 667 4601 interposuit,
695 4535 737 4585 ita
755 4551 816 4586 acm
835 4533 891 4586 ista
911 4552 996 4604 maoo
1023 4539 1180 4602 Dominum,
1195 4544 1315 4606 menter
1334 4536 1412 4603 quod
1427 4533 1570 4601 interfecit
1588 4549 1657 4586 eum.
1696 4536 1722 4589 5.
1741 4534 1788 4586 Ea
1804 4551 1855 4602 po

163 4620 317 4671 remearet
335 4617 440 4671 molum
456 4618 599 4687 spiritum,
625 4621 705 4672 Deus
729 4620 806 4673 misit
827 4620 996 4684 Samuelem,
1021 4631 1097 4676 tmen
1116 4623 1319 4685 testificatione.
1365 4619 1493 4676 Justinns
1519 4618 1578 4688 (vel
1602 4619 1760 4691 quicunque
1784 4621 1856 4674 alius

163 4712 189 4757 et
206 4704 258 4757 hoc
273 4711 359 4772 paeto
378 4722 434 4757 non
451 4706 648 4770 confirmamus
677 4711 753 4757 ortes
780 4707 922 4774 mopiam,
945 4707 997 4758 sed
1023 4713 1129 4773 auctor)
1147 4709 1176 4763 in
1192 4713 1300 4779 quaest.
1318 4715 1346 4762 et
1362 4722 1435 4776 resp.
1453 4706 1489 4760 ad
1506 4704 1614 4761 orthod.
1632 4724 1660 4777 q.
1679 4712 1721 4763 52.
1740 4724 1768 4777 p.
1790 4712 1855 4763 ³28:

163 4791 319 4844 evertimus.
358 4788 581 4860 Respondemus:
599 4790 674 4860 quod
697 4789 836 4845 Bileamus
853 4790 995 4846 diabolum
1023 4797 1125 4849 Omnia
1145 4806 1217 4864 quae
1243 4812 1262 4847 a
1282 4793 1459 4863 ventriloqua
1471 4794 1568 4861 sacta,
1593 4801 1657 4846 sunt
1681 4809 1770 4863 opero
1787 4793 1854 4845 dae·

162 4876 283 4932 excitus
303 4875 437 4944 voluerit,
456 4876 591 4930 incertum
608 4882 659 4941 est,
677 4892 729 4930 nec
747 4882 838 4947 potest
858 4895 891 4932 er
910 4877 995 4933 histo-
1021 4881 1125 4943 monie,
1157 4880 1208 4949 qui
1225 4881 1267 4933 sie
1284 4879 1452 4949 perstrinait
1475 4881 1661 4948 spectantium
1688 4879 1797 4940 oeulos,
1825 4886 1856 4930 ut

162 4961 205 5016 ria
229 4960 350 5031 probari.
395 4960 458 5015 Arti
490 4961 616 5032 magicae
644 4963 755 5018 omuino
778 4962 875 5017 inuret
900 4965 997 5019 addita
1020 4968 1075 5020 siti
1101 4968 1263 5021 videremur
1298 4966 1455 5020 Samuelem
1480 4967 1592 5029 uidae,
1620 4965 1670 5033 qui
1700 4982 1755 5018 uon
1784 4971 1854 5019 erat

163 5048 322 5111 auctoritas,
341 5048 465 5104 citerus
485 5047 595 5102 Samuel
615 5049 770 5118 prodiisset,
790 5051 842 5105 etsi
862 5052 935 5105 enim
954 5052 994 5106 di·
1028 5055 1178 5108 Verborum
1197 5053 1309 5121 quidem
1334 5053 1439 5106 ceritas
1467 5071 1486 5104 o
1504 5055 1568 5106 Deo
1584 5052 1717 5120 profecto
1735 5058 1788 5119 est,
1807 5051 1857 5119 qui

162 5143 257 5198 catur,
278 5133 433 5190 Samuelem
455 5133 623 5189 carminibus
644 5151 699 5189 nou
717 5136 936 5207 obtemperasse,
957 5138 994 5192 vi·
1023 5141 1154 5195 damnaui
1173 5141 1254 5193 dedit
1275 5140 1305 5192 in
1320 5141 1415 5208 doura
1437 5138 1577 5192 Samuelis
1596 5152 1737 5205 apparere
1752 5136 1854 5190 uentri·

163 5220 221 5275 deri
240 5229 333 5276 tamen
351 5220 443 5290 potuit
461 5219 672 5289 obtemperasse.
717 5226 744 5275 3.
765 5225 811 5277 Ea
828 5227 995 5295 apparentis
1021 5228 1123 5296 lopuae
1141 5234 1168 5279 et
1186 5242 1245 5278 rem
1265 5228 1397 5294 suturam
1423 5227 1621 5279 demersae-arr.
1665 5222 1855 5277 Tertullianus

25 5307 88 5349 illl·
104 5306 145 5348 ¹⁹⁷·
161 5307 246 5373 huius
266 5309 375 5376 epectri
396 5306 527 5360 mendaci
544 5307 785 5364 sermocinatione.
826 5309 995 5365 Personatus
1022 5311 1067 5366 lib.
1094 5311 1128 5366 de
1155 5309 1249 5364 anima
1272 5328 1296 5365 c.
1318 5317 1359 5366 5¹1.
1388 5329 1414 5380 p.
1436 5316 1500 5366 295:
1532 5311 1606 5362 Ecce
1624 5310 1708 5362 hodie
1731 5308 1855 5363 Simonis

162 5392 209 5447 ille
229 5394 342 5448 Samuel
363 5391 456 5461 palam
474 5390 613 5445 mentitur.
649 5391 741 5453 Quare
760 5395 923 5462 inquietasti
934 5399 995 5450 mel
1021 5397 1177 5450 hamaticae
1197 5403 1278 5450 tanta
1292 5398 1469 5466 praesumtio
1488 5396 1561 5448 artis
1580 5395 1703 5459 extollit,
1722 5402 1752 5447 ut
1770 5395 1854 5449 etiarn

163 5479 253 5549 inquit
271 5497 297 5533 v.
320 5484 360 5534 15.
380 5477 410 5529 in
426 5475 514 5533 Hebr.
537 5484 578 5531 est
596 5476 651 5548 12]
668 5481 826 5548 commouit,
847 5484 995 5551 trepidare
1020 5483 1224 5553 prophetorum
1249 5484 1361 5536 animas
1388 5483 1423 5534 ab
1449 5481 1554 5544 inferis
1580 5497 1688 5533 monem
1713 5499 1743 5534 se
1771 5498 1850 5550 spon

160 5564 239 5632 feeit,
258 5563 333 5635 quod
345 5569 404 5616 tam
422 5560 458 5616 de
475 5577 598 5635 corpore,
615 5577 699 5633 quem
716 5563 752 5620 de
770 5564 864 5621 mima
880 5584 995 5638 usurpa·
1022 5571 1116 5624 Mani.
1149 5569 1189 5622 Et
1206 5570 1302 5638 medo,
1317 5568 1387 5638 onie
1405 5567 1550 5622 mordacia
1568 5574 1696 5636 possunt,
1713 5584 1764 5621 neo
1782 5567 1856 5622 enim
