4104 6014
334 344 351 399 2
919 338 1038 395 [ocus
1058 336 1261 394 vicesimus
1280 338 1426 396 SEXTUS

205 502 295 544 nostrl·
369 498 391 547 2.
427 494 467 551 Ut
485 511 550 564 ergo
568 504 596 549 et
620 513 670 549 uos
691 495 783 565 typice
800 494 864 548 huic
883 498 1032 563 praecepto
1056 509 1159 547 morem
1183 493 1273 559 fecit,
1307 494 1364 547 strae
1382 494 1482 547 bonum
1500 494 1557 547 sice
1574 493 1719 547 00010102.
1739 493 1799 549 Cor.
1831 499 1859 558 5,
1890 509 1915 547 r.
1938 496 1976 547 10.
1996 489 2020 543 is

204 554 305 647 ’,ζζρῗῖμ
333 596 473 649 geramus,
498 580 630 650 expositis
648 581 803 651 praecipuis
821 579 994 634 Christianae
1014 577 1079 633 fidei
1099 579 1163 632 arti·
1190 578 1275 633 divini
1305 579 1426 634 numinis
1457 586 1485 635 et
1511 580 1610 651 judicii
1639 585 1715 633 metu
1743 579 1825 633 facile
1854 576 2020 648 percellitur.

207 660 319 749 ihesu
334 665 402 718 culis
422 664 571 719 novissimo
593 667 652 721 loco
671 667 824 721 doctrinam
846 668 881 719 de
895 665 1051 719 saiwaima
1071 664 1163 718 divino
1191 662 1244 725 Qui
1267 665 1373 736 cogitat
1397 667 1455 719 tria
1478 668 1596 731 sutura:
1627 674 1756 730 mortem,
1786 682 1843 733 qna
1867 664 1939 717 nihil
1957 664 2020 715 bor·

206 762 268 801 ιιαιι.
334 750 397 806 freti
415 752 524 813 auxilio,
545 753 604 821 pari
623 751 670 807 filo
689 770 723 806 ac
736 752 808 823 stylo
828 751 1066 823 pertractabimus,
1083 753 1163 821 cujus
1189 750 1318 813 01011100,
1341 752 1499 820 justicium,
1533 770 1587 822 quo
1607 752 1678 805 nibil
1703 751 1859 804 terribilius
1865 771 1876 814 ,·
1902 766 2021 819 poenam

334 837 478 891 doctrinae
507 839 696 892 necessitatem
727 844 810 909 atque
845 838 996 891 ritriitatem
1033 837 1163 892 brevibus
1191 836 1308 905 inferni,
1330 856 1387 906 qua
1407 839 1480 891 nibil
1497 838 1712 906 intolerabilius,
1732 837 1755 890 is
1777 836 1805 890 in
1818 854 1883 891 vero
1901 853 1934 889 ac
1952 834 2022 889 serio

332 923 453 994 quidem,
473 924 521 978 sed
540 923 701 994 emphaticis
721 923 813 979 verbis
830 924 968 978 Siracides
989 941 1012 978 c.
1033 931 1055 991 t,
1075 942 1100 978 v.
1120 930 1161 979 40.
1189 921 1243 975 Dei
1264 921 1362 977 timore
1386 921 1435 978 τὸν
1458 927 1504 990 τῆς
1530 930 1674 994 παροικίας
1695 922 1800 995 χρόνον
1825 923 1960 976 incolatus
1979 920 2021 973 sui

333 1009 411 1063 nobis
442 1011 635 1065 commendat:
669 1011 704 1065 ln
742 1013 866 1064 omnibus
901 1011 1072 1064 sermonibus
1107 1011 1162 1063 tuis
1188 1015 1304 1077 tempus,
1330 1010 1465 1079 transiget
1486 1017 1507 1066 1.
1525 1009 1598 1065 Petr.
1628 1017 1656 1078 1,
1681 1030 1707 1066 v.
1729 1017 1767 1066 11.
1798 1014 1823 1066 4.
1842 1011 1957 1063 Peccati
1967 1011 2020 1077 fa·

333 1112 485 1149 mernorare
507 1097 657 1150 noor’ssime
677 1104 733 1161 tua,
759 1105 784 1149 et
810 1097 839 1148 in
862 1104 1004 1149 aeternum
1027 1114 1082 1148 ιιοπ
1097 1113 1162 1165 pec·
1187 1095 1310 1149 sta'siium.
1351 1096 1450 1150 Petrus
1479 1113 1542 1150 cum
1569 1097 1683 1153 dixisset
1714 1105 1735 1153 1.
1765 1097 1844 1166 epist.
1875 1101 1906 1157 4,
1933 1113 1958 1148 v.
1987 1101 2020 1150 l:

331 1181 416 1235 cabis.
472 1184 631 1236 Necessitas
669 1183 759 1237 elucet
791 1187 812 1235 l.
843 1198 876 1235 ex
909 1182 1000 1234 (ticini
1033 1182 1164 1234 mandati
1191 1179 1318 1233 Omnium
1338 1183 1403 1243 riuis
1424 1183 1648 1251 appropinquat,
1673 1183 1766 1237 statim
1785 1182 1943 1251 subjungit,
1970 1194 2021 1231 σαι-

333 1270 514 1335 auctoritate,
539 1268 584 1320 cui
608 1266 791 1338 obsequentes
819 1285 869 1321 nos
888 1268 1021 1338 praebere
1051 1266 1161 1321 omnino
1188 1263 1347 1337 φρονήσατε
1369 1264 1420 1322 οὖν
1444 1273 1489 1321 καὶ
1508 1266 1612 1337 νήψατε
1635 1273 1672 1330 εἰς
1690 1269 1738 1328 τὰς
1757 1263 1929 1339 προσευχάς,
1955 1281 2018 1319 con-

332 1355 472 1408 convenit:
488 1356 828 1421 lisntorarerrooissima,·
847 1358 874 1409 2.
887 1372 919 1407 ea
936 1355 1065 1407 10000011
1082 1354 1162 1406 illias
1189 1352 1340 1408 siderantes
1363 1352 1469 1408 scilicet
1487 1354 1516 1407 in
1534 1354 1690 1425 propinquo
1708 1371 1768 1409 essa
1786 1354 1908 1409 omnium
1930 1368 2021 1405 rerum

328 1444 525 1510 perpetuitate.
570 1443 607 1495 In
633 1443 759 1497 orrsnibss
781 1442 953 1497 sermonibus
969 1443 1039 1503 tuis,
1069 1440 1114 1497 vsl
1132 1447 1164 1494 ut
1190 1437 1273 1495 finem
1311 1445 1341 1494 st
1371 1439 1509 1510 judicium
1548 1449 1707 1497 orhemum.
1768 1440 1878 1510 Specul.
1916 1446 2021 1507 peccat.

332 1526 416 1580 habet
447 1528 560 1597 vulgatu
590 1527 679 1581 versio
721 1528 752 1581 in
782 1528 907 1583 omnibus
946 1526 1075 1596 epatius
1107 1527 1163 1581 luis
1189 1540 1212 1579 c.
1233 1530 1256 1579 5.
1284 1525 1359 1581 circs
1377 1524 1440 1580 fin:
1477 1527 1569 1581 Nulla
1593 1528 1665 1581 artis
1687 1528 1842 1592 medicina,
1872 1525 1953 1578 stella
1973 1528 2022 1577 rio·

333 1629 486 1665 intemerare
511 1613 659 1665 siccissima
687 1621 750 1680 tua,
776 1614 843 1684 quia
864 1613 1024 1669 Hebraeum
1049 1614 1112 1685 ἿᾉἾ,
1136 1618 1164 1665 et
1191 1613 1283 1664 ctrina
1301 1613 1342 1664 cie
1359 1621 1476 1680 serperet
1496 1614 1676 1682 usperbrbm,
1699 1614 1740 1667 sic
1765 1613 1850 1666 vincit
1873 1611 2020 1677 malitiam,

333 1697 421 1751 eidem
447 1698 616 1768 respondens
644 1697 782 1755 Graecum
814 1699 893 1769 lippe
922 1700 1087 1770 quandoque
1113 1714 1163 1767 pro
1190 1714 1239 1749 nec
1263 1698 1304 1750 sic
1328 1699 1475 1765 000110ραί1
1491 1699 1650 1763 libidinem,
1678 1716 1729 1754 nec
1753 1702 1794 1753 sic
1813 1698 1912 1753 mundi
1930 1697 2021 1750 crient

333 1784 443 1855 negotio
466 1791 494 1837 et
513 1783 1003 1861 opersacnpiu133.essjasusm
1021 1786 1163 1839 anisma-
1190 1784 1357 1850 scurnum,
1388 1786 1459 1839 sicrrt
1488 1787 1587 1839 nsortr's
1611 1795 1636 1841 st
1653 1787 1762 1857 judicii
1785 1785 1947 1841 recordatio
1970 1788 2021 1836 etc.

333 1870 423 1926 litate.
451 1871 496 1925 Ad
510 1870 860 1926 omnesomninohomlnes
873 1871 987 1925 dicitur:
1002 1870 1164 1924 Memorare
1191 1867 1323 1923 Memoria
1346 1869 1427 1941 ignis,
1453 1886 1507 1940 quo
1525 1869 1553 1924 in
1572 1870 1616 1926 die
1638 1873 1786 1927 novissimo
1812 1877 1885 1926 totus
1903 1869 2022 1923 mundns

333 1957 485 2010 πονίοοίπια
517 1965 575 2014 tue.
624 1956 715 2021 Quare
743 1965 775 2011 ut
809 1957 976 2028 reliquorum
998 1957 1062 2012 fidei
1087 1956 1163 2012 Chri·
1190 1954 1388 2026 conflagrabit,
1419 1964 1448 2010 et
1478 1957 1632 2012 recordatio
1665 1959 1737 2031 ignis
1771 1956 1913 2013 infernalis
1942 1954 2022 2008 facile

334 2043 442 2099 stianae
462 2043 649 2107 articulorum,
670 2043 708 2097 ita
728 2061 838 2114 quoque
852 2043 934 2113 hujus
950 2044 1036 2113 ipsius
1056 2043 1164 2098 articuli
1191 2041 1346 2112 comprimit
1365 2059 1468 2110 pravae
1487 2043 1729 2113 concupiscentiae
1746 2043 1878 2098 flammas.
1904 2046 1930 2096 5.
1952 2041 2021 2095 San·

334 2128 454 2201 cognitio
479 2146 512 2183 ac
539 2130 667 2184 tractatio
686 2137 728 2185 est
747 2130 856 2183 omnino
883 2131 911 2182 in
937 2130 1053 2184 ecclesia
1072 2147 1163 2184 neees-
1191 2136 1251 2180 ctae
1272 2129 1345 2181 uitae
1370 2130 1502 2182 studium.
1547 2129 1601 2194 Qui
1630 2132 1724 2184 omnia
1747 2147 1847 2202 opera,
1865 2130 1922 2181 sice
1942 2128 2023 2193 bona,

334 2215 415 2279 saria,
434 2233 496 2269 cum
516 2215 589 2269 enim
603 2215 721 2287 quidam
740 2214 998 2270 Thessalonicenses
1017 2215 1163 2270 articulum
1190 2214 1248 2267 rice
1280 2215 1370 2276 araia,
1406 2215 1437 2268 in
1463 2215 1607 2283 judicium
1638 2218 1810 2270 adducenda
1839 2214 1944 2269 Euclea.
1982 2219 2022 2281 12,

334 2301 369 2356 de
400 2301 598 2355 resurrectione
631 2306 800 2357 mortuorum
826 2306 854 2356 et
882 2302 978 2355 ultimo
997 2301 1099 2355 Christi
1127 2301 1163 2356 ad
1192 2317 1217 2355 v.
1243 2306 1331 2355 14.οα
1358 2301 1524 2354 abscondita
1542 2301 1638 2355 cordr's
1659 2301 1780 2355 consilia
1801 2302 1831 2353 in
1852 2317 1883 2354 eo
1903 2300 2021 2365 manife-

330 2388 467 2460 judicium
494 2388 616 2442 adventu
642 2388 732 2441 minus
759 2394 833 2441 recte
866 2386 1068 2457 intelligerent,
1099 2403 1164 2458 apo·
1190 2388 1296 2438 stando
1316 2391 1337 2441 l.
1355 2384 1419 2442 Cor.
1437 2392 1470 2449 4,
1496 2404 1521 2439 v.
1541 2393 1564 2441 5.
1584 2386 1705 2458 cogitat,
1735 2386 1891 2443 issanctae
1910 2401 2021 2440 conver·

333 2475 420 2531 stolus
438 2491 470 2529 eo
488 2473 596 2529 nomine
608 2473 675 2544 ipsis
687 2473 785 2527 tribuit
804 2473 976 2549 ὑστερήματα
989 2474 1035 2541 τῆς
1048 2480 1164 2534 πίστεως
1191 2471 1290 2526 sationi
1326 2476 1415 2531 totum
1452 2488 1511 2527 sese
1549 2476 1701 2528 consecrat.
1751 2472 1903 2538 Adveniet,
1932 2470 2024 2543 inquit

336 2566 359 2619 1.
386 2558 468 2617 Thes.
496 2566 526 2628 3,
557 2578 582 2613 v.
618 2565 656 2614 10.
686 2576 737 2614 nec
767 2558 866 2614 desunt
896 2559 1039 2631 quibusvis
1068 2560 1165 2614 mundi
1191 2557 1290 2613 Petras
1308 2563 1333 2615 2.
1353 2559 1432 2628 epist.
1452 2564 1481 2627 3,
1503 2577 1528 2611 v.
1552 2565 1591 2615 10.
1612 2560 1673 2612 dies
1691 2559 1811 2612 Domini
1827 2560 2021 2627 01001110,ιά

333 2646 519 2719 temporibus,
546 2644 708 2716 praesertim
739 2647 881 2713 extremis,
918 2647 1079 2720 ἰμπαῖκται,
1117 2646 1163 2717 qui
1191 2662 1245 2713 quo
1262 2645 1336 2698 coeli
1350 2662 1452 2713 mapno
1471 2646 1577 2715 impetu
1602 2646 1776 2715 transibunt,
1798 2645 1935 2699 elementa
1956 2660 2022 2697 vero

334 2732 445 2788 oracula
457 2732 576 2803 Spiritus
591 2733 679 2786 sancti
700 2731 735 2785 de
748 2730 803 2784 illis
824 2730 978 2786 novissimis
994 2732 1039 2786 vel
1051 2738 1163 2803 negant,
1190 2731 1285 2785 calore
1308 2732 1464 2797 salsentur,
1499 2750 1533 2797 qe
1562 2741 1655 2797 terra,
1688 2739 1713 2786 et
1736 2749 1808 2801 quac
1832 2732 1861 2785 ia
1883 2748 1917 2785 ea
1933 2748 2020 2800 opera

268 2853 273 2865 ·
334 2820 378 2875 vel
405 2820 434 2873 iu
457 2816 571 2873 dubium
596 2822 696 2872 vocant
720 2824 743 2875 2.
772 2816 846 2871 Petr.
874 2823 903 2882 3,
932 2836 956 2873 v.
971 2824 995 2874 3.
1013 2823 1098 2889 atque
1112 2818 1164 2873 hac
1190 2825 1263 2885 sunt,
1294 2825 1449 2871 orarentur.
1486 2835 1512 2871 v.
1547 2825 1584 2874 11.
1621 2819 1689 2872 Clam
1724 2818 1812 2888 iqitur
1835 2818 1902 2872 haec
1927 2818 2020 2871 omnia

335 2905 440 2960 ratione
464 2905 555 2975 ipsum
582 2904 722 2976 religionis
746 2903 918 2960 Christianae
946 2911 973 2959 et
996 2906 1080 2959 totius
1100 2904 1165 2959 fidei
1191 2903 1372 2958 dissoluenda
1406 2904 1477 2970 sint,
1513 2904 1611 2972 quales
1648 2905 1785 2976 oportebit
1821 2922 1872 2958 nos
1905 2919 1962 2957 esse
1992 2903 2022 2954 in

334 2999 444 3047 nostrae
463 2991 673 3045 fundamentum
691 2990 825 3045 audacter
837 2990 1009 3061 impugnant,
1029 3006 1046 3043 a
1065 2990 1165 3060 quibus
1190 2990 1296 3043 sanctis
1319 2989 1573 3043 conversationibus
1598 2998 1623 3043 et
1644 2991 1806 3060 pietatibus.
1847 2992 1872 3044 6.
1894 2990 2022 3045 Omnium

335 3094 400 3132 vera
426 3068 543 3134 eeclesia
564 3094 620 3130 non
649 3076 738 3130 solum
763 3076 877 3147 publica
902 3076 1086 3143 consessione,
1115 3077 1164 3131 scd
1192 3092 1391 3131 aerumnarum
1409 3077 1572 3131 remedium.
1611 3074 1680 3131 Dies
1691 3083 1828 3135 extrenum
1843 3076 1894 3133 erit
1913 3084 2022 3146 tempus

335 3164 418 3219 etiam
437 3169 565 3217 accurata
584 3160 772 3218 confutatione
791 3179 851 3218 sese
869 3163 953 3218 debet
970 3163 1123 3233 sejungere.
1191 3171 1302 3218 nostrm
1323 3160 1538 3234 ἀπολυτρώσεως
1555 3161 1649 3217 Lucas
1668 3168 1714 3233 21,
1745 3182 1769 3219 v.
1791 3169 1831 3219 20.
1858 3163 1910 3218 crit
1929 3164 2023 3234 καιρὸς

297 3293 305 3302 .
372 3256 396 3307 3.
435 3251 549 3304 Utilitas
567 3248 650 3320 hujus
671 3248 813 3305 doctrinae
830 3249 859 3303 in
877 3248 1056 3322 sequentibus
1076 3248 1166 3304 verbis
1190 3248 1354 3317 ἀναψύξεως
1366 3250 1459 3305 Actor.
1477 3256 1502 3313 3,
1521 3269 1547 3304 v.
1561 3255 1601 3306 20.
1615 3267 1648 3305 ac
1661 3250 1764 3322 χρόνος
1777 3247 2023 3310 ἀποκαταστάσεως

247 3354 251 3363 ·
336 3336 466 3392 Siracidis
487 3335 663 3406 proponitur,
695 3343 719 3388 et
742 3336 773 3387 in
795 3342 937 3389 oeternum
957 3353 1013 3390 non
1027 3335 1165 3408 peccabis.
1192 3335 1306 3391 πάντων
1324 3354 1349 3392 v.
1372 3342 1411 3392 21.
1435 3336 1530 3408 ecquis
1562 3336 1647 3409 igitur
1677 3337 1706 3391 in
1734 3337 1873 3393 aerumnis
1900 3336 2022 3390 animum

339 3424 437 3495 Neque
457 3422 529 3477 enim
543 3421 629 3475 ullum
648 3420 789 3476 efficacius
806 3423 861 3477 τῶν
878 3426 971 3477 κακῶν
991 3422 1081 3493 ἔργων
1101 3443 1165 3495 προ·
1191 3422 1363 3493 despondere
1382 3423 1456 3491 velit,
1475 3423 1536 3494 quis
1554 3439 1609 3477 non
1627 3422 1718 3493 potius
1747 3424 1838 3479 animo
1857 3422 2022 3492 aequissimo

336 3509 506 3581 quiescerit
530 3524 563 3562 ao
595 3512 650 3561 τῶν
665 3511 756 3561 καλῶν
775 3512 864 3581 ἔργων
882 3507 1063 3583 ὁρμητήριον,
1082 3524 1164 3577 quam
1191 3527 1223 3565 ao
1254 3509 1455 3579 patientissimo
1485 3509 1599 3579 quaevis
1626 3508 1743 3562 0010300
1767 3508 1914 3563 tolerabit?
1951 3508 2021 3560 Pas·

335 3596 542 3651 novissimorum
557 3600 712 3649 nostrorum
737 3595 784 3665 pia
802 3594 952 3663 meditatio,
972 3593 1076 3667 quippe
1095 3610 1165 3663 quae
1190 3597 1282 3650 sionea
1314 3596 1397 3664 bajus
1431 3596 1564 3668 temporis
1599 3612 1655 3648 ποπ
1691 3603 1755 3647 sunt
1791 3595 1945 3663 eondiqnee
1982 3598 2023 3647 ad

335 3682 472 3739 mentibus
490 3681 590 3737 nostris
608 3681 725 3737 instillat
756 3688 777 3736 1.
803 3690 976 3735 terrenorum
992 3687 1163 3735 contemtum.
1185 3686 1319 3753 futuram
1336 3683 1467 3752 pluriam,
1485 3697 1558 3751 quae
1577 3682 1607 3734 irs
1624 3698 1676 3735 nos
1700 3681 1871 3735 revelabitur·
1894 3681 1972 3736 Rom.
1997 3687 2021 3743 8,

336 3769 428 3824 Facile
451 3776 561 3823 terrena
583 3768 676 3824 omnia
700 3767 841 3839 repudiat,
873 3768 920 3837 qui
946 3784 975 3822 se
1001 3767 1163 3822 moriturum
1190 3787 1214 3825 v.
1237 3774 1276 3826 18.
1312 3772 1513 3824 Momentanea
1530 3770 1601 3823 enim
1616 3768 1715 3823 unitas
1729 3768 1897 3837 afflictionis
1911 3776 2024 3822 nostrae

335 3855 453 3927 cogitat;
485 3854 567 3910 facilc
584 3872 632 3909 cor
652 3872 731 3909 suum
762 3853 797 3908 ab
825 3853 951 3909 omnihus
969 3852 1084 3908 terrenis
1102 3852 1163 3909 abs·
1192 3856 1358 3911 eccellenter
1392 3856 1549 3910 excellentis
1587 3854 1698 3925 pieriae
1728 3856 1843 3926 pondus
1879 3862 2021 3909 aeternum

335 3940 433 4011 trahit,
465 3942 512 4013 qui
537 3940 568 3996 τὸ
595 3942 688 4015 σχῆμα
713 3942 762 3993 τοῦ
781 3938 888 4013 κόσμου
909 3938 1006 3995 τούτου
1031 3939 1165 4017 παράγειν
1191 3943 1302 4004 conticit
1332 3942 1425 4008 nebu,
1456 3944 1524 3995 dum
1546 3959 1601 3995 nen
1627 3949 1783 4011 spectamus
1806 3958 1847 4009 ea,
1866 3958 1937 4013 quae
1963 3958 2022 3996 cer·

337 4035 358 4084 l.
379 4029 442 4085 Cor.
461 4035 491 4097 7,
518 4046 544 4085 v.
563 4033 604 4082 31.
628 4026 675 4098 pio
703 4031 732 4082 et
755 4025 865 4081 assiduo
890 4026 982 4080 studio
1005 4026 1164 4097 perpendit;
1190 4036 1306 4095 nentur,
1320 4030 1372 4081 sed
1389 4046 1438 4096 αα,
1462 4044 1533 4096 quae
1551 4044 1606 4080 non
1625 4036 1777 4081 cernuntur
1794 4045 1858 4080 παιπ
1876 4044 1948 4096 quae
1967 4045 2024 4082 cer·

334 4120 361 4170 2.
380 4114 539 4167 coelestium
560 4114 691 4167 bonorrrm
710 4113 888 4168 cleriricrium.
925 4112 979 4176 Qui
1004 4129 1067 4168 vere
1084 4121 1112 4168 et
1131 4130 1163 4168 er
1190 4122 1304 4177 nuntur,
1317 4114 1487 4184 temporalia
1501 4121 1574 4183 sunt,
1586 4131 1657 4183 qaae
1670 4132 1725 4168 non
1736 4122 1895 4184 cernuntur,
1907 4121 2024 4169 ueterem

334 4206 391 4255 toto
417 4200 500 4254 corde
525 4199 625 4267 credit,
654 4200 796 4252 terrestris
822 4200 906 4268 buius
934 4201 1033 4253 eternus
1051 4207 1164 4255 nostrae
1191 4207 1214 4259 2.
1240 4197 1301 4254 (lor.
1329 4205 1360 4268 4,
1388 4217 1414 4253 v.
1446 4205 1483 4254 tt.
1511 4206 1538 4254 ot
1568 4206 1606 4255 18.
1653 4198 1795 4264 Quaenam
1827 4198 1965 4255 sificsclor
1993 4200 2023 4254 ln

332 4286 514 4340 tabernaculo
534 4284 670 4339 insoluto
696 4302 746 4337 nos
765 4286 925 4349 aedificium
947 4303 979 4339 en
1003 4288 1063 4339 Deo
1086 4286 1163 4339 habi·
1190 4285 1318 4341 omnibus
1338 4285 1460 4340 adversis
1481 4287 1631 4341 consolatio
1650 4286 1678 4340 in
1698 4286 1777 4341 nobis
1798 4287 1914 4357 proponi
1931 4293 2024 4356 possm

333 4382 424 4442 turos,
445 4372 618 4425 consisilium
647 4370 755 4424 scilicet
772 4389 827 4427 non
859 4390 943 4426 ποσαα
958 4374 1082 4441 fectum,
1113 4373 1165 4425 sed
1189 4390 1272 4446 quam
1289 4374 1501 4442 praesuasionis
1519 4373 1767 4440 inresurrectione,
1783 4378 1903 4429 extremo
1915 4372 2022 4444 judicio

334 4469 477 4513 aeterraum
495 4458 525 4510 iu
544 4458 637 4526 ecclia,
658 4458 683 4509 is
703 4458 732 4510 ιἰι
750 4459 801 4512 bac
821 4460 977 4528 inqemiscit
990 4459 1163 4513 donticilium
1189 4459 1308 4514 atritas
1328 4464 1457 4513 aeternae
1473 4458 1652 4527 promissione
1670 4458 1750 4513 nobis
1766 4460 1905 4530 reposita?
1935 4458 2020 4514 Plura

333 4554 473 4613 nostrum,
502 4546 577 4614 quod
596 4560 611 4596 e
630 4544 707 4597 coelo
726 4553 781 4609 est,
808 4546 976 4614 uperindui
999 4547 1164 4599 desiderans
1189 4545 1224 4599 de
1238 4544 1357 4599 utilitate
1371 4543 1453 4615 huJus
1468 4543 1610 4598 doctrinae
1624 4544 1676 4598 sub
1690 4543 1772 4600 finem
1784 4546 1919 4616 cujusque
1930 4545 2020 4600 novis·

335 4640 358 4688 2.
379 4632 441 4687 Cor.
461 4639 491 4700 5,
516 4650 541 4687 v.
563 4637 583 4687 1.
604 4638 632 4686 et
649 4635 672 4684 2.
693 4631 742 4700 qui
763 4634 977 4696 0001100,οαιο
993 4635 1103 4686 aduena
1124 4640 1164 4685 est
1189 4630 1251 4685 simi
1271 4630 1448 4693 adducemus,
1467 4629 1515 4683 ubi
1533 4630 1617 4684 latius
1629 4630 1868 4693 demonstrabitur,
1883 4631 2050 4702 quomodox

334 4721 511 4791 incorpore,
543 4736 562 4771 a
582 4717 705 4771 Domino
727 4736 846 4789 poreq-re
867 4720 971 4787 abesse,
991 4719 1163 4793 iriqpoirru
1188 4735 1243 4772 non
1260 4718 1349 4771 solum
1363 4714 1431 4785 nqis
1448 4716 1631 4770 000σο011ον
1644 4723 1688 4770 καὶ
1708 4717 1777 4789 πρὸς
1791 4718 1904 4788 ἔλεγχον
1917 4725 2019 4790 θεωρη-

333 4807 365 4859 ἐν
381 4810 419 4874 rqi
440 4804 547 4872 aripert
566 4805 716 4876 ἐκδημῆσαι
738 4804 795 4857 ἀπὸ
815 4806 864 4859 τσῦ
883 4812 995 4879 κυρίου,
1019 4806 1044 4858 ia
1062 4807 1164 4874 probat
1190 4805 1278 4872 τικῶς,
1308 4804 1358 4857 sed
1389 4802 1472 4857 etium
1500 4802 1568 4874 πρὸς
1593 4802 1801 4875 ἷπανόρθωσιν,
1821 4808 1952 4861 norietur
1974 4811 2020 4859 aul

334 4911 369 4947 ac
399 4893 542 4946 desiderat
566 4893 665 4959 potius
688 4908 808 4962 percpre
837 4892 932 4945 abesse
956 4908 970 4944 e
997 4910 1113 4963 corpere
1139 4900 1165 4946 et
1191 4890 1364 4962 παράκλησιν
1382 4891 1535 4963 πρακτικῶς
1564 4890 1661 4945 eadem
1689 4892 1836 4945 maximum
1864 4893 1971 4962 pondus
1988 4908 2021 4946 ac

334 4980 457 5035 incolere
473 4980 553 5047 apud
571 4979 733 5044 Dominum,
752 4978 903 5047 ἰκοριιρσαι
924 4977 954 5032 ἐκ
970 4979 1020 5031 τοῦ
1040 4978 1166 5051 σώματος
1190 4983 1356 5033 momentum
1385 4990 1451 5032 rere
1465 4977 1519 5047 piis
1538 4977 1653 5032 adferat

327 5072 381 5122 ,sal
413 5067 564 5140 ἐιοημῆσαι
599 5065 667 5136 πρὸς
691 5064 740 5118 τὸν
764 5063 861 5135 κύριον
886 5080 912 5120 v
940 5069 962 5119 6
990 5072 1017 5118 01
1041 5065 1164 5128 8.(101
1225 5070 1248 5119 4
1285 5064 1328 5118 Ex
1356 5064 1520 5120 necessitate
1550 5070 1578 5118 et
1608 5063 1727 5118 utilitate
1757 5062 1840 5135 hujus
1870 5063 2051 5165 doctrinae,p.

335 5153 450 5207 firmiter
466 5170 612 5223 persuasus
639 5157 680 5204 cst
701 5166 731 5204 se
749 5168 803 5203 ιιστι
827 5150 1045 5204 haberemini·
1063 5153 1165 5205 mundo
1191 5150 1316 5221 ejusdem
1336 5150 1462 5218 dipnrtas
1480 5150 1664 5221 consequitur,
1684 5167 1756 5220 quas
1774 5151 1819 5206 vel
1839 5168 1871 5206 cx
1886 5168 1918 5207 ao
1935 5134 2038 5208 etlam

335 5242 472 5295 civitatem
492 5248 659 5305 πιαποιιεαιπ,
689 5237 712 5290 is
724 5240 858 5306 suturam
883 5237 1000 5305 inquirit
1018 5235 1103 5295 Hebr.
1125 5243 1165 5303 13,
1190 5237 1297 5292 elucere
1320 5243 1426 5308 potest,
1459 5239 1533 5308 quod
1558 5254 1605 5309 ea,
1636 5253 1707 5308 quae
1734 5238 1763 5292 in
1782 5238 1833 5292 hoc
1851 5239 1966 5294 articulo
1985 5256 2018 5293 ex

281 5394 286 5404 Ι
336 5347 359 5384 v.
381 5333 420 5383 14.
448 5328 586 5383 001οι·πο
609 5324 731 5378 nsrrrsinis
750 5330 857 5376 metum.
905 5321 960 5386 Qui
978 5323 1101 5391 quotidie
1120 5340 1164 5378 er·
1190 5323 1274 5380 verbo
1300 5324 1441 5395 patefacto
1465 5331 1671 5396 proponuntur,
1705 5330 1770 5379 sunt
1798 5342 1864 5396 pars
1895 5326 2018 5396 mysterii

335 5415 431 5485 pendit
457 5413 525 5468 illud
552 5411 746 5483 apostolicum,
786 5426 881 5463 omnes
910 5426 960 5463 nos
984 5411 1166 5475 manifestari
1189 5410 1315 5466 coelestis
1342 5410 1378 5466 ah
1409 5411 1483 5467 omni
1508 5410 1629 5465 humans
1656 5412 1762 5466 rohons
1794 5411 1949 5467 absconditi
1986 5428 2019 5466 ac

335 5509 442 5570 oportet
459 5508 522 5551 ‹rnte
536 5497 660 5551 tribunal
673 5495 787 5563 Christi,
801 5504 830 5548 ut
847 5497 957 5558 referet
968 5497 1164 5567 unrrsquisque,
1188 5498 1341 5568 sapientiae
1359 5496 1443 5552 solius
1462 5498 1596 5553 ecclesiae
1607 5498 1743 5568 propriae.
1780 5498 2019 5564 Quemadmodum

334 5605 406 5657 quac
430 5588 460 5639 in
486 5602 602 5654 corpore
621 5585 730 5652 fecerit,
754 5592 936 5651 conprrrenter
953 5585 994 5635 ari
1024 5584 1064 5651 id,
1088 5585 1164 5653 quod
1189 5584 1262 5640 anim
1295 5592 1391 5639 exacta
1416 5585 1571 5640 futurorum
1599 5583 1721 5655 cognitio
1748 5591 1790 5640 cst
1812 5584 1884 5640 actio
1909 5584 2019 5643 diviuae
