4104 6014
243 195 305 253 tte
868 186 1100 247 reaccende
1121 187 1321 249 SECUNDUS

243 347 349 406 menta,
367 358 441 414 quse
459 345 688 400 resurrectionem
708 345 886 415 impugnant,
905 363 987 417 quem
1007 359 1078 417 quae
1108 358 1163 397 nou
1173 343 1255 399 subdi
1273 345 1414 415 potentias
1431 347 1560 403 nauusii.
1602 345 1632 402 et
1651 346 1689 402 ad
1706 346 1831 402 divinam
1847 352 1948 419 poten·

244 427 360 483 eandem
378 429 548 484 confirmant
588 431 671 492 Quod
688 430 774 483 semel
790 432 913 497 interiit,
937 432 1012 485 idem
1029 448 1079 483 aa·
1107 426 1174 482 tiam
1192 445 1333 485 recurrere
1350 431 1474 499 velimus,
1491 432 1678 503 respondebit,
1696 432 1948 487 contradictionem

245 529 474 583 reseruannqsam
486 517 593 582 redire,
610 524 726 571 naturae
740 523 782 571 est
793 516 944 582 decretum,
964 517 1039 571 ὅσων
1055 515 1080 568 δ’
1108 512 1260 582 involvere,
1285 516 1358 584 quod
1378 515 1450 571 idem
1470 534 1583 573 numero
1602 535 1702 588 corpus
1721 523 1786 587 post
1802 522 1948 588 anteme-

243 598 326 653 οὐσία
345 602 468 674 φθαρτή,
489 599 598 673 ἀνάγκη
618 605 656 670 τῷ
675 603 751 671 sides,
771 602 886 676 ἀριθμῷ
905 603 937 656 di
956 601 995 676 μὴ
1013 600 1167 677 incusam
1198 599 1407 656 distructionem
1433 602 1462 656 in
1491 602 1691 657 resurrectione
1717 602 1755 656 sit
1780 603 1947 669 rediturum,

243 682 396 756 ripensem,
426 687 466 741 ait
490 704 609 759 mugnus
635 686 682 743 ille
707 689 735 742 in
765 688 941 760 philosophia
961 688 1082 743 dictator
1104 681 1164 749 jam
1188 698 1263 752 vero,
1288 701 1360 755 quae
1382 687 1628 744 contradictionem
1647 688 1806 751 includunt,
1834 704 1869 742 ea
1889 703 1949 740 non

243 771 407 827 Aristoteles
441 774 488 831 lib,
520 779 545 829 2,
581 774 616 828 de
648 792 741 846 gener,
773 780 802 829 et
836 781 955 846 corrupt,
989 782 1009 830 t,
1042 780 1080 828 70.
1108 784 1169 823 esse
1188 768 1299 825 divinae
1317 772 1587 844 potentiaeobjecta
1622 774 1697 830 Sane
1716 773 1833 843 qnidam
1852 771 1947 827 eristi

244 875 362 926 quorum
402 860 596 929 corruptibilia
624 867 666 914 ert
697 861 868 930 minantia,
903 877 1012 915 meme
1042 868 1081 913 ent
1108 861 1197 920 ment,
1224 855 1259 910 ad
1283 857 1456 913 identitatem
1481 859 1603 929 partium
1629 859 1818 915 cedentiaiium
1844 858 1873 911 in
1903 874 1946 912 re·

242 946 344 1012 specie,
373 963 487 999 numero
510 954 603 1000 aurem
625 965 680 1000 ‚1072
703 949 815 1003 reversi,
851 946 933 1002 Ratio
957 954 1000 1003 est
1024 962 1080 1000 mr.
1107 940 1246 995 suscitatis
1258 942 1457 998 adstruendam
1468 953 1497 1000 et
1508 946 1754 1001 contradictionem
1763 952 1948 1016 apparentem

243 1029 358 1098 niimta,
385 1034 462 1100 pisca
485 1032 558 1085 enim
578 1034 663 1086 semel
690 1034 811 1096 termis,
836 1035 958 1097 formam
978 1027 1302 1101 amieieremovendam
1316 1029 1453 1099 sufficere,
1467 1032 1673 1103 quodmcterio
1687 1032 1842 1088 secundnm
1853 1030 1945 1085 Philo·

243 1134 306 1169 cum
330 1117 480 1186 compositi
503 1120 658 1173 destructio
675 1121 712 1172 sit
729 1121 841 1183 formae
859 1121 967 1189 prioris
987 1098 1225 1191 spart-isonium
1249 1132 1305 1168 uon
1330 1117 1368 1169 eit
1393 1117 1464 1185 quid
1482 1134 1569 1187 neque
1591 1119 1676 1187 monle
1693 1135 1783 1187 oeque
1802 1126 1948 1186 quamam,

243 1204 294 1257 sio.
331 1202 370 1257 At
397 1203 508 1274 quando
539 1221 654 1275 corpora
682 1212 775 1260 nostra
803 1211 968 1276 putrescunt
998 1213 1026 1261 et
1052 1197 1136 1257 inrid
1161 1205 1204 1252 eet
1228 1200 1303 1271 quod
1322 1201 1399 1256 nulia
1415 1218 1528 1272 prorsus
1545 1203 1693 1259 actualitas
1711 1204 1748 1258 ad
1767 1203 1946 1258 intrinsecam

243 1287 364 1341 cinerem
395 1288 574 1359 rediguntur,
616 1290 734 1359 pristina
761 1307 855 1344 eorum
884 1292 971 1346 torma
1000 1290 1080 1360 perit.
1105 1285 1168 1352 uiue
1191 1290 1318 1340 naturum
1340 1288 1490 1357 pertineat,
1520 1305 1555 1343 ex
1577 1308 1632 1361 qno
1655 1289 1729 1345 effici
1746 1295 1860 1361 putant,
1889 1305 1947 1343 non

244 1374 319 1445 Ergo
346 1391 402 1428 non
425 1380 518 1444 potest
543 1375 618 1430 idem
644 1393 760 1430 numero
785 1393 885 1447 coppm
914 1377 943 1432 in
961 1393 1081 1432 regum.
1108 1367 1161 1421 [tibi
1188 1385 1206 1423 8
1228 1371 1318 1426 formd
1338 1373 1412 1428 illiue
1436 1375 1481 1430 Vei
1504 1374 1691 1432 divdrdihaidm
1708 1375 1753 1431 Vdi
1770 1376 1946 1431 iddilhihfflffl

244 1461 335 1517 ctione
352 1461 469 1516 restitui.
507 1461 589 1525 Quod
607 1462 681 1515 enirn
700 1462 773 1517 idem
792 1454 1242 1531 numeroessedebet,÷utndnrn.
1270 1474 1304 1511 ue
1326 1458 1459 1528 proinde,
1484 1459 1717 1530 quemadmodum
1740 1461 1769 1515 in
1793 1461 1945 1516 nutritione

243 1546 318 1601 iilius
346 1547 463 1602 formam
493 1564 636 1618 nunquam
664 1554 774 1617 oportet
803 1565 862 1603 esse
889 1549 1080 1617 annihilatam,
1108 1548 1170 1610 punt
1187 1543 1392 1599 conversionem
1411 1545 1535 1600 alimenti
1554 1546 1628 1602 idem
1642 1563 1757 1602 numero
1775 1548 1945 1616 estanimal,

244 1633 351 1703 quiesi
370 1633 461 1688 denuo
480 1632 570 1688 forma
590 1634 761 1702 producetur
780 1633 815 1689 de
835 1651 921 1702 novo,
948 1641 1006 1690 tum
1025 1651 1081 1690 non
1109 1626 1182 1696 quod
1208 1635 1268 1683 erut
1291 1635 1369 1697 unte,
1400 1631 1467 1700 qnia
1485 1632 1592 1687 scilicet
1611 1634 1641 1685 in
1658 1633 1811 1688 nutritione
1828 1634 1946 1690 materis

244 1726 286 1774 est
305 1737 420 1774 numero
439 1719 549 1785 eadem,
569 1719 618 1773 sed
636 1725 746 1773 tentum
764 1721 872 1789 specie,
898 1721 1081 1776 annihilatum
1093 1692 1097 1805 i
1108 1729 1164 1766 uun
1183 1713 1286 1784 tuuipit
1302 1732 1401 1770 nurum
1419 1717 1546 1781 formum·
1564 1719 1638 1774 riuut
1655 1719 1687 1773 tit
1705 1719 1734 1773 iu
1753 1721 1942 1791 guuurutiuut·

244 1806 317 1859 enim
342 1820 402 1859 esse
426 1803 454 1859 et
476 1811 570 1859 tamen
596 1811 661 1875 post
685 1822 786 1860 novam
803 1806 1013 1876 productionem
1031 1822 1081 1859 nu·
1107 1796 1156 1853 sed
1182 1797 1342 1854 alimentum
1365 1810 1518 1857 assumtum
1543 1812 1585 1859 unt
1606 1804 1658 1858 nub
1684 1820 1719 1859 tu
1736 1803 1840 1870 forms,
1871 1822 1945 1878 (lutet

244 1907 319 1945 mero
355 1891 428 1945 idem
468 1908 542 1959 esse,
581 1891 765 1963 dsrrpcrsxdr
802 1892 856 1947 sibi
894 1898 1079 1964 opponuntur,
1107 1883 1183 1953 prius
1204 1885 1325 1953 exstitit;
1353 1886 1393 1941 ita
1417 1905 1527 1959 quoque
1545 1890 1573 1942 in
1593 1890 1807 1954 resurrectione,
1835 1891 1943 1947 etiamsi

152 1994 156 2001 ·
243 1976 393 2031 Praeterea
417 1975 548 2031 identitas
573 1975 688 2032 effeetus
714 1979 856 2033 numerica
882 1978 1022 2048 dependet
1047 1995 1080 2032 ex
1106 1969 1162 2023 uliu
1188 1978 1345 2025 amumatnr
1370 1974 1499 2042 materie,
1526 1992 1582 2029 nnn
1611 1982 1702 2030 tumen
1729 1978 1816 2032 ulium
1840 1977 1879 2032 uh
1903 1995 1944 2039 en.

243 2061 341 2116 iisdem
368 2078 496 2130 numero,
527 2062 617 2117 causis
644 2068 673 2116 et
702 2061 931 2132 circumstantiis,
959 2080 1033 2135 quae
1056 2055 1155 2183 silqui
1173 2056 1248 2125 prius
1266 2057 1379 2125 exstitit,
1397 2058 1535 2114 hominem
1552 2077 1705 2132 resurgere,
1722 2063 1829 2134 qnippe
1846 2065 1942 2121 eadem

243 2149 399 2215 varientur,
428 2148 491 2218 ipsa
516 2165 627 2219 quoque
657 2149 772 2204 effectus
804 2149 935 2205 identitas
964 2149 1234 2205 tollitur..u¹uu0ntu
1258 2141 1348 2199 formu
1374 2147 1516 2200 materiam
1543 2147 1619 2201 illam
1637 2147 1805 2205 informante
1821 2161 1850 2205 et
1867 2157 1944 2207 ecur-

244 2234 322 2289 idem
347 2234 420 2288 enim
445 2249 559 2288 numero
581 2250 638 2288 nou
660 2241 717 2300 est,
747 2235 821 2306 quod
840 2235 877 2290 ab
896 2235 951 2290 alio
969 2243 1077 2307 agente,
1106 2233 1177 2282 unte·
1212 2228 1267 2283 Sed
1282 2236 1392 2299 regeret
1410 2229 1604 2303 Philosophus,
1624 2237 1665 2288 ad
1683 2236 1858 2290 numericam
1871 2254 1944 2291 oom-

243 2337 276 2374 ex
297 2320 353 2375 alia
374 2320 503 2388 materia,
533 2319 588 2373 alio
616 2326 740 2391 tempore
768 2327 795 2375 et
822 2320 883 2376 loco
909 2320 1078 2391 producitur.
1101 2313 1192 2382 puritt‘
1213 2314 1386 2369 idemdotsm
1415 2324 1440 2371 tt
1463 2320 1589 2380 furnum
1611 2327 1637 2372 tt
1661 2321 1810 2375 materiam
1826 2340 1944 2377 mmtero

241 2407 307 2461 dem
325 2406 436 2461 veroin
454 2422 600 2476 corporum
618 2406 830 2461 resuscitatione
850 2406 913 2461 telis
932 2423 1077 2462 causarum
1105 2401 1222 2454 eandem
1244 2418 1278 2453 nn
1307 2403 1524 2456 determinatam
1545 2405 1668 2473 requiri,
1700 2422 1752 2461 rec
1771 2423 1860 2476 posse
1885 2409 1947 2463 dici

242 2499 270 2546 et
287 2492 558 2547 circumstantiarum
577 2492 694 2546 sudatio
712 2492 866 2563 contingen
910 2480 1183 2549 avocabar-iidem
1208 2504 1323 2541 numero
1351 2496 1439 2542 totum
1466 2506 1515 2543 seo
1538 2493 1734 2560 compositum,
1766 2494 1827 2548 ner
1843 2503 1945 2563 partes

242 2584 288 2631 tur
311 2577 383 2632 enim
409 2593 525 2647 corpora
547 2576 576 2630 in
595 2576 682 2631 vitam
700 2577 859 2632 immediate
876 2595 894 2632 a
913 2573 987 2644 Deo,
1014 2554 1267 2633 cnmiesserts'ctes
1293 2574 1350 2628 siat
1367 2592 1481 2630 numero
1499 2577 1625 2643 medem,
1652 2592 1714 2630 cum
1730 2596 1803 2647 parce
1823 2582 1945 2634 maudo

241 2662 319 2732 prius
337 2662 476 2717 mediante
494 2667 641 2733 parentum
660 2661 838 2733 generatione
851 2662 908 2717 siut
923 2632 1241 2761 producta31diffcroat
1267 2661 1352 2714 etiam
1379 2678 1495 2715 numero
1524 2663 1666 2731 differunt.
1711 2663 1843 2736 Itemque
1871 2669 1945 2723 ister

241 2749 435 2803 formabuntur
457 2766 490 2803 ex
513 2755 604 2804 terrae
627 2749 755 2818 pulvere,
782 2765 847 2803 cum
864 2748 943 2819 prius
960 2747 1285 2805 formatanutritioaem
1309 2756 1335 2802 et
1360 2749 1602 2803 resuscitationem
1625 2765 1683 2803 csse
1699 2750 1841 2806 rationem
1860 2754 1945 2824 torpe

241 2834 345 2891 fuerint
371 2850 404 2888 ex
432 2834 549 2902 semine;
577 2833 817 2890 resuscitabuntur
843 2834 872 2889 in
900 2834 956 2891 fine
983 2835 1078 2905 seculi,
1105 2832 1256 2904 disparem,
1274 2851 1336 2887 cam
1353 2834 1384 2887 irs
1401 2834 1455 2887 illc
1474 2851 1574 2888 aarum
1594 2837 1730 2890 materiae
1746 2838 1945 2895 memsam

242 2938 306 2975 oum
325 2921 403 2991 prius
420 2926 487 2974 nata
506 2920 611 2975 fuerint
628 2920 656 2974 in
675 2920 727 2975 hac
744 2921 816 2991 vita;
837 2920 1032 2976 formabuntur
1049 2921 1078 2974 iu
1104 2921 1229 2986 accedet,
1245 2919 1275 2973 irs
1294 2921 1347 2973 buc
1365 2938 1431 2974 sero
1450 2938 1506 2973 cort
1525 2922 1617 2976 minus
1634 2939 1717 2990 quum
1736 2923 1767 2977 ia
1783 2927 1884 2994 prima
1897 2944 1944 2996 pe·

243 3007 369 3062 cavernis
387 3012 495 3074 terrae,
514 3022 577 3061 cnm
598 3005 717 3061 formata
734 3007 813 3076 prius
833 3006 936 3062 fuerint
952 3007 982 3062 in
999 3013 1078 3062 utero
1090 2962 1249 3067 irroratione
1268 3008 1333 3078 ipsc
1353 3008 1489 3060 materiae
1508 3004 1591 3060 odota
1610 3009 1647 3061 de
1663 3026 1734 3065 roeo
1753 3013 1885 3082 mmet,
1908 3031 1945 3067 ec

92 3098 168 3142 itui-
184 3097 230 3141 ttt.
245 3099 378 3148 materno.
392 3090 1226 3164 Videuberioremhorumphilosophicorumargu·iproinde
1260 3094 1395 3146 terminus
1428 3094 1591 3147 nutritionis
1625 3094 1664 3148 sit
1697 3112 1770 3149 roes
1806 3100 1946 3153 maurice

245 3182 401 3234 mentorum
420 3194 458 3241 ex¹
472 3183 588 3232 naturae
605 3177 739 3249 principis
758 3177 886 3248 ἐξήγησιν
903 3194 948 3249 ap.
961 3178 1078 3234 Meisne
1105 3178 1263 3247 qncadtos,
1300 3178 1434 3233 termissus
1461 3181 1685 3234 remandatiom's
1714 3185 1852 3239 meterius
1881 3186 1946 3239 snb

244 3282 305 3318 rum
332 3280 397 3334 pag.
426 3269 447 3316 1.
477 3262 551 3318 sobr.
583 3261 650 3332 phil.
674 3269 741 3318 sect.
768 3270 790 3319 t.
816 3279 877 3334 cap.
900 3268 924 3320 9.
951 3282 977 3335 q.
1002 3271 1024 3319 5.
1051 3269 1079 3319 st
1105 3265 1218 3319 stantia.
1255 3265 1302 3318 ad
1325 3264 1436 3320 tertiam
1454 3265 1640 3335 respondebit,
1657 3266 1694 3320 ad
1711 3267 1835 3323 dimam
1854 3272 1945 3340 provi·

245 3349 325 3406 Helv.
351 3350 380 3402 in
404 3348 537 3419 episagm.
561 3348 631 3418 disp.
655 3348 766 3420 Urgent
783 3348 902 3420 denique
922 3351 1012 3404 mutto
1031 3350 1229 3405 cir-dentiam
1259 3357 1287 3404 et
1306 3351 1446 3419 justitiam
1472 3350 1675 3406 defendendam
1697 3352 1839 3422 sufficere,
1869 3357 1945 3426 quod

243 3438 341 3501 sarda,
362 3452 433 3505 quae
450 3452 484 3490 ex
502 3434 620 3489 articulo
640 3436 851 3490 resurrectionis
863 3441 1079 3508 consequuntur,
1091 3472 1094 3507 ,
1106 3435 1144 3503 pii
1164 3435 1321 3489 testimonio
1341 3437 1527 3490 eonscientiae
1547 3438 1575 3490 in
1594 3436 1718 3491 adversis
1734 3439 1875 3503 trauntur,
1895 3440 1944 3495 im·

243 3523 267 3574 si
290 3522 391 3577 rationi
413 3521 553 3591 judicium
572 3519 608 3574 de
632 3536 665 3575 eo
686 3522 857 3578 committere
875 3523 1000 3578 velimus.
1037 3523 1080 3576 Ea
1091 3514 1094 3559 ’-
1107 3520 1145 3590 pii
1167 3537 1231 3575 vero
1249 3521 1364 3575 internis
1383 3522 1463 3576 furiis
1481 3528 1654 3592 torquentur,
1672 3539 1706 3577 ac
1724 3524 1747 3577 si
1767 3524 1813 3579 vei
1825 3526 1945 3581 aramme

242 3626 307 3664 vero
331 3614 455 3678 praestat
482 3608 591 3662 silentio
612 3608 767 3672 involvere,
796 3625 860 3664 cum
885 3609 973 3663 cuivis
1003 3612 1169 3675 extratpost
1194 3612 1309 3661 mortem
1332 3606 1475 3679 quidpiam
1498 3615 1639 3677 superstes
1664 3625 1775 3664 manere
1794 3616 1945 3679 statuatur,

243 3694 319 3748 verbi
344 3694 469 3765 regulam
492 3694 545 3748 hoc
570 3694 673 3765 dogma
695 3695 880 3750 consideranti
906 3702 1014 3766 promte
1033 3692 1214 3764 oc-;snimne
1239 3692 1362 3760 praemia
1386 3698 1415 3746 et
1436 3710 1540 3762 poenas
1566 3694 1710 3765 distribui;
1736 3694 1859 3751 animum
1883 3714 1945 3753 esse

242 3786 369 3847 currant,
393 3798 476 3850 quam
496 3781 621 3850 speciose
642 3782 739 3837 eadem
756 3799 912 3853 proponere
931 3790 1015 3854 atque
1034 3799 1079 3836 ur·
1091 3770 1094 3845 i
1106 3776 1257 3841 hominem,
1283 3794 1338 3830 nnn
1360 3785 1452 3832 antem
1471 3795 1584 3848 corpus;
1613 3780 1723 3835 unimue
1742 3780 1771 3834 in
1790 3783 1944 3851 comporto

242 3884 317 3938 gere.
353 3873 376 3921 5.
395 3869 441 3919 Ec
459 3868 601 3920 rationum
616 3870 825 3937 productorem
846 3861 1228 3941 considerationetuutiuntu
1261 3861 1393 3917 virtutum
1426 3872 1455 3918 nt
1488 3865 1617 3919 vitiorum
1643 3872 1813 3936 competere,
1841 3884 1943 3938 corma

244 3953 298 4017 Qui
318 3952 440 4006 revelato
459 3952 544 4006 verbo
562 3953 737 4023 destituitur,
761 3956 806 4010 vel
823 3954 911 4009 eidem
930 3955 1012 4011 iidem
1032 3955 1079 4010 ha·
1092 3948 1093 3969 ¹
1105 3965 1166 4002 nunu
1184 3948 1320 4002 duntunut
1337 3951 1399 4017 ujuu
1418 3950 1644 4014 instrumentum,
1672 3952 1778 4022 quippe
1796 3953 1873 4023 quod
1893 3970 1944 4023 per

244 4038 311 4092 bere
328 4045 444 4100 recusat,
465 4056 520 4091 nou
540 4039 643 4108 poterit
666 4038 821 4094 rationibus
840 4038 895 4092 iilis
912 4039 1136 4111 philosophi-se
1160 4041 1187 4090 et
1210 4035 1239 4088 in
1262 4052 1292 4088 ne
1317 4053 1400 4090 nerrnu
1420 4052 1453 4090 uu
1473 4043 1549 4090 motu
1567 4037 1737 4091 destitutum.
1772 4037 1823 4092 Sic
1841 4039 1942 4093 imtra-

244 4125 300 4188 cis,
331 4139 403 4192 quae
429 4140 479 4192 pro
506 4122 676 4177 adstruenda
694 4130 864 4179 mortuorum
881 4116 1093 4181 resurrectione
1107 4121 1206 4175 mentis
1223 4121 1367 4175 architecti
1386 4140 1437 4191 pro
1456 4123 1642 4177 exstructione
1661 4123 1760 4177 domne
1777 4123 1886 4179 nullum
1900 4143 1940 4180 re
1954 4128 1996 4170 rui

245 4210 273 4260 in
297 4208 416 4262 medium
441 4208 579 4263 adductae
606 4218 685 4277 sunt,
711 4210 747 4263 ad
771 4210 994 4279 persuadendum
1018 4211 1080 4281 cogi
1106 4207 1236 4276 penditur
1253 4208 1415 4276 praemium.
1451 4207 1498 4260 Ad
1516 4216 1643 4277 quartem
1660 4209 1854 4278 respondebit,
1880 4210 1943 4267 uui·

245 4300 273 4345 et
302 4294 433 4349 convinci.
477 4294 523 4346 Ad
551 4293 667 4362 primam
694 4295 886 4364 respondebit,
914 4297 1079 4353 creationem
1092 4349 1094 4353 ,
1107 4291 1177 4347 versi
1196 4291 1427 4361 complementum
1444 4293 1574 4346 continua
1601 4292 1789 4364 generationis
1805 4311 1940 4350 novorum

243 4396 276 4431 ex
302 4378 388 4433 nihilo
412 4396 468 4432 non
493 4395 552 4433 esse
576 4378 729 4433 uelamine
750 4387 867 4434 naturae
888 4389 997 4450 notam,
1031 4383 1079 4436 sed
1106 4377 1311 4431 individuorum
1330 4378 1698 4441 successioneconstsrersl
1711 4380 1942 4435 etiamrnracnm

244 4463 287 4515 vel
312 4464 445 4517 mundum
472 4480 533 4518 esse
550 4465 611 4518 Deo
637 4471 828 4534 coaeternum,
854 4467 896 4520 rei
914 4486 947 4523 er
966 4466 1081 4521 materia
1106 4470 1164 4519 toto
1186 4464 1316 4519 universo
1334 4464 1417 4519 etiam
1437 4480 1552 4533 oorpora
1568 4463 1689 4518 humana
1708 4464 1736 4518 in
1748 4464 1868 4521 nihilum
1882 4480 1943 4523 esse

244 4548 305 4602 Deo
327 4555 473 4604 coaeterna
497 4550 677 4621 productum,
708 4569 741 4605 uc
765 4552 790 4605 si
814 4551 858 4607 vei
882 4552 999 4607 maxime
1016 4569 1080 4607 con·
1106 4550 1267 4621 redigenda
1303 4550 1349 4602 Ad
1371 4549 1496 4619 quintam
1518 4557 1547 4604 et
1566 4550 1875 4620 sextamrcspondebit.
1893 4553 1942 4606 du·

244 4634 367 4697 cedatur,
391 4635 420 4688 in
438 4642 563 4706 tempore
581 4654 614 4692 cx
633 4636 720 4690 nihilo
738 4637 906 4706 productum
924 4655 993 4705 esse,
1012 4656 1080 4693 non·
1093 4654 1095 4659 ’
1107 4637 1185 4692 bium
1202 4637 1293 4691 adhuc
1312 4646 1341 4692 et
1360 4638 1496 4692 incertum
1515 4654 1590 4706 esse,
1607 4654 1644 4691 an
1666 4637 1760 4691 anima
1777 4637 1815 4691 sit
1832 4637 1942 4694 immor-

244 4721 310 4772 dnm
341 4724 433 4774 tamen
462 4737 495 4774 ex
527 4727 666 4776 creatione
696 4720 790 4777 inferri
821 4740 902 4793 posse
933 4739 1080 4794 corporum
1107 4724 1179 4791 talis,
1198 4730 1226 4777 ct
1245 4741 1280 4777 an
1300 4724 1381 4777 homo
1400 4723 1436 4776 ad
1456 4723 1688 4778 immortalitatem
1706 4724 1791 4778 fuerit
1805 4725 1944 4781 concina

217 4810 220 4817 '
244 4807 426 4860 bumanorum
450 4809 701 4876 resuscitationem,
727 4824 790 4861 cum
818 4808 921 4864 creatio
940 4811 978 4864 sit
994 4810 1079 4863 omni·
1093 4810 1094 4817 ’
1107 4809 1285 4865 Ostendimus
1311 4810 1384 4864 enim
1405 4809 1547 4879 superius,
1574 4826 1610 4863 ne
1636 4810 1749 4880 quidem
1766 4811 1879 4866 animae
1895 4811 1944 4865 im-

245 4893 297 4947 bus
316 4891 425 4947 omnino
443 4893 577 4946 meaturis
595 4893 763 4960 eommunis,
788 4895 964 4949 resuscitatio
987 4897 1302 4952 autem‘mortuiitatem
1331 4903 1409 4951 extra
1436 4895 1514 4950 verbi
1540 4896 1630 4950 lucem
1656 4895 1805 4950 scientifice
1830 4896 1943 4952 demon·

244 4995 361 5050 corpora
391 4979 528 5034 duntaxat
561 4978 701 5035 hominum
732 4979 879 5049 respiciat,
911 4997 975 5034 cnm
1004 4983 1187 5038 crea-{strati
1207 4999 1294 5052 posse.
1331 4981 1451 5045 Quidam
1471 4982 1606 5036 rationem
1627 4983 1753 5052 quintam
1769 4982 1810 5037 sic
1822 4983 1943 5039 diluunt

244 5068 346 5121 donem
362 5065 464 5121 factam
485 5080 545 5117 esse
562 5065 690 5133 jamdum
703 5071 821 5130 constet,
840 5045 1186 5155 resuscitationemiQuod
1205 5075 1248 5123 est
1269 5076 1367 5123 contra
1384 5073 1528 5131 naturam,
1552 5075 1719 5138 perpetuum
1735 5083 1792 5122 non
1812 5077 1873 5139 est,
1892 5073 1944 5125 sci·

244 5159 336 5206 autem
364 5151 488 5206 futuram
520 5148 597 5204 nullo
626 5150 736 5206 efficaci
766 5157 932 5222 argumento
965 5152 1078 5208 demon·
1104 5155 1171 5209 licet
1194 5153 1305 5225 quando
1328 5153 1467 5224 principia
1500 5153 1680 5210 restitutionis
1703 5155 1764 5224 ejus
1790 5154 1820 5209 in
1852 5172 1944 5213 raam

244 5243 354 5292 stretnr.
389 5238 436 5292 Ad
458 5236 609 5291 secundam
633 5237 826 5308 respondebit,
852 5245 885 5291 ut
907 5237 1013 5309 aliquid
1031 5237 1080 5293 fist
1105 5246 1205 5295 natura
1233 5246 1390 5309 supersunt.
1430 5240 1469 5294 At
1497 5240 1521 5293 si
1554 5239 1680 5294 funditus
1707 5238 1802 5294 ablata
1830 5240 1948 5311 inerim,

244 5322 407 5379 naturaliter
432 5340 487 5379 non
511 5321 655 5392 saiticam,
685 5323 810 5379 utillud
832 5323 870 5377 sit
896 5322 925 5375 in
945 5323 1079 5393 appetitu,
1104 5324 1306 5380 restitutionem
1336 5325 1552 5395 exspectandum
1584 5342 1639 5380 non
1669 5342 1738 5380 esse.
1784 5325 1833 5380 Sic
1865 5344 1949 5383 cau

244 5408 298 5464 nisi
322 5408 407 5465 etism
433 5408 470 5464 sit
496 5408 526 5463 in
550 5414 703 5482 potestate,
731 5408 959 5465 resurrectionem
986 5410 1189 5467 autemtarbor
1206 5412 1386 5479 imtauratur,
1404 5413 1427 5466 si
1445 5412 1553 5467 radices
1573 5411 1679 5467 fuerint
1697 5412 1949 5483 superstiterunt
