4104 6014
312 322 372 380 seo
905 316 1029 377 Locus
1048 310 1253 377 vloffilttoe
1273 317 1420 378 SEXTUS

346 472 512 543 Rumpitis
536 481 651 545 tempus,
673 492 749 531 mors
767 484 834 530 utro
849 476 989 546 impendet
1007 473 1111 543 speriti.
1148 460 1150 465 ¹
1174 468 1242 526 olim
1264 475 1348 528 mom
1374 474 1537 529 amendam
1558 474 1624 528 uus
1651 481 1756 529 autum
1782 490 1872 544 cepae
1891 472 1923 529 sia
1948 477 2012 533 uta

312 557 373 612 Gal.
392 563 418 626 o,
437 575 463 611 r.
486 564 532 616 10:
558 563 625 615 dum
650 569 755 632 tempus
781 564 922 626 habemus,
954 562 1052 616 bouum
1083 575 1145 629 ope·
1173 564 1256 626 atquc
1273 559 1304 612 io
1323 576 1374 627 me,
1405 558 1536 624 sentiens,
1566 560 1749 615 Athenienses
1771 576 1827 616 uon
1854 561 1948 617 minus
1963 562 2011 618 ad·

310 660 413 700 ramur.
450 645 529 710 Quod
564 645 645 702 hodie
676 649 876 720 peragendum,
907 663 943 703 ne
974 646 1088 701 differas
1117 645 1145 698 in
1173 642 1261 699 dictos
1280 645 1370 713 morti,
1388 661 1472 715 qnam
1491 651 1564 701 esset
1582 645 1614 712 is,
1628 660 1712 717 quem
1728 645 1903 703 damnarent.
1937 647 2010 703 stru

310 735 468 799 crastinum,
493 731 560 802 qnia
582 732 681 802 nescis,
703 750 740 788 an
766 735 840 790 ritae
868 738 933 789 tuae
952 731 1097 805 longitudo
1116 745 1146 784 se
1173 730 1258 784 attus
1273 731 1372 785 mortis
1388 748 1476 801 perus
1496 731 1620 800 obtiopit,
1640 733 1831 786 sedomsilus
1848 736 1950 788 οοάοιιι
1972 743 2011 788 est

310 815 441 872 extendat
462 817 491 871 in
516 818 673 875 crastinum.
710 817 758 875 Sic
785 836 852 891 ergo
871 819 900 873 in
920 817 1015 873 mortis
1031 815 1145 872 medita·
1173 816 1315 870 morieudi
1342 817 1514 885 necessitas,
1545 816 1675 874 latreus
1707 817 1754 873 lib.
1787 826 1811 875 2.
1845 818 1914 877 dict.
1945 819 2009 891 phil.

310 901 386 956 tione
405 907 501 958 contra
525 904 657 975 capitalia
676 904 744 961 vitia
762 904 1001 976 antipharmacum
1021 916 1144 973 praeser-
1173 902 1249 958 Idem
1278 920 1340 958 cnm
1371 919 1464 959 remm
1501 905 1669 961 naturalium
1683 922 1797 961 -causas
1836 905 2009 963 auditoribus

310 987 432 1042 votivum
454 989 579 1045 ridemus
603 1006 664 1045 esse
690 989 872 1061 propositum.
911 988 1079 1058 Superliom
1099 986 1145 1042 de
1173 988 1324 1059 explicaret
1341 989 1468 1061 interque
1490 989 1681 1047 deserendum
1699 990 1735 1046 de
1763 991 1813 1048 lilii
1831 998 1922 1048 morte
1942 1002 2008 1049 neo

310 1073 404 1144 primit
417 1075 541 1146 cogitata
553 1077 653 1131 mortis
669 1076 814 1142 foeditus3
833 1075 986 1130 amriticm
1002 1074 1144 1144 inexspec·
1172 1074 1241 1130 tium
1256 1090 1382 1131 sermone
1400 1077 1546 1147 cujusdam
1561 1079 1710 1149 acciperet,
1726 1078 1872 1150 paululum
1886 1079 2009 1135 oradooe

308 1164 369 1214 tata
397 1163 495 1215 coortis
527 1163 679 1231 οοὶοοίοιιις
707 1161 850 1217 lumsrium
881 1158 1020 1216 horribilis
1047 1159 1145 1213 mortis
1172 1158 1290 1215 inhibita
1310 1160 1380 1216 dixit
1398 1161 1441 1226 iis,
1463 1163 1512 1233 qni
1531 1179 1587 1218 nna
1604 1163 1736 1219 aderaut:
1758 1163 1897 1229 δοίοόοιιι,
1920 1165 2008 1231 pilstam

308 1247 506 1316 secumdum
537 1248 676 1304 inuidiam
709 1249 809 1304 mortis
836 1246 1013 1321 aequalium·
1048 1246 1144 1315 putam
1170 1262 1214 1300 me
1241 1248 1367 1314 parumne
1389 1249 1544 1305 mortulam.
1579 1248 1747 1305 Plutarchus
1774 1249 1810 1305 de
1837 1250 1942 1308 commi
1972 1250 2007 1305 ad

309 1332 408 1386 mortis
436 1334 578 1400 osiditos;
597 1335 672 1393 iram
704 1335 804 1389 mortis
837 1340 979 1403 potsctcs,·
1014 1332 1144 1386 acediam
1171 1331 1357 1404 Apollonium
1396 1333 1467 1390 (lum
1497 1336 1550 1391 hoc
1575 1335 1760 1408 Anaxagorae
1784 1351 1920 1407 responso
1943 1352 2006 1394 oon·

307 1419 406 1472 mortis
423 1420 559 1475 cometas.
1172 1419 1247 1474 venit
1279 1418 1350 1475 illud
1382 1420 1501 1477 Gallieni
1534 1421 1717 1493 imperatoris,
1744 1421 1793 1493 qui
1815 1438 1880 1479 cum
1898 1428 2025 1495 pstrem-

175 1483 296 1592 ,3ifxp'p
344 1509 402 1563 ttt.
444 1509 468 1563 t.
503 1505 579 1563 Usus
605 1505 809 1588 nspuxtprssic
833 1504 862 1560 in
882 1520 915 1559 eo
941 1502 1082 1571 tonsisfit,
1113 1506 1145 1555 ut
1171 1505 1313 1562 Valerium
1330 1507 1455 1564 audisset
1471 1507 1647 1578 exstinctum,
1665 1509 1694 1564 in
1706 1509 1776 1566 haec
1794 1510 1890 1581 erepit
1907 1508 2006 1566 rerba:

180 1581 264 1680 ξῖηὖιςο
311 1591 512 1648 consolationes
525 1592 604 1648 morti
617 1592 799 1664 opponendas
817 1592 910 1647 animo
929 1589 1145 1660 complectamur
1173 1592 1309 1658 Sciebam,
1326 1610 1387 1647 euos
1407 1610 1466 1648 csse
1484 1595 1638 1650 mortulam.
1663 1598 1689 1651 2.
1710 1596 1819 1650 Mortis
1837 1596 2006 1666 ospuolitm,

162 1691 285 1747 Ιιιιιιιιιι.
309 1684 338 1734 et
356 1679 431 1734 cordi
455 1678 542 1750 probe
567 1677 729 1750 infigamus,
758 1679 912 1750 iisdemque
936 1682 1031 1733 conus
1050 1673 1144 1730 mortis
1171 1678 1240 1734 Cum
1265 1678 1337 1736 enim
1361 1680 1461 1735 summi
1479 1697 1568 1753 repes,
1595 1681 1648 1736 viri
1674 1680 1838 1747 eruditione,
1857 1681 1962 1739 virtute
1978 1689 2007 1738 et

307 1772 438 1822 tenorem
472 1772 579 1822 mature
607 1783 658 1822 nos
676 1767 838 1822 muniamus.
887 1766 1047 1836 Antequam
1077 1777 1144 1817 vero
1170 1766 1277 1838 magnis
1299 1767 1328 1821 in
1348 1767 1548 1837 rempublicam
1568 1768 1674 1824 meritis
1689 1766 2007 1842 poenitentesque

307 1854 399 1908 fontes
425 1852 637 1924 praecipuarum
670 1852 888 1908 consolationum
915 1867 948 1905 ox
978 1848 1064 1904 verbo
1089 1845 1143 1903 Dei
1169 1869 1264 1908 omnes
1291 1856 1410 1925 mnjoree
1435 1861 1552 1909 mortem
1579 1870 1669 1925 aequo
1688 1853 1782 1908 animo
1799 1852 1925 1925 tulerint,
1952 1872 2006 1912 non

307 1938 476 2010 operiamus,
514 1938 737 1995 enumersbImus
773 1936 895 2009 potiores
931 1933 1143 2006 philosophicae
1170 1938 1302 1994 debemus
1328 1939 1496 2010 peculiarem
1514 1947 1543 1996 et
1568 1939 1710 2011 propriam
1734 1945 1837 1994 mrtem
1853 1940 2004 2010 postulase.

307 2017 530 2089 completiones,
560 2042 630 2097 quas
665 2024 790 2080 saniores
822 2023 941 2095 gentiles
973 2021 1035 2076 luce
1064 2017 1141 2075 verbi
1170 2023 1267 2080 senec.
1285 2026 1364 2096 epist,
1382 2031 1431 2083 te:
1449 2027 1500 2081 Ad
1516 2025 1856 2095 humlepsmmorieudi)
1872 2034 1957 2082 sotus
1968 2042 2006 2087 οι.

306 2111 432 2166 destituti
465 2129 498 2167 ex
528 2111 632 2167 lumina
661 2118 777 2166 naturae
802 2109 956 2165 hauserunt
987 2106 1141 2177 iisdemque
1169 2111 1221 2165 loc
1248 2112 1332 2181 putri
1353 2120 1400 2166 tuo
1425 2112 1540 2177 accidie
1567 2113 1619 2166 boc
1644 2112 1739 2181 matri,
1769 2107 1822 2167 tos
1841 2112 2006 2184 majoritas,

306 2203 402 2254 contm
416 2198 513 2253 mortis
542 2204 675 2254 terrorem
701 2204 843 2269 utcunque
865 2211 926 2252 sese
943 2197 1142 2261 sustentarunt,
1168 2198 1220 2251 hoc
1238 2198 1365 2251 omm'lus
1384 2205 1449 2253 cote
1463 2206 1496 2267 te,
1515 2199 1568 2252 loc
1585 2198 1711 2253 omuibus
1726 2206 1847 2269 postte.
1881 2200 2006 2264 masas

306 2301 361 2340 non
387 2285 462 2357 quod
488 2285 635 2342 mixturam
659 2284 799 2356 quandam
825 2281 935 2338 divinae
957 2288 985 2336 et
1004 2279 1142 2334 humanae
1169 2292 1194 2336 te
1209 2285 1332 2356 populna
1352 2284 1520 2338 moriturum
1535 2286 1687 2353 sequetur!
1730 2293 1852 2354 masters
1869 2285 2005 2343 οοιιοοοιί·

306 2371 459 2443 sapientiae
478 2370 612 2428 conficere
636 2371 759 2436 velimus,
783 2371 832 2426 aed
855 2375 888 2425 nt
911 2386 945 2424 ex
971 2373 1069 2423 mutua
1087 2364 1141 2421 col·
1168 2372 1298 2425 labitur!
1307 2372 1430 2440 sortior,
1449 2379 1481 2425 ut
1500 2373 1611 2441 opinor,
1628 2387 1710 2436 esses,
1727 2371 1755 2426 si
1766 2371 1850 2426 οιοιὶιι·
1865 2372 1921 2427 tibi
1934 2390 2005 2428 coss·

305 2458 409 2515 latione
437 2457 564 2514 doctrina
593 2474 676 2514 verae
696 2458 831 2514 ecclcsiae
851 2457 887 2512 de
905 2450 1141 2511 consolationibus
1169 2465 1358 2524 marmenem,-
1384 2459 1473 2512 multo
1505 2459 1598 2514 millis
1626 2459 1767 2514 lominum
1789 2458 1842 2514 hoo
1868 2461 1934 2531 ipso
1950 2476 2006 2515 sso-

306 2544 388 2600 morti
404 2544 576 2617 opponendis
595 2544 685 2617 magis
703 2545 845 2600 dulcescat
862 2548 891 2599 et
902 2540 1013 2612 majoris
1029 2555 1047 2594 a
1061 2536 1141 2592 nobis
1168 2551 1268 2605 manto,
1288 2561 1344 2613 quo
1364 2550 1395 2598 tu
1412 2545 1487 2598 mori
1505 2545 1628 2609 dubitus,
1646 2546 1772 2599 colmam
1789 2545 1881 2600 soriis
1897 2545 2004 2617 parni-

307 2630 476 2686 aestimetur.
515 2631 556 2689 Ut
574 2632 647 2688 enim
664 2631 781 2703 primam
797 2646 831 2686 ac
848 2628 1025 2699 praecipuam
1043 2623 1138 2680 mortis
1168 2628 1217 2681 bru
1236 2630 1369 2687 emittunt.

305 2732 427 2780 cansam,
459 2733 530 2788 quas
562 2723 605 2773 est
634 2724 778 2790 peccatum
811 2731 863 2787 per
887 2731 972 2771 unum
1002 2710 1140 2766 hominem
1167 2713 1320 2771 Homerus:

154 2806 230 2850 itur.
245 2804 293 2849 sio.
306 2802 335 2858 in
361 2804 496 2859 mundum
526 2804 722 2873 introductum,
750 2800 908 2874 philosophi
930 2800 1070 2871 ignorant,
1101 2796 1141 2851 ita
1167 2797 1301 2858 Keiroors
1317 2805 1366 2857 sol
1386 2795 1556 2873 Πάτροκλος,
1580 2800 1716 2872 desputo
1737 2802 1845 2858 nollit
1869 2801 2002 2876 discisus.

306 2905 417 2963 qnoque
441 2890 562 2946 salutm
580 2890 731 2946 remedium
745 2889 775 2943 in
799 2888 909 2945 Christo
922 2887 1017 2941 mortis
1036 2883 1140 2938 victore
1167 2887 1328 2944 Lueretius:

305 2981 335 3033 et
352 2976 426 3032 ritae
444 2990 601 3048 reparatore
616 2975 697 3031 nobis
717 2974 890 3048 propositum
907 2988 963 3027 uon
981 2970 1139 3026 habuerunt
1200 2976 1321 3030 Lumina
1338 2977 1381 3029 ιιι
1398 2973 1488 3029 osuio
1503 2974 1591 3028 stiam
1608 2974 1695 3028 eoum
1711 2973 1802 3029 Λιιω·
1824 2972 1951 3047 ,Μ

304 3062 456 3135 cognitum,
475 3062 538 3119 ideo
555 3077 647 3118 reram
657 3067 686 3118 et
703 3060 821 3116 solidam
835 3058 1050 3116 consolationem
1067 3070 1138 3108 mor·
1203 3063 1261 3126 Qus·
1276 3060 1378 3117 metm
1394 3061 1489 3116 multis
1506 3078 1591 3130 quom
1609 3068 1638 3114 tu
1656 3060 1715 3126 frat
1735 3060 1859 3130 improla
1876 3063 1969 3125 relus.

303 3147 341 3203 tis
370 3149 469 3205 terrori
503 3153 532 3204 et
562 3148 680 3205 amarmi
706 3147 899 3220 opponendam
930 3145 1053 3200 invenire
1082 3160 1137 3199 non
1200 3151 1273 3204 Iocis
1291 3147 1347 3202 olii
1362 3147 1445 3202 multi
1462 3163 1543 3214 repas
1560 3164 1708 3217 reumque
1721 3153 1853 3216 peteme·

301 3238 463 3305 'potnerunt
503 3235 632 3291 Ceterum
668 3233 874 3307 philosophicae
911 3232 974 3287 illae
1014 3231 1137 3286 console·
1200 3235 1378 3302 Occiderimt,
1403 3233 1515 3303 mapula
1530 3233 1581 3302 qui
1596 3234 1722 3302 pentilus
1740 3232 1947 3306 imperrsst

302 3318 392 3376 tiones
409 3320 532 3376 revocari
550 3328 667 3392 possunt
683 3321 719 3376 ad
738 3321 807 3376 baec
827 3317 928 3391 capita
957 3318 1081 3372 Primum
1096 3323 1138 3372 est
1200 3321 1359 3391 Scipiades,
1381 3318 1449 3373 belli
1465 3319 1585 3383 fulmen,
1607 3319 1790 3389 Omiopiuis
1809 3320 1922 3392 terror,

302 3408 405 3462 mortui
420 3409 577 3462 necessitas.
611 3406 681 3462 Cum
708 3406 781 3463 enim
805 3405 933 3462 omnibus
958 3403 1070 3460 omniuo
1090 3403 1136 3459 bo·
1197 3409 1285 3463 Adde
1299 3415 1456 3477 repertores
1477 3406 1669 3460 doctrinarum
1687 3413 1772 3476 utque
1791 3406 1928 3478 leporum

301 3492 424 3549 minibus
435 3492 547 3549 tandem
564 3492 736 3549 moriendum
752 3493 797 3562 sit,
820 3490 935 3547 stultum
955 3506 1016 3546 essa
1040 3489 1138 3545 dicunt
1197 3496 1284 3551 Adde
1312 3492 1533 3547 Heliconiadum
1556 3492 1677 3557 comeo,
1707 3508 1826 3561 quorum
1850 3511 1924 3551 ιιιιιιι
1940 3488 2002 3550 Hs-

303 3579 401 3635 timere
421 3579 501 3648 illud,
518 3580 593 3651 quod
611 3586 718 3636 mutare
737 3596 794 3635 non
812 3577 902 3649 possis
915 3595 949 3633 ac
968 3576 1045 3632 irrito
1066 3590 1136 3629 mor·
1373 3593 1476 3642 merus,

303 3668 339 3722 tis
361 3672 438 3722 metu
467 3669 553 3723 totins
576 3668 653 3723 ritas
677 3664 906 3737 tranquillitatem
931 3664 1053 3722 turbare.
1104 3664 1137 3721 Ut
1199 3666 1319 3737 Sceptra
1332 3664 1442 3735 potitus
1459 3665 1557 3718 eodem
1575 3663 1644 3718 ulis's
1659 3662 1761 3732 sopitu'
1781 3664 1874 3733 quista
1891 3674 1942 3731 est,

302 3768 382 3806 oemo
401 3753 523 3807 mirmur
542 3754 735 3824 liquefactum,
758 3753 837 3822 puori
854 3752 949 3822 potuit
966 3753 1138 3820 liquamen,-
1201 3754 1244 3807 lis
1262 3768 1328 3806 oero
1347 3750 1489 3805 suleole
1507 3757 1534 3803 st
1550 3748 1734 3818 iodipuulere
1753 3749 1855 3806 obiret

302 3846 414 3907 sectum,
425 3841 502 3909 orroei
510 3847 570 3893 erot
577 3839 671 3893 sectile
677 3859 689 3903 ;
702 3845 836 3903 emotum,
844 3839 924 3906 quod
931 3838 1086 3903 eructibus,-
1096 3838 1138 3892 itu
1164 3838 1260 3894 Horat
1281 3843 1305 3895 1.
1325 3853 1407 3892 carm.
1426 3841 1453 3892 t.
2013 3842 2046 3884 ss

302 3926 464 3980 rohardum
481 3942 538 3979 ooo
555 3933 595 3979 est
606 3932 744 3979 mortuum
763 3940 830 3992 esse,
850 3924 900 3992 qui
916 3931 979 3977 erut
995 3924 1136 3988 mor-tulis,
1197 3925 1319 3980 Pallida
1346 3939 1423 3976 mors
1444 3937 1534 3990 aequo
1559 3921 1660 3989 pulsat
1676 3923 1753 3990 pede
1774 3937 1936 3992 pauperum
1959 3932 2002 3979 ta-

303 4010 343 4066 ait
368 4010 533 4066 Plutarchus
554 4010 583 4065 in
606 4010 702 4069 moral,
718 4009 764 4065 cni
781 4008 922 4064 conforme
939 4009 1016 4065 illud.
1040 4009 1136 4067 senec.
1377 4011 1487 4072 lemos,

302 4114 346 4169 ep.
366 4103 413 4154 30:
444 4098 516 4151 Tam
538 4096 640 4151 stultus
664 4102 713 4165 ast,
735 4096 787 4166 qui
803 4103 920 4151 mortem
938 4096 1023 4166 timet,
1053 4113 1137 4166 οιιιιιιι
1377 4095 1539 4163 Repumpus
1557 4100 1656 4149 turres.

302 4183 353 4253 qui
366 4191 538 4241 senectutem.
576 4183 654 4237 Nam
668 4183 903 4254 quemadmodum
923 4188 1048 4238 assutus
1066 4184 1135 4237 odo·
1163 4187 1189 4240 3.
1230 4183 1385 4255 Multipleoe
1410 4183 1496 4252 hujus
1525 4181 1600 4235 odae
1626 4180 1785 4235 cosmum.
1831 4180 1904 4238 (lum
1927 4183 2002 4241 enin

302 4270 472 4338 lssccotiom,
491 4270 532 4323 sic
549 4285 626 4323 mors
644 4266 771 4338 scprutur
787 4275 959 4322 senectutem.
1015 4267 1067 4338 Ep.
1090 4274 1136 4324 78:
1163 4287 1212 4341 per
1223 4285 1318 4325 omnes
1335 4268 1435 4324 aetads
1453 4267 1567 4340 gradus,
1585 4282 1636 4338 per
1649 4282 1743 4322 omnes
1762 4267 1837 4323 ritae
1854 4274 1947 4324 status
1972 4276 2003 4327 et

302 4356 391 4410 Neruo
408 4364 467 4411 tom
485 4355 634 4426 imperitus
651 4361 699 4418 est,
716 4359 748 4406 ut
765 4355 880 4416 nescim,
898 4352 954 4407 sibi
969 4355 1136 4424 quandoque
1163 4355 1274 4411 ordines
1290 4352 1458 4425 multiplices
1476 4352 1603 4408 miseriae
1622 4358 1651 4408 et
1667 4352 1841 4408 mhmitatee
1860 4352 2001 4413 hominus

302 4442 492 4510 moriendum,
512 4450 603 4496 tumeo
633 4457 696 4495 cum
708 4454 801 4512 prope
819 4440 975 4506 moment,
1005 4441 1136 4508 erpiucr-
1163 4443 1303 4511 infestent,
1329 4457 1393 4496 cum
1416 4439 1473 4494 sint
1489 4442 1614 4494 mecenta
1632 4437 1789 4493 morborum
1807 4454 1922 4511 genem
1941 4441 2001 4514 qul·

301 4534 386 4591 mour,
405 4529 497 4583 ιιοιιιᾱ
516 4537 542 4581 st
558 4527 665 4596 plorat.
703 4525 780 4590 Quid
792 4526 848 4595 flas
867 4525 976 4580 miseri
993 4526 1064 4595 quid
1082 4532 1137 4582 tre·
1162 4528 1216 4583 bus
1242 4542 1344 4597 corpus
1369 4523 1487 4580 hominis
1516 4530 1560 4578 est
1587 4523 1752 4589 obnoxium
1779 4542 1844 4581 cnm
1872 4526 2000 4584 omnibus

299 4613 408 4684 pidcsl
424 4631 517 4669 οιιιιιοο
533 4614 587 4669 hec
603 4614 767 4668 ιιοοοιιίωιο
784 4613 933 4683 ducuntur,
950 4629 983 4668 so
1000 4614 1062 4678 too,
1082 4631 1136 4685 quo
1162 4615 1296 4670 adversae
1312 4612 1442 4669 fortunae
1460 4610 1533 4681 telis,
1560 4609 1649 4677 bellis,
1669 4609 1813 4677 incendiis,
1831 4612 1999 4683 paupertati,

302 4699 396 4753 omniu
414 4707 488 4756 suot.
526 4700 574 4756 Ad
594 4702 668 4755 hooc
691 4701 780 4770 lepem
805 4707 889 4753 octus
908 4718 939 4754 ss
954 4708 1004 4754 etc.
1023 4716 1062 4753 oo
1079 4717 1137 4754 ooo
1163 4700 1309 4769 sterilitati,
1333 4698 1455 4763 orbitati,
1479 4696 1627 4754 liberorum
1647 4697 1811 4767 infelicitati,
1844 4698 1997 4770 calumniis,

296 4787 421 4858 pesclu,
439 4794 467 4840 ta
491 4789 533 4840 od
554 4786 589 4841 ici
604 4787 764 4857 olipmodo
778 4794 985 4856 peruenturum,
1003 4790 1045 4842 cd
1061 4790 1138 4857 quod
1163 4784 1417 4854 detrectationibus,
1431 4783 1583 4856 angoribus
1594 4790 1624 4839 et
1642 4783 1786 4839 doloribus
1797 4783 1857 4840 iare
1874 4783 1999 4842 inumne·

301 4889 412 4944 semper
422 4874 505 4928 ilcst
535 4873 645 4927 sudum
662 4874 723 4927 sios
742 4872 817 4926 ecda
833 4873 888 4926 iter
900 4880 948 4927 est.
985 4872 1138 4928 Menander
1162 4873 1221 4941 ris,
1241 4870 1372 4944 periculis
1390 4876 1484 4927 sutem
1501 4869 1701 4925 momentaneis
1721 4869 1803 4925 homo
1822 4870 1852 4926 in
1869 4869 1925 4926 hac
1941 4871 1998 4927 vita

300 4967 410 5035 βροτοῖς
422 4960 508 5016 ἅπασι
524 4965 694 5016 smooorstr
710 4957 860 5032 epulum.
872 4959 1008 5014 Isocrates
1026 4960 1062 5016 ad
1080 4960 1136 5016 De-
1162 4961 1200 5017 sit
1218 4958 1361 5026 obnoxius,
1380 4957 1444 5011 ideo
1466 4961 1609 5027 praestare
1628 4955 1787 5011 existimant
1803 4971 1889 5027 quam
1905 4960 1999 5029 potui

302 5047 413 5103 monio:
429 5046 461 5102 sd
476 5047 630 5115 τελευτῆσαι
647 5043 972 5120 πάντωνὴποιῐρωμένη
988 5052 1137 5119 κατέκρινε,
1161 5046 1223 5103 lieri
1240 5044 1371 5101 citissime
1395 5041 1475 5098 malis
1499 5041 1576 5097 hisee
1601 5041 1716 5112 defungi
1733 5041 1889 5113 eademque
1919 5056 1999 5114 prae·

302 5134 331 5188 rt
351 5133 383 5188 dt
398 5137 488 5195 sutus
500 5131 657 5189 ἀποθανεῖν
672 5133 748 5187 rerer
764 5139 823 5193 τοῖς
841 5132 1006 5195 σπουδαίοις
1039 5133 1137 5190 Cicero
1161 5137 1271 5187 matura
1288 5135 1376 5185 morte
1392 5134 1571 5185 antevertere.
1593 5127 1690 5183 cicero
1711 5133 1732 5184 l.
1746 5126 1878 5185 Turoni:
1894 5129 1923 5183 Δ
1939 5142 1998 5183 sss·

302 5220 430 5280 Tuscula
481 5221 596 5275 Nature
626 5220 708 5274 dedit
736 5234 849 5273 mmom
880 5219 955 5274 ustae
1001 5229 1135 5291 tauquam
1162 5219 1199 5273 lis
1230 5234 1306 5272 mors
1339 5216 1462 5281 aldum,
1493 5233 1550 5271 eoo
1579 5231 1598 5266 o
1625 5213 1711 5268 louis.
1747 5212 1919 5284 Polyaenus,
1942 5230 2000 5269 sos

296 5307 436 5376 pecunius
465 5306 548 5360 nullu
573 5306 745 5378 promoturo
776 5305 831 5361 die.
872 5304 948 5367 Quid
977 5313 1018 5359 est
1046 5307 1136 5374 ipitur
1162 5296 1316 5359 dolendum
1346 5318 1404 5357 esse
1431 5308 1554 5371 propter
1573 5308 1698 5354 mortuos
1723 5298 1845 5364 dicebat,
1871 5302 2001 5370 mando

302 5396 379 5463 puori
397 5407 525 5462 οιιοιοιο,
539 5392 569 5447 si
580 5393 680 5461 repetit
699 5406 762 5445 cuer
779 5391 859 5446 ouo?
880 5407 915 5444 so
937 5391 1014 5445 'euim
1038 5392 1135 5447 coodi-
1160 5390 1273 5460 puidam
1300 5387 1400 5442 ιιιοὶὲιιι
1429 5387 1467 5442 sit
1492 5384 1567 5439 mori
1593 5400 1677 5454 msam
1691 5385 1791 5439 misere
1808 5386 1909 5442 οὲοοοο.
1940 5382 2001 5443 lia·

301 5482 376 5534 ticos
396 5494 554 5550 acceperas.
578 5477 760 5549 Anaxagoras
773 5475 876 5533 absum
893 5474 975 5533 morti
992 5475 1030 5533 ab
1048 5476 1134 5533 Athe·
1159 5475 1249 5540 mmm
1272 5489 1353 5530 serm.
1382 5478 1422 5530 ³5.
1457 5470 1542 5526 Solon
1561 5469 1598 5524 ad
1619 5469 1752 5526 Croesum
1771 5469 1846 5541 apud
1863 5468 1996 5530 Herodo-

301 5562 444 5627 niensibns
458 5563 682 5641 adjudicabatur,
695 5559 874 5621 idauntianti
885 5562 1043 5636 respondit:
1062 5564 1131 5621 ὅσοι
1157 5565 1216 5617 tu
1244 5558 1292 5619 lib.
1322 5564 1353 5617 is
1375 5556 1429 5617 ,1ο
1444 5556 1579 5611 dim
1600 5563 1724 5629 tempera
1739 5555 1832 5612 mohs
1856 5555 2003 5631 cmm,
