4104 6014
239 318 299 376 166
840 308 963 367 Locus
980 307 1184 366 VIOESIMUS
1204 308 1352 368 SEXTUS

239 481 261 521 c.
285 471 310 519 7.
328 465 579 534 Amos.Rupertus
599 465 616 518 l.
633 469 656 519 3.
677 465 706 517 in
719 462 819 519 Gener.
841 480 865 520 c.
879 468 921 521 32.
939 471 1073 530 statuunt,
1099 471 1127 516 et
1148 466 1230 532 apud
1247 465 1417 532 Dionysium
1440 464 1658 518 Carthasianum
1684 461 1733 516 lit.
1758 463 1793 534 de
1817 467 1940 529 mernor

238 551 362 618 purqari
380 549 480 602 debere
505 557 573 617 poet
597 549 669 601 hanc
694 551 781 602 vitam
807 556 863 602 tam
883 550 968 602 bonor
990 565 1073 619 quam
1099 549 1270 617 nouissimis,
1300 556 1328 603 et
1352 548 1370 602 l.
1398 555 1420 603 1.
1439 547 1514 602 vitae
1531 547 1687 603 Bernhardi
1707 563 1732 603 c.
1757 552 1797 601 10.
1815 544 1939 600 Thomas

238 635 344 704 malos,
368 652 424 688 uno
453 633 565 688 Christo
585 642 711 704 eccepto,
737 637 809 688 adeo
834 635 949 702 etipsa
968 651 1075 703 quoque
1099 632 1194 687 Morus
1222 640 1309 690 contr.
1339 634 1424 690 Luth.
1456 634 1579 688 scribens
1610 635 1638 688 in
1673 632 1790 688 eandem
1819 629 1938 684 inclinat

239 721 342 774 Maria
374 736 430 789 per
465 720 558 790 ipnem
595 719 675 773 dium
707 720 907 788 purpatorium
940 727 1073 774 transeat.
1099 719 1280 784 sententiam,
1306 720 1380 790 quod
1401 719 1508 774 scilicet
1528 719 1675 774 daemones
1692 717 1811 788 puniant
1830 715 1937 771 ammas

100 804 505 860 siumeuroaemensium
535 811 695 876 acceptam,
725 812 757 859 ιιι
774 811 863 875 sonat,
890 804 1073 858 Bellarminus
1099 805 1315 877 inpnrgatorio.
1358 806 1482 859 Maneat
1505 807 1593 874 iqitur
1619 814 1645 858 et
1663 805 1715 857 hoc
1740 804 1813 858 inter
1828 810 1938 856 recreta

240 891 309 945 dicit
327 892 469 946 continere
496 908 636 961 errorem,
655 891 696 944 sic
715 897 809 945 tamen
828 898 922 961 patres
939 906 994 944 uno
1013 889 1072 944 Ori·
1085 876 1088 955 i
1100 890 1203 961 (inquit
1216 890 1421 956 Bellerminus),
1436 909 1507 963 quae
1521 900 1704 960 ructempore
1716 890 1795 944 nobis
1808 888 1937 958 aperien-

239 994 310 1048 gene
329 982 444 1046 excepto
458 982 580 1048 excusat,
601 977 675 1047 quod
693 977 818 1032 Hilarius
839 983 868 1031 et
886 976 1073 1046 Hieronymus
1100 983 1152 1031 tur.
1189 976 1314 1040 Quatuor
1332 977 1361 1030 in
1382 976 1541 1031 universum
1564 976 1708 1046 opiniones
1725 974 1761 1028 de
1778 973 1831 1028 hac
1851 991 1936 1045 qnae·

239 1064 389 1133 loquantur
409 1065 445 1115 de
463 1062 527 1130 iqne
546 1064 639 1117 diuini
654 1063 780 1132 judicii,·
805 1063 982 1124 Lactantius,
1007 1060 1074 1115 Am·
1100 1061 1189 1115 stione
1220 1062 1296 1131 apud
1320 1061 1481 1116 Pontificius
1513 1060 1767 1132 deprehenduntur.
1814 1057 1935 1124 Quidem

239 1147 349 1202 broeius
374 1154 402 1201 et
424 1148 566 1217 Rupertus
598 1166 649 1218 per
672 1149 765 1219 ignem
791 1148 950 1219 intelligant
979 1164 1074 1201 verum
1101 1146 1174 1200 enim
1194 1163 1227 1201 ex
1245 1147 1379 1201 relatione
1404 1147 1507 1202 diaboli
1531 1153 1645 1217 putant,
1671 1146 1777 1200 animas
1796 1145 1840 1201 sui
1864 1145 1933 1200 dun·

240 1235 332 1302 ipnem
353 1236 525 1301 purpatorii,
554 1251 604 1303 per
633 1250 715 1305 quesn
737 1219 829 1289 ιιιιιιέιι
850 1235 945 1288 dicant
964 1241 1074 1287 sanctos
1100 1239 1177 1285 mat
1200 1231 1288 1286 exsilii
1312 1233 1340 1285 vi
1365 1238 1394 1287 et
1412 1232 1486 1303 ignis
1509 1232 1684 1287 vehementia
1699 1231 1803 1302 affligi,
1830 1231 1935 1302 specul

240 1317 301 1372 sine
330 1318 389 1372 ulla
417 1318 540 1372 laesione
570 1320 700 1389 transire,
730 1321 770 1374 ita
799 1327 831 1375 ut
857 1326 1001 1373 transeant
1024 1335 1074 1388 per
1101 1317 1288 1387 exemplorum
1306 1318 1370 1375 dist.
1383 1325 1407 1375 t.
1426 1336 1465 1373 ex.
1480 1325 1522 1376 rt.
1535 1326 1563 1373 et
1581 1319 1643 1374 dist.
1657 1324 1681 1373 6.
1695 1335 1736 1375 ex.
1756 1323 1797 1373 89.
1817 1317 1933 1389 quidam

241 1405 435 1474 purgatorium
456 1405 658 1472 materialiter,
678 1424 733 1460 non
746 1407 932 1475 formaliter,
950 1405 995 1460 eui
1013 1420 1073 1457 scn-
1100 1402 1193 1472 ignem
1216 1402 1283 1456 flatu
1309 1403 1507 1473 omnipotentis
1539 1403 1655 1458 excitari
1682 1409 1710 1458 et
1734 1401 1850 1458 accendi
1878 1408 1934 1457 sta·

242 1492 348 1544 tentiae
385 1490 553 1545 conformem
589 1508 649 1546 esse
688 1492 755 1546 dicit
787 1492 919 1545 visionem
950 1489 1073 1553 Purseei,
1100 1494 1189 1552 ruunt,
1209 1487 1249 1541 ita
1267 1488 1351 1542 sentit
1370 1488 1505 1559 Legenda
1521 1504 1606 1543 aurea
1626 1488 1688 1543 hist.
1712 1493 1769 1544 158.
1789 1487 1934 1542 Bonaven·

241 1580 324 1647 qudtn
345 1575 478 1629 describit
499 1576 577 1630 Beda
596 1576 615 1632 l.
636 1581 659 1631 3.
677 1577 740 1631 hist.
759 1593 782 1632 c.
803 1583 848 1632 19:
866 1577 924 1630 Ille
943 1577 1015 1629 enim
1032 1575 1072 1629 oi·
1100 1577 1164 1626 tura
1183 1579 1207 1627 t.
1228 1580 1297 1628 sent.
1317 1572 1382 1631 dist.
1396 1580 1437 1630 40.
1459 1571 1486 1648 ξ.
1501 1580 1541 1630 29.
1561 1574 1667 1628 animes
1686 1573 1723 1628 ab
1741 1573 1842 1644 angelo
1859 1571 1935 1628 bono

236 1663 284 1733 ¹dit
302 1662 331 1714 in
349 1662 396 1713 oia
416 1664 457 1714 ad
474 1662 580 1715 coelum
599 1663 735 1716 praeimus
752 1664 846 1732 ipnee,
866 1680 922 1732 per
941 1680 1010 1733 quos
1028 1678 1072 1713 ne·
1100 1656 1129 1710 in
1145 1658 1336 1728 purgatorium
1355 1659 1420 1713 duci
1445 1676 1478 1714 ac
1497 1660 1578 1715 educi
1597 1661 1710 1727 asserit3
1735 1659 1782 1713 alii
1806 1675 1840 1713 ex
1858 1675 1935 1714 reve·

243 1748 366 1802 carario
381 1750 585 1800 transeundum
604 1756 675 1815 erat,
693 1750 745 1801 sed
760 1750 832 1802 vidit
848 1749 932 1802 rimrd
951 1765 1006 1815 eor,
1025 1747 1075 1815 qni
1100 1742 1249 1797 lationibus
1274 1744 1394 1813 probare
1419 1752 1569 1813 conantur,
1602 1746 1707 1799 animae
1732 1744 1889 1816 purgatorii
1918 1760 1936 1799 a

244 1833 317 1886 nihil
336 1832 468 1885 haberent
488 1834 692 1900 comestibile,
717 1836 768 1888 hoc
791 1842 831 1887 est
849 1835 957 1889 nullum
975 1834 1074 1904 eulpae
1101 1828 1280 1884 daemonibus
1306 1830 1438 1901 torqueri.
1482 1830 1519 1884 Et
1542 1847 1608 1885 sane
1634 1831 1657 1883 ei
1682 1830 1875 1901 purgatorium
1894 1834 1937 1885 est

242 1925 292 1970 aut
319 1934 429 1986 poenae
454 1926 578 1987 rentum,
603 1920 720 1973 illaesos
744 1920 880 1988 transire,
907 1919 980 1971 alios
1008 1935 1073 1972 uero
1101 1914 1178 1968 sinus
1198 1915 1311 1986 quidam
1328 1915 1444 1982 inferni,
1462 1916 1484 1968 si
1505 1915 1597 1969 locum
1619 1916 1720 1972 Matth.
1743 1923 1773 1983 5,
1796 1934 1822 1970 v.
1841 1921 1882 1972 25.
1901 1932 1936 1970 ne

242 2003 333 2070 mapie
354 2004 476 2057 minusue
494 2005 590 2068 cruri,
604 2012 692 2074 prout
705 2005 773 2074 plus
798 2007 919 2058 minusve
938 2004 1074 2056 materiae
1100 2002 1200 2054 tradat
1216 2009 1243 2054 te
1255 2003 1348 2069 judee
1359 2000 1497 2068 ministro,
1517 2001 1553 2054 ad
1571 2002 1762 2072 purgatorium
1781 2009 1937 2058 accommo-

241 2090 443 2143 comburtilsilis
461 2090 621 2160 offerebant.
656 2090 690 2143 In
708 2090 819 2160 eplorisi
839 2089 873 2144 dc
893 2088 947 2143 hac
966 2098 1074 2143 senten·
1101 2085 1168 2140 dare
1184 2085 1309 2151 velimus,
1328 2085 1351 2140 si
1364 2085 1505 2140 diabolum
1524 2087 1634 2142 divinae
1648 2087 1776 2158 justitiae
1793 2093 1937 2143 exsecuto·

241 2175 281 2229 tia
304 2175 421 2229 ferenda
450 2175 635 2230 Bellurminus
659 2182 735 2230 totus
766 2175 868 2230 dubius
898 2181 954 2243 est,
983 2189 1074 2245 neque
1100 2187 1158 2224 rem
1178 2172 1368 2240 agnoscimus3
1388 2187 1471 2226 eccur
1490 2173 1638 2243 torquendi
1651 2181 1745 2243 partes
1758 2173 1838 2228 alteri
1852 2189 1937 2245 quam

242 2262 314 2316 enim
334 2262 420 2315 audet
439 2278 499 2315 eam
523 2278 574 2332 pro
601 2277 668 2316 vera
690 2277 828 2329 asserere,
853 2277 905 2315 nec
928 2267 1021 2314 tamen
1044 2268 1076 2313 ut
1101 2255 1212 2311 diabolo
1238 2255 1461 2327 assignabimus?
1495 2259 1598 2313 Contra
1620 2274 1686 2314 vero
1711 2276 1775 2313 oum
1795 2260 1936 2329 justorum

242 2363 361 2400 errorem
382 2346 546 2415 improbare.
587 2345 726 2401 Francisc.
752 2345 906 2400 Middensis
930 2345 959 2400 in
975 2344 1074 2399 elucid.
1101 2340 1210 2396 animae
1228 2343 1331 2396 sintin
1351 2361 1435 2396 manu
1449 2345 1514 2409 Dei,
1533 2361 1583 2398 cur
1602 2361 1649 2399 eae
1661 2344 1798 2415 subjicere
1816 2344 1936 2400 velimus

242 2432 320 2485 verit.
341 2431 440 2485 cathol.
461 2431 489 2483 in
512 2436 633 2487 annotat,
660 2429 769 2484 disertis
792 2431 883 2485 verbis
897 2447 959 2485 eam
977 2429 1073 2485 confir·
1102 2427 1195 2480 manui
1211 2443 1245 2480 ac
1264 2428 1397 2497 potestati
1418 2428 1545 2483 diaboli?
1564 2434 1592 2483 et
1612 2429 1635 2483 si
1654 2429 1802 2486 daemones
1820 2434 1887 2485 sunt
1905 2430 1935 2486 in

242 2524 306 2572 mat.
344 2515 449 2583 Olaret,
467 2516 570 2586 inquit,
594 2518 671 2584 quod
688 2534 782 2570 omnes
798 2525 866 2586 port
882 2518 967 2586 hujus
986 2516 1075 2569 seculi
1101 2511 1268 2581 purgatorio,
1287 2529 1336 2566 cur
1355 2529 1411 2567 non
1430 2521 1458 2568 et
1477 2515 1530 2585 ipsi
1549 2514 1703 2586 purgatorii
1722 2513 1795 2586 ignis
1815 2514 1935 2571 flammis

241 2604 327 2654 uitam
358 2603 482 2654 transire
511 2601 631 2655 habeant
658 2619 713 2671 per
745 2603 826 2656 ilium
856 2604 960 2673 iqnem,
997 2601 1075 2656 addit
1101 2596 1215 2650 tandem
1247 2598 1454 2668 expurgantur?
1501 2607 1525 2656 t.
1557 2599 1602 2654 De
1634 2601 1755 2654 materia
1783 2601 1843 2657 sive
1868 2597 2016 2674 ignem·
2041 2621 2052 2631 ‘⁴

242 2692 345 2752 tamen,
364 2689 441 2756 quod
453 2687 530 2741 honio
543 2704 600 2739 non
613 2688 665 2751 fiat
679 2703 712 2740 ea
728 2688 781 2742 lae
799 2705 830 2743 re
843 2689 942 2759 aliqua
956 2689 1075 2758 injuria,
1101 2682 1263 2754 purgatorii.
1305 2683 1437 2738 Albertus
1463 2692 1487 2741 4.
1512 2691 1581 2740 sent.
1607 2687 1671 2740 dist.
1698 2691 1746 2742 20:
1770 2689 1834 2754 Epo
1860 2689 1935 2754 dica

242 2790 303 2827 eum
331 2773 435 2841 absque
457 2772 582 2826 daemone
604 2788 659 2841 per
683 2772 765 2827 illum
790 2782 934 2828 trameant
960 2784 986 2829 a
1016 2777 1075 2828 ripe
1101 2771 1251 2837 quadrien
1269 2771 1400 2838 arbitrer,
1421 2787 1578 2839 quenquam
1590 2775 1671 2841 scire,
1690 2773 1785 2843 qualis
1802 2775 1840 2826 sit
1858 2773 1935 2844 iqnie

240 2858 438 2913 retardatione
464 2859 617 2911 mercedem
642 2858 792 2926 accipiant.
835 2860 873 2914 Et
892 2877 958 2916 sane
982 2859 1075 2930 siper
1101 2853 1159 2922 ille,
1176 2853 1236 2907 niri
1253 2857 1302 2908 eui
1322 2858 1400 2909 Deus
1417 2857 1591 2911 revelaverit.
1630 2857 1665 2911 In
1685 2858 1803 2913 concilio
1821 2858 1936 2916 Floren-

243 2945 334 3014 iqnem
356 2950 378 2999 1.
396 2941 457 2997 Cor.
478 2943 509 3011 3,
533 2959 560 2998 v.
580 2948 620 2998 13.
658 2942 797 2998 Pontificii
816 2943 972 3017 intelligere
989 2946 1076 3001 velint
1100 2940 1158 2994 tino
1176 2947 1272 3010 aperte
1292 2941 1430 3007 definitur,
1449 2961 1505 2997 non
1525 2960 1583 2997 erre
1604 2945 1696 3014 ipnem
1714 2944 1743 2997 in
1760 2947 1934 3016 purgatorio.

247 3029 341 3101 ignem
357 3029 559 3099 purgatorium,
577 3032 700 3083 statuere
716 3035 854 3100 coguntur
874 3035 931 3084 tam
949 3047 1008 3097 eos,
1027 3033 1075 3103 qui
1102 3026 1235 3093 Quidam,
1265 3032 1298 3080 ut
1318 3028 1488 3082 ostendimus
1508 3029 1650 3100 superius,
1669 3030 1764 3085 etiam
1781 3047 1886 3098 aquam
1904 3031 1934 3086 in

243 3132 329 3185 cuper
341 3116 562 3182 fundamentum
585 3115 774 3179 aedificarunt
794 3133 908 3180 aurum,
928 3126 1075 3186 arpentum
1100 3113 1262 3182 purgatorio
1287 3122 1456 3183 agnoscam,
1480 3131 1531 3170 nec
1556 3116 1646 3169 solum
1670 3115 1750 3188 igne,
1774 3115 1823 3170 sed
1850 3116 1934 3172 etiam

244 3209 271 3255 et
288 3201 401 3271 lapides
415 3201 568 3270 preciosos,
585 3216 668 3269 quam
683 3216 737 3264 eos,
758 3200 806 3271 qui
819 3203 940 3266 foenum
952 3212 977 3257 et
990 3204 1076 3272 stipu·
1101 3214 1175 3268 aqua
1193 3205 1222 3253 et
1240 3197 1353 3255 flumine
1370 3200 1505 3269 quasdam
1523 3200 1629 3254 animas
1644 3201 1757 3271 purgari
1774 3202 1934 3262 adstruunt.

245 3286 289 3339 lae
307 3287 590 3354 superaedificarent,
608 3283 660 3338 hoc
681 3291 723 3340 est
741 3292 797 3340 tam
816 3287 903 3343 honos
923 3306 1006 3358 quam
1020 3306 1075 3343 ma·
1102 3283 1161 3337 illis
1190 3286 1306 3354 opponit
1335 3302 1364 3338 se
1396 3284 1517 3339 Thomas
1540 3286 1651 3351 Morus,
1681 3287 1730 3359 qui
1754 3293 1829 3343 cont.
1847 3287 1934 3346 Lnth.

244 3373 285 3425 los
302 3372 331 3424 in
350 3372 429 3425 illum
446 3371 540 3441 ignem
558 3371 733 3428 descendere.
771 3378 796 3429 3.
817 3373 860 3428 De
876 3375 1004 3430 ministro
1027 3393 1076 3430 seu
1102 3369 1225 3425 scribens
1252 3371 1429 3441 pertinaciter
1459 3372 1608 3434 contendit,
1635 3373 1663 3425 in
1690 3373 1852 3443 purgatorio
1878 3392 1935 3430 nou

244 3463 347 3511 tortore
372 3473 406 3510 ae
431 3455 560 3511 carnifice
579 3457 740 3527 purgatorii.
776 3456 927 3517 Selmeron.
948 3466 1012 3514 tom.
1036 3468 1075 3518 rt.
1103 3474 1162 3512 csse
1179 3473 1290 3526 aquam,
1308 3457 1392 3528 idque
1412 3457 1512 3529 probat
1529 3474 1562 3512 ex
1579 3457 1662 3518 Zach.
1683 3466 1708 3516 9.
1750 3459 1936 3516 Bellarminus

243 3560 270 3612 p.
289 3547 354 3596 2³2:
372 3544 438 3597 Non
456 3544 555 3595 desunt
572 3543 857 3613 quidameenortris,
876 3546 927 3614 qui
940 3557 1077 3616 arserunt,
1103 3543 1148 3597 iib.
1170 3548 1194 3597 2.
1213 3542 1247 3597 de
1272 3559 1351 3614 purg.
1378 3560 1402 3599 c.
1425 3550 1469 3599 1οι
1496 3542 1607 3597 Certum
1631 3552 1685 3607 ert,
1707 3545 1737 3598 ιἰι
1758 3548 1935 3615 perpetes-io,

244 3629 395 3680 ‹Iaeruones
416 3628 548 3680 arridere
576 3629 634 3692 hie,
662 3628 713 3696 qui
725 3638 895 3697 purqantur,
920 3633 1028 3702 partim
1046 3643 1076 3686 nt
1101 3629 1173 3681 eicid
1192 3630 1278 3698 etiam
1297 3629 1328 3681 in
1345 3629 1468 3699 inferno,
1489 3645 1547 3682 esee
1563 3646 1684 3698 poenam
1703 3630 1789 3699 ipnie,
1808 3632 1866 3686 eive
1882 3633 1935 3693 iste

242 3713 342 3782 poenit
359 3713 475 3766 illorum
493 3713 644 3780 satientur,
666 3715 776 3783 partim
804 3716 872 3784 quia
890 3716 961 3785 speie
979 3719 1074 3786 impel-
1103 3716 1176 3781 iqnie
1192 3714 1354 3781 accipiatur
1371 3715 1504 3784 proprie,
1532 3716 1588 3768 rive
1613 3716 1811 3785 metaphorice,
1831 3725 1858 3771 et
1877 3718 1935 3772 rice

244 3798 363 3852 lentibus
380 3800 521 3866 quaedam
534 3808 655 3868 peccata
674 3801 861 3868 admiserunt,
884 3822 903 3856 a
921 3804 1020 3871 quibus
1037 3805 1077 3858 ihi
1102 3801 1240 3869 sipnificet
1259 3817 1383 3869 poenam
1408 3817 1517 3868 remur,
1549 3800 1607 3854 siue
1632 3803 1742 3865 damni,
1764 3809 1796 3855 ut
1818 3803 1935 3871 quedam

244 3887 394 3954 capiantur
416 3894 443 3937 et
461 3885 524 3936 ideo
541 3893 571 3936 ut
588 3887 707 3938 uictores
728 3887 788 3940 illie
807 3889 953 3944 insultant.
987 3888 1076 3951 Quam
1102 3886 1206 3942 volunt.
1220 3903 1244 3941 c.
1267 3892 1313 3942 11:
1336 3887 1495 3943 Communis
1520 3888 1657 3941 cententio
1678 3888 1869 3958 theodoporum
1886 3897 1933 3953 ert,

245 3978 336 4024 tarnen
355 3970 517 4024 sementiam
536 3970 591 4024 atii·
606 3973 715 4039 sorean
738 3976 899 4029 melioribus
918 3977 1076 4032 rationibus
1103 3989 1198 4027 verum
1222 3981 1247 4026 el
1266 3975 1418 4044 proprium
1444 3992 1502 4029 ιιιι
1525 3975 1617 4042 ionem
1641 3981 1668 4027 ιι
1687 3975 1813 4043 ιίιιιᾶιιιῑ
1831 3975 1936 4044 tpett'ct'

244 4066 379 4126 respuunt
399 4056 536 4111 utmr'nus
550 4058 735 4126 probabilem.
766 4060 951 4117 Bellurmiuus
970 4061 988 4118 l.
1004 4069 1027 4118 2.
1042 4064 1076 4118 de
1104 4079 1165 4113 cum
1181 4069 1278 4115 nostro
1297 4062 1476 4126 elementari,
1503 4080 1574 4131 quae
1593 4062 1728 4115 sententia
1747 4078 1804 4114 non
1823 4062 1936 4131 estqui·

246 4160 326 4215 purg.
345 4161 367 4198 c.
390 4150 433 4198 ιιι
459 4144 507 4196 An
526 4144 557 4196 in
577 4146 746 4213 purpatorio
764 4148 876 4200 animae
893 4156 1076 4217 torqueantur
1104 4149 1165 4199 dem
1189 4149 1224 4200 de
1249 4149 1320 4214 fide,
1352 4154 1444 4200 tamen
1470 4155 1511 4200 est
1535 4149 1773 4216 probabilissima.
1814 4147 1870 4204 Sed
1888 4148 1935 4204 hie

245 4246 265 4281 a
282 4231 479 4296 daemonibus,
500 4246 547 4282 res
564 4237 604 4281 est
623 4231 735 4285 cornino
755 4231 871 4287 incerta.
906 4236 982 4287 Nam
1001 4237 1077 4302 quod
1104 4249 1175 4286 nova
1193 4233 1279 4287 oritur
1292 4232 1450 4299 difficultas,
1470 4237 1607 4303 quomodo
1620 4235 1696 4302 ipnis
1708 4251 1859 4304 corporeus
1869 4244 1935 4290 urat

245 4333 301 4369 non
321 4324 504 4383 torqueantur
524 4333 543 4366 a
560 4315 742 4368 daemonibus
760 4333 809 4369 nec
829 4318 865 4370 ab
883 4320 1004 4387 anqelic,
1025 4323 1077 4373 sed
1105 4321 1235 4373 animast
1263 4317 1424 4390 Respondet
1437 4319 1622 4375 Bellarminus
1639 4337 1699 4391 cap.
1720 4326 1761 4377 12.
1779 4338 1836 4374 non
1852 4339 1936 4390 porse

245 4417 265 4452 a
294 4401 355 4451 solo
386 4402 464 4469 ique,
490 4402 588 4453 docent
620 4401 803 4470 Scholastici,
839 4411 870 4456 ut
910 4406 1032 4458 Thomas
1051 4411 1075 4463 t.
1104 4408 1132 4459 in
1155 4407 1209 4458 hac
1232 4406 1291 4459 uita
1320 4406 1404 4472 sciri,
1431 4408 1569 4474 memorio
1593 4407 1667 4476 iqnic
1694 4423 1847 4474 corporeus
1867 4416 1936 4478 apat

244 4493 311 4539 rent.
337 4487 402 4538 diet.
428 4489 474 4542 20.
503 4495 555 4543 art.
574 4492 599 4541 t.
631 4495 656 4539 et
679 4490 817 4541 rationem
844 4492 981 4556 reddunt,
1009 4493 1077 4562 quia
1103 4495 1133 4546 in
1159 4492 1282 4545 animam
1311 4491 1522 4560 incorpoream,
1553 4495 1604 4544 sed
1633 4493 1698 4547 licet
1726 4510 1782 4546 non
1806 4493 1937 4557 sciamur,

244 4589 336 4626 omnes
356 4573 467 4624 animae
483 4573 651 4641 purpatorii
667 4573 696 4626 in
715 4573 813 4627 ultimo
832 4577 961 4644 conflictu
980 4579 1076 4631 dicto·
1105 4580 1242 4648 monsedo
1260 4577 1296 4632 id
1311 4580 1377 4643 fiat,
1402 4593 1486 4647 porse
1510 4586 1601 4632 tamen
1623 4579 1702 4644 fieri,
1725 4587 1755 4632 ut
1776 4586 1882 4634 constet
1903 4597 1938 4634 eu

243 4659 302 4713 lum
321 4666 507 4727 repererunt,
528 4660 592 4711 ideo
613 4677 668 4713 non
689 4661 767 4712 dccet
785 4660 910 4712 divinam
921 4662 1075 4730 justitiam,
1104 4665 1226 4732 quodam
1244 4663 1340 4718 simili.
1388 4664 1517 4718 Videmus
1535 4672 1642 4728 autem,
1667 4665 1793 4718 ammam
1810 4665 1939 4736 incorpo-

243 4752 274 4798 ut
293 4744 379 4808 ιιιιαι,
402 4761 450 4796 eas
473 4745 509 4796 ab
534 4744 611 4799 hoste
629 4746 735 4799 deuicto
754 4747 857 4800 vexari.
902 4749 1015 4802 Deinde
1033 4749 1078 4803 liic
1104 4766 1182 4802 ream
1211 4749 1290 4802 renisi
1306 4750 1420 4820 corpori
1448 4750 1569 4803 humano
1599 4758 1625 4804 et
1640 4751 1666 4804 ei
1688 4751 1775 4804 uitam
1794 4752 1881 4816 dare,
1910 4760 1939 4806 et

243 4832 273 4884 in
298 4830 383 4883 terrie
410 4830 493 4882 etium
519 4832 662 4898 perfectos
692 4831 769 4885 circe
795 4833 944 4886 dnemom
969 4843 1078 4899 cecant,
1105 4852 1167 4888 cum
1184 4834 1236 4889 illc
1257 4836 1341 4888 dmul
1360 4837 1485 4904 paudere
1506 4843 1532 4888 et
1548 4840 1629 4905 pati,
1648 4852 1710 4890 cum
1727 4845 1818 4890 tamen
1837 4840 1938 4893 modus

244 4917 442 4986 quisperant,
467 4931 496 4967 se
516 4933 600 4986 porse
620 4932 668 4969 eae
687 4919 727 4970 ad
740 4924 889 4986 peecatum
901 4921 1079 4987 pertrahere,
1105 4921 1189 4990 hujus
1206 4921 1319 4975 unionis
1345 4922 1383 4975 eit
1407 4923 1495 4991 plane
1523 4922 1686 4992 ineffabilis.
1737 4922 1806 4984 Quis
1831 4924 1937 4994 cupiat,

244 5008 275 5056 at
296 5004 407 5055 animae
423 5002 586 5069 purqatorii
608 5003 697 5056 sciunt
722 5005 753 5058 in
773 5005 869 5073 pratia
899 5008 1079 5070 confirmatas
1106 5010 1244 5076 quemme
1267 5008 1385 5076 spiritus
1413 5010 1450 5062 rit
1476 5010 1576 5072 forma
1599 5009 1740 5077 corporis,
1771 5026 1833 5062 eum
1863 5010 1938 5065 inter

244 5106 300 5141 non
314 5105 399 5158 poree
417 5088 519 5140 cadere
537 5088 745 5141 electiotionem
761 5090 822 5143 illis
840 5092 997 5146 necmsario
1011 5110 1078 5161 pro·
1105 5110 1207 5162 eorpus
1240 5101 1266 5146 et
1298 5094 1429 5163 spiritum
1459 5095 1540 5148 nulla
1570 5096 1606 5147 eit
1634 5095 1809 5163 proportior
1858 5094 1939 5151 Sicut

243 5180 370 5238 futuram
402 5176 443 5227 ad
474 5173 635 5227 celeriorem
665 5176 878 5242 pnrpationem,
908 5197 964 5233 non
993 5179 1079 5246 ipitur
1106 5196 1171 5248 erpo
1186 5181 1280 5249 potuit
1298 5181 1378 5232 uniri
1400 5181 1518 5250 spirituc
1537 5180 1627 5247 carni,
1646 5186 1676 5232 ut
1695 5179 1743 5234 illi
1759 5181 1846 5234 vnum
1865 5198 1939 5236 eom·

245 5261 381 5315 credibile
412 5268 467 5326 ert,
498 5260 665 5311 daemonum
693 5276 781 5329 opera
799 5263 910 5316 animas
930 5263 1000 5318 ullus
1019 5282 1079 5318 ems·
1106 5267 1268 5334 municaret,
1288 5266 1329 5318 ita
1345 5274 1438 5335 potest
1455 5266 1535 5319 uniri
1554 5264 1673 5334 spirituc
1692 5266 1759 5334 ipni,
1778 5274 1810 5320 ut
1827 5266 1864 5320 ch
1884 5267 1939 5323 tcto

246 5347 328 5400 cieri.
376 5345 422 5399 Ec
447 5345 541 5400 altera
561 5352 663 5412 parte,
690 5348 767 5413 quod
783 5364 803 5399 a
822 5349 1002 5404 daemonibus
1022 5357 1079 5404 tor-
1104 5369 1224 5421 poenam
1250 5351 1360 5417 trahat,
1394 5353 1460 5406 licet
1492 5352 1592 5404 modus
1617 5353 1763 5422 utriusque
1790 5352 1827 5406 rit
1847 5352 1938 5422 plane

248 5439 388 5501 queantur
407 5431 520 5484 animae
534 5431 716 5500 purpatorii,
735 5433 835 5486 docent
853 5436 958 5489 multae
974 5438 1079 5492 revela-
1106 5437 1269 5506 incopnitnr.
1321 5437 1409 5509 Atqui
1429 5436 1525 5507 dispar
1542 5436 1614 5491 ratio
1644 5442 1700 5493 sst‘
1714 5437 1786 5492 inter
1815 5437 1938 5495 animam

249 5520 346 5586 tiones,
365 5516 461 5571 utillo
474 5517 598 5571 Furcaei
614 5517 695 5587 apud
706 5515 819 5571 Bedam
833 5519 852 5574 l.
868 5523 894 5575 3.
914 5520 977 5575 hiet.
997 5538 1021 5578 c.
1034 5526 1078 5580 19.
1107 5519 1276 5597 dissipator,
1296 5524 1404 5597 corpori
1424 5524 1538 5589 unitam,
1559 5528 1588 5578 et
1606 5521 1757 5599 ἀσώματοι
1775 5527 1856 5580 extra
1876 5540 1937 5581 cor-
