4104 6014
206 169 265 226 436
829 155 1059 214 'I'RAOI'ATUS
1077 156 1276 218 SECUNDUS

205 323 279 368 lasse
309 313 361 366 hoc
391 328 499 382 nemim,
528 313 654 377 fortasse
675 313 785 377 falsum
813 312 863 379 eit,
895 318 987 365 terren
1015 311 1043 364 si
1069 313 1197 366 batorum
1221 331 1257 367 ac
1279 315 1491 369 demortuarum
1516 312 1638 380 qlornum
1655 315 1720 379 post
1739 309 1773 362 id
1789 317 1906 378 tempas,

203 415 299 453 oerum
317 407 372 467 cst,
392 399 625 466 quemadmodum
644 397 691 452 illi
708 404 851 466 conpruet,
869 397 919 466 qui
934 413 986 450 nos
1002 396 1041 448 ui·
1068 416 1121 466 quo
1144 400 1243 454 nullae
1268 400 1357 455 solent
1380 400 1411 454 in
1436 399 1481 454 his
1499 399 1583 452 terris
1601 411 1762 465 comparere
1779 392 1906 464 amplius

204 486 326 554 vilicavit
343 503 393 538 mco
411 486 563 554 sauqru'nc,
589 485 688 540 eistete.
730 484 867 555 Oonqruit
886 484 947 552 illi,
965 483 1043 551 quod
1067 487 1242 555 hirundines,
1261 494 1286 539 ct
1304 488 1381 554 quod
1397 486 1510 540 delatae
1527 485 1558 538 in
1575 482 1758 556 vaporarium
1777 479 1907 534 calidum

206 572 305 624 matria
325 588 393 625 caro
413 570 537 636 merificat
556 572 692 638 sanquine
710 587 761 624 arto
781 571 857 635 filios
872 586 952 638 suos,
976 585 1042 621 riam
1067 573 1141 626 ritae
1174 591 1236 626 mor
1260 572 1372 640 fuerint
1402 570 1542 625 redditae,
1579 569 1637 624 Alii
1667 566 1794 638 exempla
1821 564 1906 620 etiam

206 665 231 712 ct
256 658 315 727 ipse
340 658 480 727 pollinam
501 674 531 711 sc
550 657 620 711 dicit
639 673 724 726 super
737 658 836 726 pullos
854 673 935 723 suos,
961 654 1043 707 habet
1068 658 1199 727 recitant,
1231 659 1305 730 quod
1334 659 1363 710 in
1389 658 1487 727 qlobos
1514 657 1648 712 collectae
1673 656 1704 708 in
1724 653 1906 724 profundum

204 751 353 812 paemen
379 743 587 810 nodositatem,
615 744 696 798 leabet
721 750 877 797 maternum
901 744 1041 812 affectum,
1069 762 1208 813 aquarum
1226 761 1256 799 sc
1276 745 1422 812 dejicient,
1438 750 1487 797 aut
1504 743 1554 797 sub
1570 741 1712 797 littoribus
1732 739 1908 793 abscondant

207 831 335 898 conqruit
354 830 438 883 etiam
454 830 529 899 ipsi,
547 833 626 898 quod
643 831 755 884 occidat
766 830 848 898 filios
865 845 944 895 siros,
972 825 1043 880 dicit
1070 837 1196 885 mortuae
1216 847 1302 900 usque
1325 833 1365 884 ad
1383 838 1488 901 tempus
1507 847 1637 896 omnum,
1665 844 1719 898 quo
1736 825 1907 881 reviviscant

207 917 296 970 enim:
328 918 390 984 Epo
414 917 543 970 occidam
572 923 598 970 et
622 933 672 986 eqo
689 917 850 986 vivificabo,
877 932 927 984 eqo
940 930 1042 983 percu
1069 919 1168 972 denuo.
1203 917 1372 971 Audivimus
1391 918 1473 972 etiam
1491 917 1610 971 recitari
1637 921 1700 968 uta
1713 910 1906 982 piscatoribus

207 1004 275 1056 thren
301 1011 328 1057 et
353 1020 403 1071 epo
427 1003 547 1070 sanabo,
574 1002 656 1057 Dent.
685 1008 726 1057 32.
763 1002 870 1056 Similia
896 1006 1044 1055 occurrunt·
1069 1011 1237 1076 compertum
1257 1022 1291 1059 oc
1315 1005 1436 1072 sinqulis
1460 1003 1544 1058 annis
1567 1003 1757 1064 obseruatum,
1778 999 1857 1068 quod
1874 996 1905 1049 in

206 1090 281 1160 apud
302 1089 502 1158 Hieronymum
521 1089 579 1144 siva
597 1095 737 1144 auctorem
757 1089 890 1159 epistolae
910 1088 946 1142 ad
959 1088 1042 1141 Prae·
1068 1099 1216 1151 anetumpo
1232 1109 1324 1163 prope
1336 1093 1473 1161 oppidum
1486 1090 1577 1144 Beslse
1591 1089 1620 1142 in
1631 1088 1739 1156 finibus
1752 1083 1906 1139 Marchiae

206 1176 322 1246 sidium,
338 1175 504 1246 Gregorium
525 1175 552 1229 in
574 1176 674 1230 Psalm.
696 1183 720 1230 5.
737 1176 841 1246 poenit.
860 1180 887 1228 ct
905 1173 1042 1228 Isidorum
1069 1179 1168 1245 situm,
1186 1180 1263 1248 quod
1279 1178 1346 1231 olim
1362 1178 1461 1246 paruit
1480 1175 1631 1230 baronibus
1648 1192 1667 1227 a
1684 1171 1855 1238 Biberstein,
1874 1169 1905 1221 in

207 1264 236 1318 in
264 1280 324 1334 cap.
353 1263 388 1318 de
416 1263 521 1319 avibus.
566 1262 685 1327 Quidam
710 1262 848 1330 scribunt,
870 1262 1043 1331 pelecanum,
1068 1273 1197 1334 acapnum
1220 1265 1364 1334 pomam
1390 1263 1568 1332 profundum
1598 1277 1629 1314 se
1664 1259 1812 1313 demittant
1839 1271 1904 1308 cou-

208 1353 322 1420 quando
349 1351 448 1418 pullos
478 1367 544 1404 suos
572 1351 703 1416 eaclrait,
732 1351 839 1418 fodere
869 1356 963 1403 rostro
993 1362 1043 1401 seco
1069 1354 1240 1416 plemen-otae
1259 1369 1293 1405 ee
1310 1350 1459 1404 arboribus
1478 1350 1621 1417 delapsae,
1640 1346 1905 1415 qrmeadstaqmam
1919 1343 1999 1388 xvm.
2015 1341 2048 1385 ³⁵!

207 1453 309 1506 coques
333 1443 415 1505 atque
440 1437 482 1490 ito
508 1436 651 1490 cosulere
671 1452 721 1490 seco
741 1435 886 1505 sanquine.
924 1432 1043 1497 Quidam
1069 1439 1146 1494 illud
1170 1443 1359 1504 eemeoeruut,
1383 1452 1417 1490 ac
1442 1435 1509 1488 inde
1533 1433 1718 1498 eutrahantur
1737 1445 1822 1498 saepe
1839 1434 1905 1480 tem

209 1528 348 1590 asserunt,
380 1522 544 1591 pelcconum
584 1523 635 1575 hoc
667 1524 752 1576 modo
781 1521 928 1575 restituere
959 1521 1044 1573 uitam
1065 1541 1138 1595 pore
1161 1525 1275 1578 hiberno
1298 1523 1328 1576 in
1352 1539 1452 1590 moqno
1473 1535 1588 1575 numero
1612 1537 1632 1572 a
1646 1516 1839 1587 piscatoribus
1857 1520 1905 1567 ete.

205 1609 296 1678 preliis
320 1610 478 1674 interfectio
501 1626 596 1663 morsu
620 1609 766 1680 sequeutia
805 1607 859 1662 Sed
884 1606 1044 1661 scholiastes
1069 1617 1217 1680 resurqant
1246 1618 1338 1665 autem
1365 1610 1432 1663 inde
1460 1613 1487 1661 ct
1511 1608 1654 1676 prodeant
1679 1611 1803 1672 tempore
1820 1616 1905 1655 veruo

212 1693 361 1765 Epiphanii
389 1694 498 1759 minii,
526 1697 648 1764 lituram
671 1695 805 1763 Ρθῑθθαιῑῖ
829 1701 924 1747 ²⁹0³er
944 1699 1044 1761 P002¹¹⁸
1070 1716 1126 1753 non
1137 1697 1276 1767 qreqatim
1293 1697 1345 1749 sed
1358 1692 1508 1764 siqillatim
1523 1709 1582 1746 una
1594 1698 1662 1761 post
1675 1690 1774 1743 aliam.
1812 1689 1840 1742 d.
1853 1683 1907 1738 tu·

209 1781 382 1834 sascciantem
400 1798 435 1834 ac
455 1797 544 1852 supra
559 1781 656 1850 puellos
675 1781 840 1850 sanquinem
860 1778 1044 1833 instillantem
1070 1786 1159 1839 culus.
1205 1781 1335 1838 Neander
1360 1781 1388 1834 in
1414 1778 1498 1835 theol.
1517 1778 1543 1832 d.
1561 1793 1607 1848 p.:
1627 1778 1674 1830 De
1693 1773 1806 1841 ascuto,
1830 1772 1908 1843 quod

208 1882 310 1935 eosque
345 1867 529 1931 vivificantem
556 1864 612 1936 pro
644 1867 764 1920 arbitrio
792 1866 935 1934 pictorum
965 1865 1045 1918 nobis
1069 1874 1163 1926 ‚uduo
1179 1869 1339 1938 reperiatur
1356 1866 1510 1937 implumis
1529 1865 1631 1935 effusis
1650 1870 1773 1930 tempore
1790 1859 1905 1912 hiberno

209 1952 345 2020 cohiberi,
368 1968 419 2006 nec
443 1953 532 2007 ειιεηι
556 1954 672 2021 leniusve
690 1960 811 2006 natrerae
829 1968 907 2006 ovem
926 1968 1045 2022 resqrsam
1071 1958 1185 2012 ahaim
1209 1957 1238 2009 ip
1260 1972 1332 2010 roeo
1354 1954 1445 2009 silleio
1460 1952 1562 2006 arbore
1599 1966 1634 2004 ae
1662 1949 1740 2018 quod
1757 1945 1906 2000 sermea

210 2053 278 2105 esse,
292 2039 454 2107 partimque
475 2054 508 2092 ec
520 2039 640 2092 Aeliani
657 2039 720 2093 loco
739 2040 775 2092 de
787 2039 897 2107 pictate
917 2039 1044 2108 ejusdem
1070 2046 1112 2098 aa
1134 2044 1283 2108 fornacem
1306 2044 1445 2108 acinctus,
1469 2055 1555 2109 saepe
1574 2036 1702 2106 exempla
1721 2032 1841 2088 recitari
1858 2047 1906 2083 aa·

209 2124 271 2177 avis
296 2123 327 2176 in
344 2124 434 2188 titios,
458 2125 566 2192 partim
584 2140 616 2178 cc
637 2125 732 2188 Horo,
755 2124 806 2193 qui
821 2124 959 2178 auduram
976 2122 1044 2176 ιιιί·
1070 2131 1192 2184 elisimus
1220 2148 1240 2183 a
1266 2129 1337 2183 viris
1365 2128 1525 2194 nobilitate,
1556 2127 1614 2189 ride
1639 2139 1674 2177 ac
1701 2121 1802 2176 virtute
1819 2132 1906 2187 prae·

205 2208 266 2277 psit
287 2210 406 2276 femora
429 2210 559 2263 sormiare
581 2216 607 2262 ει
626 2226 659 2263 ea
679 2211 776 2271 fluenti
791 2209 928 2278 senonense
946 2207 1046 2277 pullos
1068 2217 1214 2271 grammar,

207 2311 339 2365 pascere,
365 2296 416 2349 hoc
436 2312 515 2349 omne
533 2297 624 2360 fuisse
641 2297 775 2366 effictum,
798 2312 859 2349 cum
877 2302 903 2348 et
920 2294 1047 2348 Hebraei
1105 2309 1148 2360 33,
1185 2300 1351 2355 animantia
1371 2298 1527 2366 terremia,
1549 2298 1631 2360 fmus
1652 2291 1772 2352 salival
1790 2292 1907 2349 insecta.

210 2383 327 2449 inqcnue
347 2384 504 2450 fateantur,
528 2381 638 2435 nescire
655 2397 694 2449 se,
714 2398 787 2448 quae
805 2382 866 2436 avis
883 2381 920 2434 sit
933 2380 1045 2449 peleca-
1071 2396 1136 2445 sunt
1156 2395 1178 2444 ι,
1204 2387 1257 2440 leo,
1284 2384 1419 2456 Origenes
1439 2383 1512 2441 hom,
1539 2389 1579 2438 ιι.
1599 2382 1628 2436 in
1648 2397 1710 2451 cap.
1728 2385 1770 2435 49.
1789 2377 1907 2433 Genea:

210 2484 270 2521 nea.
306 2472 329 2521 3.
343 2467 460 2535 Aquila.
492 2466 605 2521 Dictum
636 2466 735 2537 psaltis
761 2467 830 2538 regii
864 2467 968 2524 Psalm.
988 2472 1046 2533 103,
1071 2479 1129 2529 Leo
1148 2490 1211 2527 cum
1236 2472 1326 2536 sacru
1345 2477 1437 2539 natea,
1465 2469 1555 2523 tribus
1575 2469 1673 2523 diebus
1692 2473 1718 2520 et
1734 2465 1825 2518 tribus
1843 2479 1907 2516 noc

211 2568 236 2605 v.
256 2559 286 2607 5:
308 2552 543 2606 Removebiturut
562 2552 677 2622 aquilae
690 2555 825 2623 jacentus
839 2561 895 2622 tua,
916 2552 996 2608 multi
1013 2568 1046 2606 ex
1071 2561 1145 2614 tibus
1174 2558 1287 2625 dormit,
1315 2564 1380 2610 tunc
1410 2556 1514 2609 deiende
1533 2554 1630 2623 patris
1649 2552 1746 2621 ruqitu
1773 2558 1908 2617 lanqueum

143 2638 146 2647 '
211 2637 353 2693 veteribus
377 2637 414 2692 ad
439 2638 647 2694 renovationem
670 2655 816 2711 corporum
837 2643 993 2694 poemorum
1016 2638 1045 2692 in
1071 2645 1252 2709 tremefactae
1270 2642 1371 2697 cubitio
1390 2641 1470 2694 locris
1485 2640 1604 2694 maritat
1623 2637 1747 2691 catulum
1766 2635 1907 2688 ιιονιηίεπ·

214 2722 417 2778 dicnovissimo
436 2723 792 2795 exspectandamrelerunt,
812 2726 840 2780 in
855 2725 1046 2797 explicatione,
1071 2741 1134 2789 rom,
1172 2729 1296 2786 Adduoit
1324 2728 1376 2782 hoe
1402 2725 1537 2796 Origenes
1556 2741 1590 2779 ex
1616 2722 1795 2793 Physiologo,
1823 2736 1906 2792 quem

214 2815 308 2865 tamur
336 2816 365 2865 et
382 2811 636 2867 accommodatione
654 2810 728 2867 illins
748 2812 814 2866 dicti
834 2811 981 2883 plurimum
999 2827 1046 2865 va·
1071 2818 1243 2890 Epiphanius
1263 2814 1462 2872 commentario
1481 2811 1638 2867 illustravit
1655 2827 1716 2880 cap.
1736 2813 1768 2863 tr
1790 2809 1906 2862 Leaena

212 2896 293 2953 riant.
329 2895 448 2961 Quidam
468 2896 542 2952 enim
559 2898 682 2970 aquilam
699 2898 824 2954 renovari
843 2901 955 2968 negant,
972 2897 1046 2953 ideo·
1071 2913 1210 2960 maestam
1235 2911 1261 2957 et
1286 2919 1397 2956 coecum
1421 2901 1480 2955 edit
1503 2899 1636 2965 caldeos,
1656 2897 1743 2965 juata
1763 2909 1843 2962 quem
1860 2894 1906 2945 de·

213 2998 268 3053 que
285 2982 370 3037 verba
386 2983 485 3054 psalmi
504 2989 646 3055 exponunt
661 2983 706 3038 rel
723 2985 838 3052 mpstice
856 2983 891 3037 de
910 2983 1046 3038 instaura·
1066 2994 1142 3061 firoe
1161 2992 1192 3044 in
1209 2990 1290 3043 ittam
1314 2989 1419 3040 habens
1436 2985 1532 3040 sartos
1551 2983 1645 3037 triduo
1670 2981 1760 3044 cubat,
1778 2980 1823 3034 his
1841 2994 1907 3032 vcro

212 3069 287 3123 tione
325 3068 404 3140 regni
435 3076 498 3139 post
527 3069 716 3140 captivitatem
748 3069 962 3140 Babylonicum,
1001 3069 1045 3123 vel
1071 3076 1227 3131 transancto
1243 3076 1288 3129 teo
1308 3073 1419 3128 aceedit
1438 3080 1464 3127 ee
1483 3070 1656 3125 inrotatum
1671 3068 1772 3136 spirat,
1790 3065 1841 3135 qui
1850 3071 1906 3117 sta·

212 3155 343 3210 historice
361 3155 396 3209 de
413 3162 514 3226 vegeta
531 3154 641 3227 aquilae
658 3160 759 3210 natura
775 3173 809 3211 ac
822 3156 973 3211 fortissima
985 3158 1045 3227 ejus
1071 3165 1121 3218 eim
1141 3171 1166 3217 ee
1183 3164 1224 3216 aa
1242 3162 1329 3214 atem
1352 3165 1501 3213 reuocetur
1514 3164 1540 3211 et
1558 3157 1651 3211 tumen
1672 3153 1818 3208 cadorum
1837 3150 1907 3205 reci·

210 3241 372 3311 juventutc;
407 3243 520 3313 quidam
545 3241 642 3297 literae
661 3242 850 3310 inhaerentes,
876 3242 986 3314 aquilae
1004 3259 1046 3297 re·
1068 3251 1123 3323 pie,
1160 3247 1235 3302 Illud
1258 3246 1294 3300 nd
1318 3243 1558 3300 resuscitationem
1583 3256 1729 3311 corporum
1750 3245 1907 3294 neruorum

212 3328 386 3383 novationem
411 3334 566 3385 constanter
587 3327 723 3398 affmunt,
747 3345 830 3400 quam
848 3329 893 3384 rel
912 3331 949 3382 de
965 3344 1046 3384 reno·
1073 3318 1140 3393 vo'oo
1175 3332 1277 3388 Christi
1304 3329 1491 3400 peragendam
1520 3327 1749 3393 accommodant,
1775 3323 1799 3377 is
1834 3322 1907 3376 enim

214 3415 337 3480 vatione,
366 3432 422 3483 qrca
448 3414 566 3482 sinqulis
588 3415 731 3469 decenniis
751 3416 921 3484 juvenescit,
949 3415 995 3470 vel
1012 3417 1047 3469 de
1071 3425 1187 3476 vocatur
1208 3421 1252 3473 leo
1272 3417 1400 3472 detribu
1424 3416 1507 3469 Juda
1524 3415 1613 3483 Apoc.
1632 3420 1658 3481 5,
1682 3429 1708 3465 v.
1728 3418 1752 3465 5.
1769 3418 1794 3465 2.
1825 3411 1908 3476 Mpo·

213 3499 431 3569 repullulatione
455 3517 613 3568 pennarum
639 3517 748 3572 semper
775 3509 871 3571 nepeta
898 3506 1047 3573 exponunt.
1071 3526 1131 3562 aus.
1158 3503 1333 3575 Epiphanius
1354 3502 1383 3555 in
1406 3505 1529 3556 mactat.
1554 3499 1580 3553 d.
1600 3499 1634 3555 l:
1655 3499 1778 3564 Mpoaus
1796 3494 1905 3549 animal

215 3584 317 3640 Confer
335 3584 544 3654 Hieronymum,
563 3586 753 3656 Augustinum
772 3592 801 3642 et
820 3587 1000 3658 anthymium
1017 3587 1046 3641 in
1073 3594 1192 3650 moriam
1214 3598 1346 3646 remeotre
1373 3598 1399 3642 et
1422 3604 1521 3642 rursus
1540 3593 1606 3654 post
1623 3592 1751 3654 tempora
1765 3588 1824 3637 'msa
1837 3581 1908 3635 reni·

214 3670 411 3725 commentario
436 3670 509 3724 illius
534 3671 639 3742 psalmi.
679 3679 703 3727 t.
731 3673 888 3730 Palumbes.
924 3672 1047 3744 Epipha-
1071 3680 1157 3735 virete
1197 3680 1224 3732 3.
1244 3677 1375 3744 Serpens.
1411 3672 1562 3743 Gregorius
1581 3670 1701 3739 Nysscn.
1725 3673 1793 3722 orat.
1818 3672 1842 3722 3.
1872 3665 1908 3720 de

212 3757 274 3811 nius
298 3756 326 3809 in
351 3762 481 3810 ancorato
506 3756 557 3810 col.
581 3762 659 3812 10⁰0:
681 3759 747 3811 Non
764 3759 912 3827 persuasit
930 3773 978 3814 eos
997 3760 1048 3826 (re-
1073 3770 1215 3822 resurrect
1236 3762 1353 3817 Christi:
1374 3762 1452 3814 Nam
1468 3765 1494 3812 et
1513 3758 1572 3811 uita
1588 3762 1747 3823 serpentum
1764 3754 1907 3807 medsdu·

213 3842 391 3898 comestionis
416 3842 599 3911 adversarios)
618 3844 765 3912 palumbes
782 3845 905 3914 auicula,
929 3845 1049 3898 moritur
1073 3852 1111 3905 ott
1130 3853 1171 3904 ad
1183 3846 1435 3917 comprobationem
1444 3844 1609 3913 propositae
1620 3843 1749 3898 rationia
1786 3839 1909 3892 Iliorum

213 3930 287 3983 enim
304 3929 334 3982 iu
353 3929 450 3983 ‹liebus
467 3931 660 3998 quadrapinta
679 3937 705 3983 ει
723 3947 824 3983 rursus
838 3937 906 4000 post
923 3937 1048 3999 tempora
1074 3935 1146 3990 enim
1166 3936 1263 3989 uiuida
1280 3933 1369 3985 uirtus
1391 3930 1506 3984 hiberno
1530 3934 1652 3996 tempore
1672 3925 1856 3995 nrortiſscatur
1873 3939 1909 3978 ac

214 4033 266 4068 arca
284 4015 432 4068 reviviscit.
475 4022 498 4070 5.
517 4014 702 4070 Hirundines.
738 4014 877 4070 Lntherus
900 4015 929 4070 in
952 4032 1049 4072 comm
1075 4038 1180 4076 mmor
1204 4036 1253 4074 eea
1271 4020 1302 4072 in
1322 4016 1449 4071 eavcrrds
1469 4014 1635 4067 cleldescunt
1650 4011 1764 4080 penitas
1785 4009 1908 4065 immobi-

215 4117 276 4171 eap.
295 4106 318 4157 l.
344 4099 445 4156 Gerros.
470 4104 533 4157 tom.
558 4107 579 4159 l.
598 4118 665 4171 pag.
687 4107 731 4156 15:
756 4100 932 4156 Miraculum
951 4104 987 4156 de
1007 4101 1048 4155 hi·
1075 4108 1126 4163 les.
1159 4108 1228 4162 tum
1247 4112 1339 4158 autem
1356 4108 1492 4156 stdutum
1505 4106 1613 4168 tempus
1630 4097 1776 4155 advenerit
1794 4103 1822 4151 et
1836 4096 1908 4150 tovi·

214 4188 452 4242 ruadinibus·usu
470 4196 565 4242 notum
584 4196 632 4257 est,
651 4190 727 4257 quod
737 4188 767 4242 in
776 4189 859 4258 aquis
869 4204 924 4259 per
934 4188 1049 4244 hiemem
1075 4202 1140 4247 trua
1170 4193 1200 4246 in
1225 4192 1328 4246 mundo
1358 4187 1492 4244 emudita
1512 4185 1631 4249 fuerim,
1653 4185 1737 4254 quasi
1765 4185 1909 4252 quoddam

215 4280 341 4327 mortuae
364 4275 460 4342 iaceat
482 4281 508 4326 et
530 4273 581 4328 sub
606 4281 739 4327 aestatem
761 4273 945 4345 reviviscunt,
974 4275 1051 4345 quod
1074 4281 1185 4348 siquam
1208 4278 1363 4346 fraqorem
1385 4273 1557 4342 accipientes
1576 4271 1704 4325 celeriter
1728 4269 1861 4325 crdtiunt
1882 4276 1910 4323 et

215 4375 283 4412 sane
308 4377 439 4427 moqnum
466 4367 506 4412 est
532 4359 746 4414 resurrectionis
767 4369 880 4414 nostrae
904 4378 1049 4428 aequoreu-
1076 4367 1160 4434 tonqo
1187 4362 1339 4417 intervallo
1363 4366 1496 4415 consttsta
1519 4364 1615 4427 aquut.
1657 4356 1802 4419 Quaenam
1822 4355 1909 4424 huius

215 4452 280 4498 tum.
321 4442 457 4514 Georgius
484 4444 574 4514 Major
599 4450 627 4499 in
660 4451 806 4501 comment.
835 4452 857 4501 1.
875 4446 983 4518 epistol.
1013 4447 1049 4501 ad
1074 4452 1118 4506 rei
1136 4450 1212 4504 ratio
1232 4449 1295 4502 esti
1331 4447 1410 4500 dieat
1432 4445 1502 4498 mihi
1520 4444 1672 4513 quaesitor,
1689 4443 1795 4520 arbitep
1812 4449 1840 4495 et
1864 4457 1908 4495 ee·

216 4527 493 4599 Cor.cap.15.rcl'crt,
511 4531 724 4602 seWitebergae
743 4534 772 4586 in
789 4533 892 4602 templo
910 4534 981 4588 arcis
998 4533 1206 4629 sabipiorator
1234 4550 1350 4604 opemm
1378 4531 1439 4586 Dei
1467 4534 1618 4598 doceatque
1643 4544 1694 4594 me,
1722 4545 1780 4596 qao
1796 4529 1910 4581 ratione

217 4620 328 4669 vetusta
345 4614 464 4685 quadam
483 4616 579 4669 tabula
596 4623 719 4687 tempore
742 4617 840 4673 hiemis
857 4619 1218 4690 conglobatam‘eoncsdat,
1240 4635 1346 4687 unques
1371 4619 1483 4687 quidem
1502 4617 1622 4684 sraqore
1645 4614 1763 4668 tonitrui
1786 4619 1910 4668 mortuos

216 4700 391 4755 hirundinum
423 4700 581 4770 congeriem
607 4703 757 4770 Invenisse,
786 4721 858 4775 quae
883 4704 912 4758 in
935 4683 1250 4776 vapore-lreeuscitari,
1267 4706 1391 4760 homines
1409 4720 1475 4757 vero
1488 4719 1543 4756 nou
1561 4702 1693 4755 admittat
1709 4701 1775 4754 tuba
1796 4701 1856 4754 Dei
1872 4703 1908 4754 de

213 4787 285 4841 rium
304 4784 413 4840 deletae
432 4784 559 4854 spiritum
579 4803 613 4842 ac
631 4788 718 4842 vitam
732 4789 895 4860 receperint.
931 4768 1153 4849 Michaelleoeto
1184 4799 1332 4847 emanante
1366 4789 1490 4843 animam
1525 4787 1650 4857 recipere
1684 4794 1711 4840 et
1744 4787 1910 4852 vivificaret

214 4871 343 4929 Neander
362 4872 392 4925 in
418 4877 534 4925 sentent.
562 4878 672 4942 patrum
692 4892 756 4945 pag.
783 4881 842 4932 241.
866 4880 895 4931 et
918 4876 948 4930 in
966 4877 1049 4932 theol.
1074 4879 1263 4950 Physiologus
1281 4892 1340 4946 cap.
1362 4880 1408 4930 1³:
1444 4873 1515 4928 Cum
1534 4889 1649 4943 serpens
1665 4874 1744 4928 senio
1763 4880 1910 4943 precatur,

215 4955 324 5014 Christ.¹
331 4974 395 5029 pag.
416 4962 479 5013 700:
498 4958 608 5011 Retulit
625 4961 694 5014 mihi
703 4961 874 5016 stanciscus
884 4961 1050 5016 Schuslerus
1074 4967 1203 5036 eatiqant
1234 4962 1320 5027 oculi,
1350 4969 1376 5015 et
1406 4978 1468 5015 cum
1494 4950 1608 5014 iterum'
1613 4960 1792 5028 juvenescere
1810 4966 1911 5028 parat,

212 5044 288 5110 iures
311 5045 458 5116 utriusque
479 5046 578 5099 doctor
595 5062 630 5100 ac
649 5047 780 5102 coendum
797 5066 817 5102 a
835 5047 966 5117 Stolhsrq
984 5067 1048 5105 con·
1073 5051 1268 5124 quadrariam
1287 5049 1385 5103 diebus
1397 5048 1458 5101 cibo
1471 5047 1590 5100 abstinet
1608 5054 1635 5100 et
1650 5048 1764 5100 tandem
1782 5046 1910 5106 metita

212 5130 357 5202 siliarius,
403 5149 537 5187 mamaeae
575 5131 631 5186 sibi
660 5133 765 5202 Spirae
801 5153 867 5192 ann.
898 5140 977 5192 1545.
1007 5139 1047 5194 D.
1073 5137 1259 5209 cutequaerit
1272 5142 1393 5205 petram,
1407 5149 1462 5203 per
1474 5134 1555 5202 cuim
1570 5134 1711 5202 smmi
1725 5149 1827 5202 MW
1844 5131 1912 5185 Μ

215 5215 323 5272 Huehcl
337 5226 552 5287 procuratorem
571 5218 635 5284 fisci
653 5219 827 5292 imperialis,
845 5225 923 5292 quod
942 5223 1047 5293 Spirae
1074 5228 1244 5282 contendens
1269 5237 1433 5292 pronusque
1473 5219 1597 5274 transire
1631 5219 1731 5274 nitimr
1766 5226 1911 5286 memque

213 5300 243 5353 in
269 5304 387 5358 aedibus
413 5306 506 5359 soceri
531 5303 578 5358 eui
602 5303 781 5374 Wolspurqii
804 5308 861 5363 viri
886 5310 1047 5365 coraularis
1072 5313 1155 5376 sarcit,
1173 5328 1229 5380 qua
1253 5309 1383 5379 deposita
1401 5308 1506 5377 paucist
1523 5313 1607 5375 atque
1626 5305 1727 5359 itermn
1742 5304 1910 5374 juvamen.

212 5403 246 5441 ac
264 5391 386 5458 patricii
406 5393 544 5466 rqscrerit
566 5390 703 5463 inqentem
727 5392 912 5452 hirundinum
933 5398 1045 5467 conolo-
1071 5398 1179 5458 Similia
1199 5396 1286 5455 hebet
1307 5392 1497 5457 Tertullianus
1515 5392 1576 5450 libr.
1600 5391 1637 5446 de
1653 5391 1751 5462 Pallio.
1789 5398 1816 5449 t.
1835 5390 1909 5448 Sca·
