4104 6014
233 203 293 264 366
812 187 937 250 LOCUS
960 184 1169 252 VICESIMUS
1187 185 1336 246 SEXTUS

233 367 265 405 ao
291 367 448 415 rensaneas,
472 351 546 404 audi
568 349 652 404 etiam
677 348 747 419 quid
767 355 912 418 remmus,
930 341 1081 461 numquid,
1094 338 1212 413 langius,
1249 342 1464 408 Gensbrardus,
1499 340 1651 399 dausenius
1682 346 1736 400 stc.
1791 338 1933 400 Pontificii

232 436 342 490 Pauus
366 437 516 499 cruscifirus
540 443 581 489 ast
598 451 656 503 pro
679 435 777 489 nebu!
819 434 899 502 Erpa
918 439 1067 501 postquam
1094 434 1331 486 commentatores.

233 522 328 576 oenus
353 528 416 575 tuos
442 521 577 576 levaveris
605 521 636 573 in
663 527 775 586 montes,
800 520 876 571 unde
896 518 969 571 venit
989 515 1067 569 ausi·
1129 520 1187 570 465.
1224 520 1248 571 6.
1269 516 1371 572 Psalm.
1392 520 1448 581 139,
1465 531 1537 571 rara.
1559 522 1598 571 lt.
1636 515 1824 570 Milionium
1842 509 2051 571 hono-²³¹²

233 607 303 661 lium
327 608 395 674 tibi,
421 607 440 660 i.
466 622 490 662 a.
512 607 541 658 s'n
564 613 693 659 auctores
719 604 933 673 scripturarum
957 601 1068 655 diuina·
1094 599 1202 667 rificati
1220 612 1283 654 sunt
1302 603 1389 655 amisi
1406 603 1449 656 tui
1466 605 1562 666 Deum
1586 602 1672 656 nimis
1691 603 1872 665 confortatus
1888 609 1931 655 est
1944 568 2051 667 {idm

144 722 148 729 ·
231 694 433 757 remetienda
453 692 578 744 omnibus
594 691 727 745 medullis
745 689 941 743 sussomnibus
956 687 1064 742 ossibus
1080 687 1272 754 ,principatus
1297 703 1401 746 aarum.
1456 691 1536 759 Erpa
1560 688 1698 742 sanctini
1724 689 1784 742 Dei
1800 689 1888 741 umeri
1904 678 2051 742 at⁸‘¹¹⁸⁸⁸⁰¹

97 2943 119 2985 d.
137 2943 223 2984 Psalm-

92 2994 139 3037 186.
153 3007 176 3036 s.
191 2993 224 3037 11.

98 3047 125 3086 ln
150 3049 224 3087 serris

90 3099 137 3139 suis
146 3097 224 3148 depra-

128 3152 224 3190 cabitur.

233 779 400 833 clamosarum
400 820 415 854 4
442 778 563 832 Domine
587 778 651 846 quis
668 776 771 830 similis
798 776 871 829 tibi!
900 782 931 827 ut
954 752 1239 841 sssunulprtmipss
1269 775 1370 828 mssnrii
1397 775 1536 845 sclipiosa
1565 773 1741 828 inuocatione
1760 779 1825 828 sunt
1844 775 1931 829 bona

233 865 294 919 sine
317 864 380 918 ullu
407 864 515 931 injuria
539 863 674 916 montium
691 861 788 931 duas,
818 861 955 914 auritium
979 875 1069 911 meum
1095 858 1190 912 randi.
1229 858 1381 930 Gregorius
1408 861 1444 916 de
1473 859 1604 916 Valentia
1631 866 1730 915 contra
1755 858 1932 918 Heerbrand

234 969 253 1004 a
269 950 402 1018 Domino,
420 949 470 1018 qui
484 949 554 1014 facit
574 948 681 1003 coslum
705 954 731 1001 et
746 955 859 1000 terram.
896 947 962 1000 Non
979 943 1070 998 solum
1096 959 1157 1012 cap.
1182 949 1207 999 6.
1226 943 1337 1016 apolog.
1375 945 1601 1015 Respondemus:
1630 951 1652 1001 1.
1680 946 1758 1001 aliud
1780 951 1824 1001 est
1847 945 1932 1001 hono-

233 1045 298 1090 tunc
320 1036 449 1088 sibinen
474 1035 671 1089 succsnsebunt
695 1040 815 1101 mutes,
834 1033 887 1085 ssd
906 1040 972 1085 tunc
990 1047 1069 1082 ama·
1097 1044 1158 1083 sare
1184 1037 1295 1085 sanctos
1313 1039 1344 1087 ut
1363 1031 1416 1086 Dei
1434 1033 1548 1102 amicos,
1573 1032 1652 1087 aliud
1678 1047 1744 1087 vero
1757 1032 1889 1103 religiosa
1906 1035 1935 1086 at
1949 1046 2051 1090 xvssas

234 1122 308 1189 bunt,
335 1129 400 1175 tunc
419 1121 512 1188 maris
536 1121 679 1189 fauebunt,
706 1119 735 1173 si
756 1120 787 1172 in
807 1118 877 1186 ipss's
895 1133 973 1188 spem
992 1123 1070 1168 tuam
1097 1114 1259 1184 suppliciter
1288 1132 1334 1172 eos
1360 1117 1496 1173 invocare.
1536 1123 1561 1173 2.
1598 1117 1724 1190 Vulgata
1754 1119 1846 1174 versio
1879 1117 1935 1171 dis·

231 1207 371 1277 posueris,
400 1205 641 1260 contrs'stabuntus·
671 1213 721 1260 etr.
759 1203 837 1258 Idem
867 1202 896 1255 iu
925 1217 1023 1256 comm.
1043 1199 1071 1255 h.
1097 1201 1173 1255 cedit
1197 1218 1216 1255 a
1240 1201 1366 1256 fontibus
1383 1203 1522 1272 sennes,
1556 1204 1605 1275 qui
1631 1205 1784 1275 interprete
1804 1203 1934 1275 Pagniuo

234 1291 354 1348 Psalmi:
373 1292 439 1345 Non
456 1297 642 1359 praesumunt
662 1291 698 1344 dc
712 1290 858 1353 montibus,
878 1288 947 1358 quia
965 1294 1072 1341 montes
1098 1293 1126 1341 et
1142 1287 1211 1343 Aria
1228 1288 1361 1343 Montano
1381 1289 1421 1344 sic
1438 1289 1559 1345 hebent:
1585 1291 1664 1344 Mihi
1682 1309 1767 1361 quam
1787 1291 1936 1360 pretiosas

235 1396 290 1432 nnn
309 1394 377 1431 osc
398 1375 808 1446 incommunicatum,
828 1376 863 1428 ds
881 1391 935 1442 qsso
956 1374 1070 1441 dictum,
1098 1374 1213 1436 fuerunt
1249 1375 1433 1442 aspirationes
1461 1383 1527 1430 tuas
1557 1395 1573 1432 o
1605 1377 1700 1431 Dausl
1740 1395 1825 1447 qssom
1856 1377 1936 1430 inva-

235 1471 297 1519 srat
315 1465 520 1530 inmensorum,
539 1463 617 1531 quod
636 1461 779 1516 illuminat
798 1474 905 1532 amnem
923 1459 1070 1515 hominem.
1095 1459 1208 1513 luerunt
1227 1475 1325 1514 aarum
1342 1464 1486 1516 summae!
1523 1461 1697 1517 Vocabulum
1720 1463 1798 1538 3¹¹3]
1822 1463 1853 1518 iu
1879 1462 1934 1518 hoc

234 1549 349 1603 Montes
374 1549 498 1617 inteilipi
523 1554 640 1617 possunt
666 1545 791 1600 homines
809 1546 913 1613 mapni,
946 1545 1071 1598 homines
1095 1543 1156 1614 ipso
1174 1544 1280 1615 psalmo
1302 1563 1327 1602 r.
1343 1551 1366 1604 1.
1379 1555 1532 1618 usurpatur
1550 1565 1601 1618 pro
1615 1549 1795 1616 capitatione,
1814 1548 1935 1604 eandem

235 1636 317 1691 clari.
350 1635 390 1688 Et
405 1637 467 1703 giris
478 1633 573 1701 maios·
591 1632 725 1686 Jotanns
739 1630 898 1700 Baptista!
915 1639 964 1685 etc.
986 1631 1072 1684 Vides
1096 1629 1327 1701 significationem
1352 1632 1461 1688 obtinet
1479 1633 1508 1687 in
1526 1651 1552 1689 v.
1575 1639 1614 1690 l't.
1634 1641 1667 1689 ut
1686 1652 1788 1705 scopus
1807 1641 1837 1690 et
1855 1641 1934 1690 auta-

236 1740 368 1791 mupnum
406 1727 524 1776 monum
565 1718 708 1772 lucentem.
763 1719 844 1771 Audi
886 1719 1068 1786 confitentem.
1096 1716 1254 1770 cedentium
1272 1723 1301 1772 et
1319 1719 1549 1789 consequentium
1568 1725 1660 1776 textus
1677 1722 1809 1776 ostendit
1844 1721 1937 1777 Docet

238 1809 314 1871 Quid
332 1807 526 1870 confitentem!
546 1806 622 1859 Nam
644 1820 750 1871 omnes,
775 1804 880 1872 inqua,
900 1805 935 1856 ds
947 1803 1071 1872 plenitu·
1097 1801 1169 1856 euim
1198 1801 1336 1873 propheta
1365 1804 1468 1874 regius,
1501 1805 1532 1860 in
1563 1805 1727 1862 formatione
1759 1806 1878 1861 hominis
1904 1806 1935 1860 in

237 1895 303 1948 dina
320 1894 384 1962 ejus
408 1892 575 1960 accepimus.
614 1891 662 1944 De
689 1891 771 1959 cujus
798 1906 866 1954 erpo
894 1888 1072 1957 plenitudine
1097 1893 1176 1942 utero
1202 1894 1334 1958 suetonio,
1360 1889 1388 1943 in
1408 1890 1533 1960 ejusdem
1565 1892 1776 1948 conservatione
1795 1908 1830 1947 ac
1847 1892 1934 1947 totins

236 1986 403 2049 acceperunt
433 1985 548 2042 montes,
574 1978 610 2029 ab
635 1976 687 2030 s'tto
716 1977 769 2029 tibi
793 1975 939 2042 sterilium,
966 1993 1024 2028 non
1052 1992 1071 2027 a
1096 1974 1170 2028 vitae
1195 1973 1399 2045 gubernatione
1423 1983 1503 2031 tanta
1530 1984 1639 2032 exstare
1662 1978 1772 2035 divinae
1791 1979 1935 2049 potentiae

237 2066 382 2121 montibus.
418 2061 520 2118 Confer
537 2066 617 2116 tra'ct.
637 2066 659 2116 1.
679 2061 707 2115 in
724 2059 888 2117 Johau.uhi
901 2078 951 2131 pes·
964 2065 1071 2114 montes
1098 2075 1132 2113 ac
1154 2061 1307 2129 sapientiae
1327 2061 1500 2131 documenta,
1524 2070 1557 2118 ut
1574 2080 1607 2118 ea
1626 2080 1677 2119 nec
1694 2081 1808 2120 numero
1828 2065 1936 2135 possint

237 2150 369 2222 intelligit
386 2148 545 2221 Scripturas
568 2163 671 2213 sacras,
699 2146 895 2218 prophetarum
916 2153 945 2202 et
961 2154 1071 2216 aposto·
1098 2146 1303 2217 comprehendi,
1330 2165 1382 2203 nes
1413 2149 1560 2219 diligentia
1590 2150 1712 2205 humana
1739 2150 1936 2221 pervestigari,

237 2237 325 2293 lorum
352 2235 504 2291 ministerio
536 2235 617 2289 uobis
642 2231 760 2288 relictas.
797 2231 903 2287 Eodem
920 2248 1004 2287 sensu
1026 2249 1072 2288 ex·
1097 2232 1192 2285 statim
1222 2233 1295 2286 enim
1326 2234 1439 2288 additur
1462 2253 1489 2290 v.
1517 2242 1641 2306 sequent.
1666 2237 1849 2290 AEnumuabo
1875 2251 1935 2303 aas,

238 2328 346 2393 ponunt
365 2321 489 2376 Hilarius
515 2328 544 2376 et
562 2319 751 2390 Hieronymus
769 2319 798 2372 in
817 2335 886 2377 com.
905 2318 1072 2390 Euthymius
1098 2318 1127 2372 id
1151 2326 1194 2373 est
1217 2318 1239 2371 si
1264 2319 1438 2376 dinumerare
1461 2321 1524 2376 illas
1554 2321 1645 2388 velim,
1670 2322 1935 2391 multiplicabuntur

236 2426 287 2480 per
311 2417 418 2463 montes
443 2405 574 2477 intelligit
597 2406 689 2460 seems
707 2404 744 2459 ob
760 2422 895 2460 summam
914 2420 1009 2459 eorum
1033 2405 1071 2458 als
1098 2421 1169 2474 praa
1186 2423 1284 2461 arena.
1317 2411 1340 2460 3.
1359 2405 1389 2461 Si
1404 2406 1533 2461 lentium
1552 2408 1706 2463 versionem
1723 2408 1932 2479 amplectamur,

236 2496 391 2551 titudinem.
446 2494 535 2548 Illinc
553 2494 626 2546 enim
642 2493 796 2561 sperabam
814 2494 1000 2545 adventurum
1017 2492 1074 2544 sibi
1098 2490 1176 2544 nulla
1205 2497 1249 2544 cst
1274 2490 1359 2561 hujus
1388 2492 1517 2546 versiculi
1541 2510 1605 2548 cuns
1623 2510 1707 2563 scopo
1726 2493 1935 2565 psalmographi

238 2598 297 2636 sesa
324 2587 483 2634 comatum
512 2578 571 2632 Dei
599 2578 746 2647 auritium,
774 2597 829 2649 quo
847 2579 956 2633 lucente
977 2577 1073 2632 ittosss¹
1098 2583 1127 2631 et
1140 2593 1202 2631 cuns
1227 2577 1455 2633 antecedentibus
1480 2595 1512 2633 ac
1537 2579 1771 2651 consequentibns
1797 2579 1936 2644 cohaesio,

237 2667 268 2720 in
304 2666 432 2736 patrium
462 2665 648 2734 peruenirent.
698 2664 802 2719 Eodem
837 2664 920 2719 modo
959 2664 1074 2735 exponit
1099 2669 1130 2717 ut
1143 2663 1259 2718 cuilibet
1275 2664 1365 2733 primo
1383 2664 1592 2720 statimintuitu
1608 2674 1650 2721 est
1668 2666 1789 2723 ebrium.
1814 2666 1934 2722 Secutm

236 2752 367 2825 Baptista
384 2750 543 2822 Foleugius.
1098 2766 1163 2805 sero
1187 2756 1230 2804 est
1247 2750 1381 2820 interpres
1405 2750 1524 2806 Latinus
1542 2758 1574 2806 ut
1592 2751 1658 2808 ahbi
1685 2752 1726 2808 ita
1746 2770 1859 2825 quoqne
1881 2754 1935 2809 hoc

1097 2835 1158 2891 loco
1168 2835 1249 2891 Lxx
1258 2837 1431 2908 interpretas,
1441 2838 1488 2909 qui
1498 2838 1680 2895 reddiderunt
1688 2841 1717 2892 oi
1726 2843 1806 2911 ptius
1814 2859 1875 2910 oon,
1883 2857 1934 2912 pso

271 2931 331 2982 464.
366 2931 391 2981 5.
428 2923 523 2989 Pssslm
546 2926 604 2989 135,
629 2938 654 2977 v.
684 2925 722 2976 lt
757 2920 908 2975 Judirnhit
933 2921 1072 2976 Dominus
1099 2922 1176 2996 ψῃ
1198 2924 1322 2994 legentes
1367 2924 1456 2998 3³37,
1493 2941 1511 2980 a
1541 2925 1651 2980 nomine
1689 2926 1757 2997 t'tsffi
1824 2929 1935 2994 socius,

237 3012 372 3083 poputum
399 3028 479 3063 suum
505 3017 532 3062 st
559 3009 590 3061 in
615 3008 703 3060 servia
726 3008 787 3060 suis
815 3009 1023 3078 deprecabitur,
1040 3009 1073 3061 isi
1097 3011 1213 3077 amicus,
1242 3009 1409 3071 familiaris.
1443 3018 1466 3066 4.
1495 3009 1621 3066 Potiores
1647 3010 1812 3083 interpretes
1835 3012 1935 3084 slpuds

238 3107 279 3153 art
311 3096 459 3165 ropetitur
483 3094 592 3148 scilicet
618 3093 649 3147 in
674 3093 781 3146 sanctis
811 3094 879 3148 arsis.
909 3094 1072 3163 Responde·
1098 3091 1267 3154 rinolentiae
1294 3095 1383 3149 secuti
1412 3095 1447 3150 de
1471 3096 1687 3167 cogitationibus
1721 3097 1779 3153 sive
1809 3098 1934 3154 consiliis

240 3200 314 3239 mus:
339 3191 359 3237 1.
397 3180 527 3235 Hebraea
544 3178 646 3234 veritas
662 3179 702 3233 sic
716 3178 808 3242 habet,
819 3180 963 3247 judicium
980 3181 1072 3242 societ
1099 3178 1199 3233 divinis
1225 3186 1380 3250 exponunt,
1411 3180 1446 3234 de
1467 3193 1626 3236 sanctorum
1654 3199 1721 3238 varo
1759 3182 1934 3241 invocatione

237 3270 378 3324 Dominus
392 3266 501 3337 populo
518 3283 569 3318 suo
591 3265 703 3339 Ειζιξηῗ
726 3267 822 3340 ι’ζιζιζ
844 3247 917 3328 ΗΜ,
938 3273 964 3319 et
987 3282 1073 3334 super
1099 3264 1212 3319 verbum
1233 3265 1337 3320 nullum
1356 3266 1471 3321 addunt.

237 3357 326 3410 servis
339 3357 398 3408 suis
408 3353 994 3422 ducuerpoem'ummvsttpnoseussruis
1004 3355 1071 3417 suis,
1133 3356 1193 3407 166.
1229 3357 1252 3406 l.
1283 3352 1331 3407 Os.
1358 3356 1398 3417 12,
1421 3368 1448 3409 v,
1474 3357 1499 3407 4.
1524 3352 1559 3407 da
1581 3352 1689 3408 «lacobo
1713 3354 1872 3424 patriarcha
1892 3354 1934 3409 di·
1946 3362 1968 3404 1.
1977 3362 2051 3405 orest

241 3451 274 3497 ut
290 3441 434 3510 Puguinus
462 3438 553 3495 vertit.
595 3437 649 3504 Qui
676 3437 829 3491 versiculus
846 3437 961 3493 totidem
980 3436 1072 3493 verbis
1097 3436 1184 3491 citur:
1202 3437 1382 3491 Incaluitud
1398 3439 1530 3508 angelum
1549 3446 1575 3491 st
1593 3439 1770 3505 corisortatus
1785 3449 1843 3511 est,¹
1851 3442 1933 3509 floris
1947 3416 2051 3518 ζξέἐζξ

236 3528 339 3599 legitur
361 3527 444 3584 Dent.
473 3532 515 3589 32,
542 3543 567 3580 v.
594 3533 635 3581 ³6.
662 3524 711 3579 ubl
735 3524 851 3594 vulgata
872 3524 996 3579 reddidit
1019 3526 1071 3578 mi·
1098 3530 1124 3575 at
1149 3523 1261 3590 rogauit
1287 3540 1357 3578 eum.
1394 3525 1475 3590 Erpa
1492 3524 1632 3577 inuocauit
1657 3525 1794 3594 unpelum,
1814 3544 1849 3580 ac
1864 3545 1933 3598 pro·
1948 3517 2006 3559 ¹¹¹⁰·

235 3615 396 3668 sorranus..
414 3618 439 3669 2.
467 3612 569 3667 Sensus
602 3627 636 3664 ex
667 3617 807 3678 contextu,
843 3611 1004 3681 cumprimis
1038 3627 1070 3666 ex
1097 3609 1163 3662 inda
1183 3608 1372 3663 etiamnuncti
1387 3609 1517 3664 invocari
1528 3618 1654 3678 possunt,
1675 3611 1779 3680 quippe
1797 3613 1848 3680 qui
1867 3621 1934 3668 sunt

237 3698 445 3753 Deuteronomii
472 3697 531 3752 loco
557 3695 733 3764 manifestus,
762 3695 838 3766 quod
861 3696 967 3751 scilicet
991 3696 1068 3751 Dens
1097 3695 1247 3767 iusiyystos.
1282 3694 1327 3749 lta
1351 3695 1491 3750 concludit
1514 3694 1664 3751 Salmeron.
1693 3697 1767 3751 dicto
1784 3697 1853 3752 loco.
1880 3698 1934 3755 Re·

236 3784 389 3840 secundum
401 3781 615 3836 misericordiam
636 3799 714 3835 suam
733 3782 955 3852 ergapopulum
973 3758 1276 3853 poeni-'spondemusz
1307 3788 1329 3838 1.
1349 3783 1489 3853 Angelum
1522 3782 1608 3851 illum,
1631 3800 1696 3838 cum
1724 3801 1780 3854 quo
1807 3783 1933 3840 iacchus

236 3871 350 3926 tentiam
375 3877 503 3939 agentem
524 3868 561 3921 sit
579 3867 689 3922 iuturus
716 3867 868 3938 placabilis,
888 3876 1007 3937 peccata
1026 3824 1150 3924 relisit
1167 3869 1339 3930 colluctatus,
1367 3885 1420 3923 uon
1440 3875 1561 3922 creatum
1580 3869 1699 3939 aliquem
1719 3870 1859 3941 angelum,
1883 3871 1933 3927 sed

236 3956 370 4011 mittendo
390 3961 418 4010 et
436 3970 531 4024 preces
549 3953 732 4021 exaudiendo,
752 3953 826 4008 unda
846 3952 1005 4008 Chaldaeus
1029 3954 1070 4009 sic
1096 3955 1186 4024 ipsum
1205 3954 1256 4008 Dei
1277 3953 1378 4008 Filium
1405 3953 1505 4022 inisse,
1532 3953 1675 4025 colligitur
1700 3964 1758 4011 tum
1776 3973 1810 4009 eu
1832 3957 1933 4028 appal-

235 4042 328 4111 vertit,
360 4049 387 4095 et
408 4056 609 4110 superstruas
632 4057 699 4092 suos
719 4039 816 4107 justos
839 4047 1015 4094 consutrtur
1038 4040 1069 4094 in
1095 4040 1209 4103 latione,
1240 4045 1354 4094 vocatur
1377 4039 1450 4093 enim
1468 4024 1510 4104 hit,
1538 4047 1567 4095 et
1598 4025 1700 4116 11ιῇἙῇ
1742 4039 1813 4096 Gen.
1837 4047 1879 4106 32,
1905 4058 1932 4098 r.

236 4128 465 4181 miserationibus
489 4127 556 4180 suis.
594 4129 620 4179 3.
655 4123 843 4196 Hieronymus
867 4125 951 4179 vertit
972 4090 1128 4180 como-lua
1147 4131 1175 4178 et
1194 4130 1236 4182 30.
1271 4125 1379 4181 debora
1407 4123 1494 4179 Elohe
1524 4125 1678 4181 hazobaoth
1709 4126 1773 4183 Ose.
1805 4133 1845 4196 12,
1860 4146 1888 4183 r.
1906 4134 1934 4185 6.

235 4212 355 4280 tasum,
388 4212 563 4284 Augustinus
583 4220 608 4266 rt
628 4211 657 4264 in
676 4212 763 4266 smum
791 4213 851 4264 arsia
874 4213 1069 4279 advocabitur,
1094 4219 1199 4266 tusnar
1212 4212 1402 4265 bencdictione
1420 4219 1448 4266 at
1465 4211 1574 4268 animae
1591 4212 1689 4280 salute,
1708 4231 1792 4284 quam
1806 4215 1932 4273 lacobus

235 4305 267 4353 ut
291 4299 328 4353 sit
351 4317 457 4363 seusus,
476 4299 567 4354 Deum
585 4296 786 4352 incredulitatis
805 4295 942 4352 tuosius
959 4305 1067 4368 partae·
1094 4296 1131 4352 ab
1160 4297 1213 4351 hoc
1239 4296 1339 4368 angelo
1364 4297 1530 4367 impetravit.
1556 4297 1625 4352 Gen.
1647 4303 1689 4359 31,
1714 4317 1740 4354 v.
1759 4305 1801 4356 ³0.
1820 4310 1879 4356 tum
1896 4321 1932 4357 aa

235 4401 294 4438 sum
319 4383 374 4439 tide
398 4384 521 4455 gentium
544 4384 713 4438 oblectatum
727 4382 768 4439 iri.
806 4381 987 4452 Euthymius:
1006 4400 1067 4438 aso·
1093 4383 1185 4438 cultus
1196 4383 1472 4448 disinterbibitions,
1490 4383 1556 4453 quia
1569 4383 1693 4438 Jacobus
1706 4384 1928 4443 benedictionem

234 4471 360 4537 rabitur,
380 4470 408 4525 id
428 4477 470 4524 est
487 4472 528 4522 ad
546 4477 657 4524 montes
676 4476 703 4521 et
725 4468 872 4537 placantes
891 4485 954 4522 sum
972 4470 1129 4530 smossab
1155 4469 1208 4524 hoc
1233 4470 1334 4540 angelo
1360 4468 1448 4538 petiit,
1475 4485 1559 4538 quam
1591 4486 1609 4523 a
1626 4470 1685 4525 solo
1707 4470 1767 4526 Deo
1785 4489 1817 4528 se
1834 4490 1929 4529 couse-

234 4573 300 4610 suos
317 4556 461 4625 fluctuas,-
477 4555 521 4609 set
529 4554 667 4625 populum
686 4553 797 4621 quidem
807 4561 970 4622 precantem
983 4543 1187 4649 judi-'cutum
1211 4553 1364 4626 profitetur,
1391 4553 1463 4610 Gen.
1491 4559 1533 4623 48,
1554 4571 1579 4611 s.
1600 4561 1640 4611 15.
1660 4563 1720 4610 tum
1738 4574 1772 4611 cu
1794 4559 1931 4628 interpr-a·

234 4643 309 4696 cubit
333 4651 359 4695 ct
376 4658 485 4711 poenas
507 4642 543 4695 ab
561 4642 601 4694 sis
619 4640 715 4708 eripit,
740 4656 759 4692 a
772 4639 979 4708 poenitentibus
998 4660 1065 4697 uero
1080 4651 1151 4769 ,rum
1171 4640 1372 4705 testificatione,
1392 4640 1458 4710 quia
1481 4647 1552 4694 teste
1569 4639 1680 4696 Peresio
1699 4642 1726 4696 in
1746 4659 1845 4698 comm.
1864 4643 1892 4701 h.
1913 4645 1930 4702 l.

234 4728 396 4782 morabitur
420 4736 504 4796 uque
528 4743 575 4781 eos
598 4725 755 4793 Minucii.
788 4723 995 4781 Theodorstus:
1013 4746 1068 4782 non
1094 4726 1231 4795 lustinus,
1255 4725 1453 4789 Tertullianus,
1480 4724 1613 4795 Hilarius,
1636 4728 1815 4797 Ambrosius,
1841 4728 1929 4799 Oysil·

235 4831 287 4867 nos
303 4813 340 4867 ab
358 4813 483 4868 hostibus
497 4821 795 4883 oppupnatoscamans
814 4811 1068 4882 demissumque
1094 4814 1145 4877 lus,
1173 4812 1365 4867 Theodoretus
1388 4817 1417 4865 et
1443 4811 1490 4866 alii
1508 4828 1542 4866 ex
1572 4812 1712 4867 veteribus
1731 4814 1836 4881 dicunt,
1855 4815 1931 4871 hunc

236 4901 377 4967 rondipna
390 4899 494 4954 nostris
505 4897 789 4969 pcccatisaupplicia
805 4897 924 4967 infligas.
954 4903 978 4952 4.
1000 4897 1068 4954 Vul·
1095 4900 1225 4970 angelum
1243 4897 1329 4952 fuisse
1346 4896 1399 4952 Dei
1420 4897 1530 4954 Filium.
1558 4898 1637 4953 Idem
1654 4898 1798 4955 definitum
1819 4901 1848 4954 in
1864 4918 1930 4956 con·

235 4994 330 5058 gataur
360 4984 511 5040 versionem
538 4984 574 5039 ad
600 4984 718 5038 eundem
735 4999 847 5037 sensum
877 4969 1157 5046 accommodatlcilio
1188 4984 1349 5056 smyrnensi
1365 4999 1425 5038 can.
1448 4989 1486 5040 lt.
1522 4989 1547 5042 2.
1574 4987 1751 5057 ισιιγγιλόιης
1786 4985 1930 5043 beatorum

234 5070 336 5126 Glossa
354 5069 506 5126 ordinaria:
532 5069 747 5138 Deprecatitur,
766 5068 800 5120 id
818 5076 860 5121 ast
879 5068 1068 5138 deprecabilis
1080 5060 1081 5069 ’
1094 5088 1156 5125 cusu
1176 5071 1279 5126 sanctis
1290 5069 1397 5141 augelis
1415 5087 1470 5126 non
1484 5078 1526 5127 est
1542 5070 1626 5125 latius
1643 5072 1825 5142 extendenda,
1845 5091 1930 5144 qnam

233 5159 376 5226 afficietur
394 5157 534 5212 orationes
553 5173 649 5211 aarum
674 5156 861 5210 exaudiendo.
896 5153 981 5228 Hugo
998 5156 1064 5211 Car·
1093 5157 1227 5226 permittit
1249 5155 1461 5227 comparationis
1485 5155 1606 5210 tertium.
1645 5156 1748 5229 Augeli
1765 5165 1831 5214 suut
1848 5159 1928 5230 spiri·

233 5243 346 5299 dinalis:
366 5242 572 5312 Deprrcubitur
588 5241 633 5295 nal
650 5241 835 5295 &vocabitur
850 5241 894 5295 ost
907 5241 1064 5296 consolabi-
1091 5250 1136 5298 tus
1163 5241 1398 5311 administratorii,
1430 5258 1547 5314 quorum
1574 5256 1658 5311 opera
1684 5243 1761 5299 Deus
1788 5243 1876 5300 utitur
1899 5245 1929 5300 in

231 5336 280 5383 tur
298 5329 491 5399 inpraesenti
507 5327 633 5397 pretium
658 5328 832 5391 consuendo
852 5334 878 5380 et
893 5327 1016 5395 pluriam
1034 5328 1065 5381 in
1090 5328 1233 5384 voluntate
1257 5344 1308 5382 sua
1334 5327 1491 5383 hominibus
1518 5325 1715 5398 denuntianda,
1739 5330 1814 5386 uude
1840 5331 1869 5386 in
1886 5331 1927 5386 ri·

230 5415 339 5485 (saura
375 5420 400 5474 t.
433 5415 541 5473 Eodem
564 5428 648 5470 sensu
666 5411 809 5486 accipiunt
828 5412 988 5487 Osjetauus,
1010 5413 1064 5470 Fo-
1088 5415 1164 5471 sibili
1181 5413 1274 5487 specis
1292 5413 1458 5486 quandoque
1483 5419 1637 5485 apparent,
1667 5416 1716 5473 ssd
1738 5416 1774 5473 de
1785 5416 1928 5490 spiritibus
