4104 6014
103 228 112 251 .
207 224 298 281 460.
828 206 1057 267 ursmarus
1078 208 1279 297 sneuunus

207 367 370 423 ἀθανασίαν
387 386 412 423 v.
433 374 474 423 53.
498 369 603 424 assent.
641 375 666 423 3.
685 368 749 422 Duo
771 364 910 421 connectit
928 369 1036 434 aposto·
1051 414 1053 431 ,
1067 366 1160 423 orbem
1179 369 1215 423 ad
1235 369 1451 439 praedicandum
1469 368 1645 440 evangelium
1666 368 1831 424 discessuris
1852 367 1907 423 col-

207 455 251 509 lus
266 454 294 509 in
309 453 429 524 corporis
444 455 594 524 spiritualis
607 453 836 521 denominatione,
855 449 1040 505 substantiam
1051 442 1054 467 '
1067 453 1168 508 lectum
1187 455 1236 518 sit,
1255 454 1356 510 disemo
1374 464 1466 510 umen
1484 455 1640 524 adstruunt,
1662 455 1697 509 ab
1714 453 1784 525 ipsis
1799 461 1907 523 aposto·

207 546 238 595 et
255 540 431 610 qualitatem,
452 539 609 594 substantia
629 540 681 593 erit
700 539 810 600 eadem,
829 537 911 591 videl.
930 546 1054 604 corpua‚i
1068 538 1101 591 lis
1121 540 1290 593 emericum
1312 547 1340 595 et
1357 539 1550 609 approbatum.
1585 540 1724 595 Pacianus
1741 540 1770 593 in
1790 539 1871 609 epist.
1886 545 1908 594 1.

209 626 330 696 qualitas
342 630 435 678 sutem
448 624 609 681 mutabitur.
624 625 690 695 quia
706 623 856 679 seminatur
868 639 968 692 corpus
980 608 1103 678 ant-*ed
1131 624 1332 694 Sempronium.
1375 624 1571 694 Antiquissimi
1599 625 1748 696 scriptores
1779 625 1908 681 ecclesia·

210 712 297 778 mele,
316 715 442 780 resurget
461 727 560 779 eorpus
580 711 737 779 spirituale.
773 709 828 764 Sed
845 664 1144 777 haecmutatioistici,
1169 709 1301 764 Irenaeus
1328 718 1356 763 et
1383 708 1586 772 Tertullianus,
1616 711 1727 766 nomine
1752 710 1908 767 traditionis

211 795 376 866 qualitatum
396 812 451 848 non
469 795 553 848 infert
571 796 658 865 ipsius
671 795 842 850 substantiae
855 793 1041 860 abolitionem,
1054 779 1236 882 §apostolicae
1262 795 1378 850 totidem
1404 812 1468 850 vere
1491 796 1582 851 verbis
1601 795 1756 867 symbolum
1783 796 1851 851 illud
1868 814 1909 852 re·

208 886 265 935 tam
285 897 349 935 vere
363 881 526 935 enimestet
541 886 774 951 vocetureorpus,
791 879 1041 950 quendoestspiri-
1069 882 1170 941 citant.
1211 880 1256 934 ille
1286 880 1397 951 quidem
1431 881 1492 934 libr.
1525 886 1548 936 2.
1576 882 1639 937 adv.
1670 881 1745 937 haer.
1774 899 1837 953 cap.
1867 888 1906 938 41.

211 967 389 1037 malequam
404 982 467 1019 vere
481 970 560 1020 estet
574 965 1041 1035 vocaturcorpus,quandoestani·
1069 985 1131 1038 pag.
1155 974 1210 1023 112.
1231 985 1269 1022 ac.
1288 967 1349 1020 libr.
1375 973 1394 1021 1.
1419 967 1482 1020 adv.
1500 967 1575 1024 haer.
1595 984 1655 1039 cap.
1673 973 1698 1023 2.
1717 983 1783 1038 pag.
1803 967 1907 1025 ethic

211 1053 288 1109 male.
319 1052 493 1122 Augustinus
514 1052 541 1105 in
560 1051 637 1107 ench.
656 1057 773 1122 capel:
795 1052 874 1105 Sicut
893 1069 965 1104 nnnc
983 1069 1042 1104 cor·
1055 1052 1057 1119 j
1069 1069 1133 1106 vero
1154 1054 1183 1106 iu
1201 1053 1262 1107 libr.
1283 1055 1318 1107 ‹le
1338 1053 1499 1122 praescript.
1516 1053 1578 1107 adv.
1594 1053 1697 1110 haeres.
1717 1070 1783 1124 pag.
1798 1059 1856 1109 110.
1875 1070 1908 1108 ac

210 1159 262 1208 pne
281 1139 530 1206 onirnulerlieitur,
549 1139 625 1207 qnod
643 1147 734 1191 tumen
753 1155 855 1207 eorpsu
875 1155 929 1190 non
948 1124 1104 1201 (ιη-1111111111
1130 1137 1235 1191 veland.
1264 1137 1392 1208 virginib.
1419 1155 1482 1209 pag.
1512 1146 1569 1195 566.
1615 1149 1637 1197 9.
1666 1139 1746 1202 Quod
1774 1138 1906 1210 Symbolo

208 1234 267 1290 en,·
285 1227 327 1279 itu
345 1233 409 1278 tune
427 1224 577 1293 apriutnele
597 1222 651 1277 erit
670 1241 782 1292 corpas,
799 1232 891 1276 temen
910 1242 966 1278 nere
985 1226 1042 1292 spi-¹
1055 1206 1058 1313 1
1069 1224 1221 1294 apostolico
1242 1241 1284 1287 ea,
1303 1240 1374 1294 quae
1394 1223 1429 1278 de
1448 1223 1504 1278 tide
1525 1226 1554 1278 iu
1567 1224 1699 1295 Spiritum
1718 1233 1806 1280 sanct
1818 1243 1906 1297 usque

209 1313 286 1367 fitne.
328 1310 405 1366 Sicut
424 1311 504 1363 homo
522 1314 668 1380 aegrotus,
692 1309 803 1380 quando
826 1309 924 1363 iterum
943 1326 1042 1364 conva-
1055 1318 1057 1349 Ι
1070 1309 1105 1362 ad
1125 1308 1208 1363 finem
1227 1309 1372 1377 habentur,
1391 1308 1590 1379 posterioribus
1609 1310 1720 1365 demum
1740 1311 1840 1365 seculis
1858 1311 1905 1367 sd·

210 1396 298 1461 lescit,
319 1413 374 1450 non
392 1395 467 1449 exuit
487 1395 632 1466 pristinam
650 1403 778 1449 naturam
790 1412 839 1451 seu
852 1395 1043 1463 substantiam,
1070 1393 1129 1447 dita
1152 1394 1222 1457 sint,
1250 1392 1413 1465 figmentum
1442 1402 1483 1451 est
1505 1394 1633 1449 Ostorodi
1651 1395 1711 1450 sine
1732 1397 1791 1451 ulla
1807 1399 1906 1468 probs·

210 1483 361 1537 sednovas
382 1481 637 1553 inaequalitates,
658 1479 1042 1552 vigoremscilioetsixpa·
1070 1477 1119 1532 bili
1147 1480 1308 1549 conjectura
1339 1481 1532 1552 excogitatum.
1570 1480 1723 1536 Confundit
1748 1482 1906 1538 haereticus

211 1576 282 1636 otor,
303 1567 437 1638 acquirit;
464 1569 504 1621 sic
531 1569 559 1620 in
588 1567 786 1621 resurrectione
812 1585 867 1621 non
893 1565 1044 1621 mutabitur
1070 1563 1226 1633 symbolum
1264 1567 1443 1636 apostolicum
1483 1583 1546 1619 eum
1577 1566 1690 1622 Niceno.
1743 1568 1906 1638 Symbolum

211 1654 333 1725 corporis
359 1653 530 1715 substantie,
560 1653 609 1707 sed
636 1653 712 1706 novis
730 1652 911 1723 qualitatibus
930 1670 1043 1707 exorna·
1070 1648 1204 1702 Nicenum
1223 1651 1385 1705 terminatur
1405 1653 1433 1705 iu
1451 1651 1501 1705 illa
1517 1650 1649 1717 clausula,
1668 1660 1695 1706 et
1715 1654 1745 1706 in
1766 1653 1907 1723 Spiritum

212 1741 293 1795 bitur.
333 1746 357 1795 t.
380 1739 486 1808 Corpus
506 1756 561 1794 non
580 1738 684 1793 babens
705 1737 889 1792 substantiam
907 1738 997 1793 caruis
1016 1743 1044 1794 et
1069 1743 1209 1797 sanctam,
1241 1753 1275 1790 sc
1293 1737 1402 1807 reliqua
1419 1753 1492 1807 quse
1512 1744 1678 1806 sequuntur,
1705 1739 1862 1793 Dominum
1881 1749 1907 1795 et

211 1825 321 1893 ossium,
340 1830 382 1879 est
401 1841 501 1894 eorpus
519 1842 575 1880 non
593 1841 706 1893 corpus,
723 1827 801 1895 ccipe
823 1824 984 1898 doripetron,
1003 1832 1044 1880 est
1072 1821 1267 1887 vivificantur,
1296 1823 1345 1891 qui
1368 1840 1400 1875 en
1423 1823 1512 1876 Patre
1531 1823 1662 1892 Filioque
1686 1827 1832 1891 procedit,
1859 1829 1909 1895 qni

211 1911 330 1981 spiritus.
369 1909 434 1964 Jam
465 1928 529 1965 vero
558 1910 671 1981 spiritus
701 1918 729 1963 et
754 1926 854 1981 corpus
880 1918 946 1965 eunt
973 1910 1132 1981 duaecum
1142 1909 1232 1962 Patre
1248 1909 1363 1964 eattae
1384 1909 1655 1963 simrrladorotnret
1668 1911 1907 1976 conplors'fiootsr,

212 1997 318 2067 species
344 1993 574 2069 drrrdrppnptros
599 1994 651 2050 sibi
676 1994 791 2050 invicem
818 1996 975 2066 oppositae,
1010 2013 1042 2049 ac
1055 1994 1058 2081 l
1071 1995 1120 2062 pei
1138 1995 1247 2048 lomene
1264 2002 1303 2047 eet
1311 2010 1367 2061 per
1376 1994 1540 2062 prophetae,
1561 2001 1673 2065 propter
1690 1995 1907 2055 blacedonianos

211 2082 328 2154 proinde
351 2098 467 2152 corpora
491 2083 713 2137 resuscitatorum
737 2098 792 2134 non
820 2088 901 2136 eruut
923 2080 1099 2150 spiritualia
1127 2078 1433 2148 Constantinopolitanae
1462 2081 1569 2150 synodo
1598 2080 1675 2136 urere
1702 2082 1806 2137 addita.
1850 2084 1907 2141 Sed

211 2167 260 2223 sed
279 2174 373 2230 eruut,
399 2167 439 2220 uti
457 2167 539 2222 etiam
557 2166 593 2222 ab
612 2167 737 2237 apostolo
751 2174 899 2236 vocantur,
922 2162 1126 2243 corporeitam
1145 2166 1171 2218 in
1192 2165 1368 2236 Apostolico,
1400 2182 1483 2235 quam
1507 2167 1536 2220 in
1555 2165 1661 2221 Niceuo
1683 2172 1711 2220 et
1729 2168 1844 2239 reliquis
1863 2189 1906 2226 ec·

211 2253 392 2323 spiritualia,
419 2251 435 2306 i.
460 2269 482 2305 e.
509 2259 607 2309 ornate
622 2253 802 2323 qualitatibus
823 2258 851 2306 et
872 2252 950 2305 donis
966 2250 1171 2325 spiri-{clesiae
1194 2251 1329 2321 symbolis
1354 2267 1463 2320 semper
1489 2253 1614 2320 adjectus
1640 2251 1694 2306 fuit
1718 2253 1853 2310 articulus
1871 2257 1906 2311 de

211 2338 347 2400 tualibus,
374 2337 483 2391 interim
509 2355 565 2392 non
591 2338 719 2392 amittent
737 2354 895 2410 corpoream
915 2337 1042 2390 substan-
1070 2336 1268 2409 resurrectione
1287 2337 1384 2390 carnis.
1420 2343 1458 2391 111.
1479 2336 1605 2390 Detorsio
1626 2336 1683 2404 illa,
1701 2343 1851 2407 puerinon
1868 2345 1906 2396 sit
1952 2328 1960 2337 ’

211 2425 288 2493 dam,
306 2440 358 2478 nec
376 2423 557 2477 mutabuntur
571 2423 600 2478 in
617 2423 789 2494 spiritualem
803 2421 957 2489 mendam,
975 2421 1043 2475 alias
1069 2432 1262 2476 resurrecturo
1285 2440 1365 2486 coro,
1393 2424 1446 2475 sed
1463 2424 1601 2475 duruerat
1619 2423 1708 2488 ntem,
1738 2430 1815 2493 pacet
1838 2429 1906 2482 olim

211 2526 326 2581 corpora
354 2523 414 2561 esse
440 2507 610 2578 desinerent,
640 2527 673 2564 ac
699 2509 814 2579 proinde
832 2524 948 2577 corpora
965 2507 1044 2577 spiri·
1070 2508 1128 2568 fnit
1146 2524 1222 2571 caro,
1249 2507 1409 2561 adversatur
1429 2507 1515 2562 textui
1536 2507 1686 2577 apostolico
1704 2515 1734 2565 et
1749 2514 1906 2583 perspicuis

211 2597 298 2650 tuelle
325 2594 417 2648 vocari
450 2611 504 2647 non
536 2601 655 2664 possent.
705 2593 852 2649 Anselmus
883 2593 912 2647 iu
942 2591 1042 2662 prosol.
1070 2591 1230 2661 Scripturas
1247 2592 1328 2647 dictis
1348 2594 1474 2663 superius
1492 2594 1667 2649 enumeratis.
1710 2602 1748 2651 11.
1771 2597 1828 2662 Qui
1845 2617 1905 2655 car-

210 2698 272 2751 oep.
287 2686 333 2735 25:
352 2679 419 2731 Erit
437 2695 539 2747 corpas
556 2681 713 2747 spirituale,
731 2699 785 2735 non
806 2681 975 2749 praetenera,
992 2683 1045 2734 secl
1069 2678 1112 2731 nis
1143 2678 1225 2747 tnjm
1259 2680 1485 2734 resurrectionem
1513 2684 1611 2749 negat,
1645 2680 1668 2735 is
1697 2699 1794 2737 revera
1820 2685 1906 2741 etiam

210 2773 355 2836 potestate.
407 2764 580 2835 Augustinus
610 2770 651 2822 22.
681 2766 715 2822 de
744 2766 794 2822 civ.
823 2765 875 2820 Dei
904 2782 964 2834 cap.
994 2771 1043 2820 21;
1070 2770 1238 2833 mortuorum
1264 2765 1490 2819 resurrectionem
1521 2771 1620 2836 negat,
1652 2767 1675 2820 si
1699 2785 1754 2823 non
1779 2786 1812 2824 ex
1837 2776 1906 2839 toto,

214 2851 280 2906 Drs't
305 2851 421 2919 spiritui
446 2852 560 2905 subdito
582 2870 650 2905 caro
675 2852 848 2921 spiritualia,
877 2854 928 2905 sed
953 2860 1044 2905 temen
1070 2854 1162 2903 umen
1191 2866 1223 2904 ex
1249 2857 1335 2920 parte.
1368 2851 1427 2904 Aut
1452 2851 1524 2905 enim
1552 2853 1674 2923 animae,
1704 2861 1753 2908 sut
1782 2857 1905 2927 corporis

214 2954 290 2998 coro,
322 2955 378 2991 non
396 2937 521 3008 spiritns,
549 2938 621 2991 sicut
641 2940 724 2992 corni
741 2940 867 2991 eruditus
883 2938 942 3004 snit
961 2938 1044 3006 epiri-
1070 2939 1197 3002 respectu
1220 2933 1301 2991 homo
1327 2937 1428 2991 dieitur
1452 2953 1603 3008 resurgere
1639 2938 1701 2996 Non
1729 2941 1839 2996 animae
1861 2959 1904 2998 rc·

213 3034 257 3078 tus
282 3024 342 3092 epse
370 3023 505 3085 cumulis,
538 3026 597 3076 red⁴
619 3032 712 3077 tomen
742 3025 858 3095 spiritns
886 3042 942 3075 non
970 3026 1181 3089 coro.,spectu‚
1206 3021 1271 3090 quia
1289 3021 1337 3075 illa
1357 3023 1480 3091 persistit
1499 3024 1673 3095 immortalis,
1700 3044 1752 3082 uec
1780 3045 1904 3099 uuquam

213 3108 274 3163 libr.
299 3114 336 3164 13.
363 3109 398 3163 de
424 3109 473 3162 civ.
494 3109 527 3161 Ι).
552 3126 612 3178 cap.
633 3116 672 3166 22.
695 3110 769 3165 circa
786 3109 847 3165 lin:
872 3092 1098 3195 Sprrr'tnelioiiu
1128 3113 1241 3160 mortem
1269 3109 1421 3161 naturalem
1449 3110 1539 3178 cadit;
1566 3111 1615 3165 sed
1640 3128 1692 3167 nec
1716 3114 1839 3184 corporis
1861 3132 1905 3170 re·

213 3203 293 3249 enin
313 3197 458 3263 justornm
484 3213 606 3264 corpore
625 3205 691 3264 post
715 3197 960 3257 resurrectionem,
989 3214 1044 3248 non
1071 3197 1184 3260 spectu,
1213 3209 1245 3245 er
1267 3193 1493 3248 Photiuianorum
1515 3195 1677 3265 hypothesi,
1705 3198 1772 3269 quia
1789 3216 1844 3255 nou
1862 3218 1904 3257 re·

213 3282 280 3349 quia
296 3298 417 3350 corpora
438 3299 496 3334 (aare
515 3282 661 3348 degustent,
685 3282 737 3333 aad
754 3281 821 3349 quia
838 3282 941 3350 spiritu,
959 3283 1045 3350 vivifi·
1071 3282 1166 3345 Surget
1191 3277 1261 3331 1111111
1285 3279 1388 3348 ipsum,
1416 3280 1490 3349 quod
1515 3282 1624 3340 cecidii.
1662 3283 1736 3354 Ergo
1757 3285 1835 3340 rrrrlla
1851 3287 1904 3343 etit

213 3375 293 3420 eante
321 3368 474 3422 subnatant.
513 3374 536 3421 5.
562 3366 683 3436 Corpora
708 3367 829 3420 cunella
852 3367 981 3421 dicuntur
1002 3363 1243 3481 vellresurrectio,
1266 3364 1315 3418 sed
1340 3365 1405 3418 novi
1428 3367 1549 3436 eorporis
1576 3386 1631 3422 uon
1650 3371 1772 3440 corporis
1792 3373 1904 3430 creatio.

213 3452 319 3507 ratione
341 3454 512 3506 substantioe
537 3471 668 3520 corneae,
693 3452 735 3506 vel
753 3453 860 3507 ratione
879 3445 1153 3525 praetitulandum
1181 3448 1240 3516 J'sm
1266 3458 1330 3502 ante
1355 3450 1460 3519 existit,
1494 3468 1637 3524 resurgere
1660 3458 1762 3527 nequit.
1801 3458 1905 3516 Anima

214 3539 394 3602 onrnolr'nrn,
423 3555 456 3592 ac
487 3542 613 3608 respectu
640 3539 820 3590 adtinerentis
849 3541 1042 3608 correptionis.
1056 3530 1127 3607 {jam
1146 3542 1210 3587 unte
1231 3536 1345 3603 exsistit,
1371 3544 1413 3590 est
1431 3537 1502 3591 enim
1521 3538 1682 3594 immortalis
1697 3550 1725 3596 et
1743 3550 1832 3598 restet
1840 3553 1904 3616 post

214 3623 302 3677 Priori
342 3640 423 3678 sensu
461 3639 577 3693 corpore
614 3624 837 3678 resuscitatorum
873 3631 953 3680 crunt
987 3626 1200 3688 car-lmorttm,
1231 3623 1393 3675 resurrectio
1413 3623 1498 3695 igitur
1516 3626 1625 3696 proprie
1643 3626 1682 3683 sic
1702 3628 1777 3682 dicta
1793 3630 1904 3687 animae

210 3709 301 3787 palia,
335 3709 484 3779 posteriore
514 3726 576 3763 vero
609 3709 725 3764 minime.
781 3718 804 3765 u.
829 3711 953 3766 cbristus
981 3718 1044 3782 post
1072 3703 1191 3759 adscribi
1212 3706 1307 3775 nequit
1350 3706 1423 3762 Num
1443 3726 1508 3763 vero
1528 3728 1627 3782 corpus
1644 3714 1789 3785 resurget?
1808 3723 1840 3772 at
1855 3734 1903 3773 ne

212 3794 436 3850 resurrectionem
468 3800 496 3846 et
528 3794 735 3849 adscensionem
767 3797 793 3849 in
824 3799 930 3851 eoelum
957 3797 1042 3852 babet
1071 3788 1319 3859 gautPhot-iuiaui,
1343 3792 1391 3847 ille
1415 3794 1475 3864 ipsa
1493 3814 1620 3866 corpora,
1645 3815 1716 3870 quae
1733 3799 1902 3859 circumferi-

212 3897 312 3950 corpus
343 3877 541 3950 glorificatum,
569 3878 725 3948 spirituale,
754 3882 974 3952 incorruptibile,
1002 3885 1041 3937 in·
1070 3893 1142 3941 mus,
1174 3892 1233 3930 0⁸⁸0
1251 3884 1453 3947 resurremus&
1483 3885 1549 3952 quid
1571 3900 1637 3955 0180
1655 3894 1797 3955 resurget,
1828 3905 1902 3958 quae

211 3966 292 4020 terim
316 3971 409 4019 umen
433 3981 528 4018 verum
553 3964 701 4018 humanum
721 3982 821 4037 eorpus
840 3985 922 4022 carne
939 3975 967 4022 et
983 3985 1043 4022 san·
1069 3977 1133 4029 pm
1153 3960 1289 4015 hminis?
1307 3964 1390 4017 nulla.

212 4050 298 4121 guine
313 4055 442 4103 constans
462 4049 530 4104 Luc.
552 4055 593 4118 24,
610 4069 634 4103 v.
654 4056 694 4106 311.
713 4051 752 4106 siu
770 4059 797 4106 ct
815 4061 910 4108 nostru
929 4069 1057 4123 corporat
1106 4051 1146 4102 72.
1172 4045 1308 4103 Ostorodo
1327 4052 1449 4105 concinit
1460 4053 1629 4110 Schmalzius
1647 4057 1675 4111 in
1694 4057 1753 4111 libr.
1769 4057 1804 4113 de
1816 4060 1901 4117 divim

213 4143 294 4190 erunt
317 4134 469 4206 glorificato
491 4134 592 4190 Christi
615 4137 721 4205 corpori
741 4137 905 4199 conformia,
935 4112 1171 4227 inerimfichristi
1203 4150 1263 4205 cap.
1290 4140 1329 4189 13.
1361 4154 1424 4208 pag.
1444 4144 1484 4193 19.
1516 4141 1544 4194 in
1579 4141 1658 4198 refut.
1693 4160 1795 4213 eorum,
1829 4164 1903 4218 quae

212 4227 304 4276 umen
329 4222 435 4275 ratione
461 4221 632 4277 substantiae
660 4231 741 4278 amnt
765 4241 831 4278 vera
855 4239 970 4294 corpora
997 4224 1043 4277 ha·
1071 4218 1233 4288 Smiglecius
1259 4221 1288 4274 in
1312 4223 1514 4279 examinatione
1534 4234 1643 4281 centum
1661 4246 1781 4283 errorum
1801 4249 1902 4303 propo·

212 4306 307 4361 bentia
325 4324 434 4360 carnem
455 4313 482 4360 et
497 4308 668 4378 sanguinem.
701 4315 723 4362 7.
734 4309 828 4363 Verba
837 4309 960 4379 Symboli
979 4328 1042 4380 apo·
1070 4311 1163 4359 suerat
1180 4321 1245 4375 psg·
1265 4312 1306 4361 36.
1327 4308 1374 4362 ubi
1394 4309 1435 4362 sic
1455 4311 1564 4366 scribit:
1586 4311 1714 4382 Corpore
1731 4317 1810 4381 naec,
1828 4336 1902 4387 quaa

213 4392 311 4459 stolici‚
329 4396 413 4447 credo
431 4396 659 4447 resurrectionem
676 4413 778 4461 cerrus,
798 4396 969 4450 exactissimo
981 4414 1043 4451 cum
1070 4408 1141 4443 susc
1161 4392 1392 4463 circumferimus
1411 4406 1603 4451 resurrecturo
1616 4403 1831 4473 concredimus,
1850 4407 1903 4458 sed

212 4478 354 4547 Scriptura
379 4479 567 4546 consentiunt,
601 4486 631 4533 ut
659 4497 692 4534 ex
719 4481 905 4535 fundamentis
934 4490 1043 4537 nostrae
1070 4478 1130 4529 alia
1159 4479 1238 4531 stolis
1268 4483 1367 4533 <lesda
1395 4498 1453 4534 eece
1478 4486 1513 4535 ab
1540 4486 1668 4555 apostolo
1688 4490 1780 4543 edocti
1796 4507 1902 4545 mmm,

211 4563 365 4618 sententies
383 4563 489 4633 liquido
508 4571 626 4630 constat,
649 4566 767 4636 proinde
784 4568 866 4620 etiam
886 4566 1043 4637 Scripturas
1070 4563 1137 4619 ibid.
1163 4583 1191 4633 p.
1218 4572 1265 4620 57:
1297 4568 1386 4621 Verbo
1406 4570 1538 4634 apmbole',
1567 4576 1650 4627 eredo
1669 4578 1902 4632 resurrectionem

93 4656 150 4694 ffl-
165 4655 197 4696 at.
210 4648 313 4720 opponi
337 4648 447 4702 minime
472 4649 580 4705 debent.
625 4656 647 4706 8.
671 4650 834 4721 Symbolum
859 4653 1041 4722 apostolicum
1054 4710 1057 4729 Ι
1069 4651 1177 4715 carad,
1200 4653 1241 4704 itu
1261 4654 1382 4722 intellipi
1397 4665 1530 4722 possunt,
1548 4659 1632 4710 credo
1652 4660 1685 4712 nr
1703 4660 1804 4715 iterent
1822 4666 1902 4728 fute-

211 4734 247 4788 ab
270 4734 337 4804 ipsis
360 4734 490 4803 apostolis
513 4737 693 4806 compositum
711 4754 771 4791 esse
789 4754 889 4808 magno
907 4756 1042 4795 consensu
1054 4732 1057 4803 1
1068 4754 1138 4803 rum,
1156 4740 1232 4805 qrtod
1250 4740 1315 4791 olim
1335 4757 1402 4793 caro
1421 4742 1486 4806 fnit.
1522 4745 1598 4796 Nom
1615 4746 1655 4796 ric
1675 4745 1805 4814 lcpimue,
1823 4751 1902 4817 quod

211 4820 311 4875 docent
335 4819 374 4890 pii
400 4824 513 4873 veteres.
553 4820 709 4891 Cyprianus
731 4823 775 4877 vel
793 4822 921 4896 Ruffinus
948 4825 976 4878 in
996 4843 1041 4881 ex·
1069 4823 1148 4875 Dens
1178 4826 1398 4877 resuscitaturus
1429 4828 1466 4878 sit
1493 4846 1614 4897 corpore
1641 4839 1738 4885 nostro
1764 4835 1901 4888 mortalia

208 4923 267 4976 pos.
294 4905 422 4975 symboli,
445 4905 609 4960 Ambrosius
632 4907 710 4977 epist.
740 4914 780 4964 et.
800 4909 835 4962 ad
859 4909 987 4964 Sirieium
1014 4921 1042 4966 et
1067 4905 1144 4961 Rom.
1165 4914 1193 4972 8,
1214 4927 1236 4963 v.
1261 4918 1296 4965 11.
1310 4917 1368 4979 pro
1389 4928 1435 4973 eo,
1460 4916 1535 4981 qnod
1552 4932 1617 4983 noe,
1645 4917 1695 4983 qni
1712 4935 1784 4970 nunc
1804 4937 1900 4974 rernm

208 5010 287 5047 serm.
303 4998 344 5047 38.
376 4990 562 5060 Hieronymus
581 4991 610 5044 in
628 4992 706 5061 epist.
725 4994 760 5048 ad
777 4993 931 5048 Pammach.
945 4996 1040 5067 Augu·
1068 4995 1207 5061 mortales,
1226 4999 1443 5050 reerueitoturue
1461 5000 1504 5054 eit.
1534 5002 1691 5070 Resurgent
1710 5005 1784 5057 enirn
1801 5005 1831 5074 ii,
1851 5007 1901 5076 qui

208 5077 297 5130 atim„
322 5094 402 5136 gorm,
432 5081 487 5130 115,
520 5081 548 5129 et
579 5093 658 5130 serm,
691 5084 745 5135 181,
776 5080 810 5133 da
840 5088 956 5151 tempor,
982 5083 1148 5138 Leoinnteu
1168 5084 1271 5135 mortui
1286 5093 1363 5151 eant,
1391 5104 1447 5137 nore
1466 5087 1614 5151 mortales,
1633 5091 1685 5141 ard
1701 5090 1900 5162 incompatibi-

209 5162 288 5232 epist.
310 5169 350 5219 13.
377 5162 412 5216 ad
432 5161 606 5216 Pulcheriam
633 5180 667 5217 ec
686 5181 765 5219 serm.
789 5172 828 5221 11.
848 5165 882 5218 de
902 5166 1039 5236 passione,
1066 5167 1113 5220 lea
1155 5167 1260 5223 Ibidem
1288 5170 1378 5223 locum
1405 5173 1588 5242 apostolieum
1617 5180 1639 5230 1.
1658 5174 1720 5230 Cor.
1743 5183 1788 5241 15,
1813 5195 1838 5230 v.
1859 5183 1901 5234 5³.

208 5246 358 5302 Cassianus
387 5250 421 5302 de
448 5246 551 5302 incarn.
576 5247 637 5306 libr.
662 5254 687 5302 6.
722 5250 845 5305 Isidorus
865 5250 1038 5322 Hispalensis
1066 5253 1106 5306 sic
1132 5254 1277 5325 depravat:
1311 5258 1420 5311 Paulus
1441 5277 1494 5328 per
1516 5279 1608 5314 socen
1626 5263 1765 5316 induendi
1782 5282 1838 5318 nen
1858 5268 1901 5319 in·

207 5331 254 5388 lib.
276 5337 301 5389 2.
322 5334 356 5388 de
374 5333 445 5389 offic.
468 5351 529 5404 cap.
543 5338 583 5391 23.
604 5334 739 5389 Maximus
758 5337 785 5390 in
804 5354 884 5394 serm.
901 5338 935 5390 de
949 5338 1038 5408 symb.
1066 5339 1167 5407 telligit
1185 5344 1364 5395 retentionem
1382 5346 1575 5414 corruptibilis
1588 5355 1614 5399 et
1628 5349 1802 5416 adeptionem
1811 5368 1901 5418 prue-

207 5417 261 5485 Qui
286 5417 427 5487 dubitant,
457 5437 492 5474 an
519 5420 555 5474 ab
579 5421 646 5491 ipsis
670 5422 801 5490 apostolis
828 5425 855 5476 in
882 5424 1142 5511 universumlteren
1162 5427 1399 5495 incorruptibiles,
1425 5433 1476 5483 red
1498 5432 1560 5484 loco
1587 5435 1781 5503 corruptibilis
1798 5437 1902 5493 enbee'·
1916 5449 2013 5494 xla&
