4104 6014
866 300 1076 362 narcara.
1753 279 1816 372 'sse

111 474 186 533 quas
216 464 281 529 post
309 460 538 516 resurrectionem
571 462 681 517 demum
713 461 782 531 ipsis
817 457 1065 538 obtinget,]uitam
1101 468 1129 512 et
1174 459 1243 514 lsaee
1275 459 1419 530 iuferiora
1464 457 1731 539 administrantibus
1759 475 1817 534 pro

110 544 263 618 praecipue
283 545 313 600 in
329 544 383 602 boc
402 545 478 601 dicto
497 546 602 619 agitur,
628 553 659 601 ut
683 563 734 601 suo
759 545 821 600 loco
843 543 952 615 plenius
978 542 1140 597 diuersitate
1157 545 1319 598 meritorum
1342 544 1456 600 diversa
1478 545 1521 600 ael
1539 546 1605 600 laea
1622 544 1817 600 commendata

110 629 276 688 ridebimus.
316 637 340 688 t.
361 631 429 687 Plus
449 632 537 686 estin
555 638 757 703 consequente,
775 647 858 703 quam
876 636 951 686 aute
978 628 1124 699 dicautur,
1169 630 1212 684 cel
1247 633 1325 685 douc
1355 632 1396 684 ad
1430 632 1557 696 fidelium
1589 628 1816 686 Christianarum

111 717 215 772 cedens
233 715 378 787 permittit.
420 717 517 790 Neque
542 717 614 771 enim
640 719 766 788 sequitur
793 721 949 770 sauctorum
963 732 964 785 j
977 714 1128 775 sterilium.
1158 714 1288 770 Caeteros
1305 716 1334 770 in
1353 715 1455 772 enchir.
1474 733 1538 788 pag.
1558 721 1617 774 413.
1654 713 1815 787 Responde·

110 801 201 875 gloria
216 791 273 857 'est
300 802 450 878 ipeffabilis
482 811 509 857 et
535 801 828 873 incomprehensibilis.
874 792 1052 872 Ergo‘mus:
1086 800 1195 855 thaso
1227 801 1339 858 collatio
1361 802 1577 875 praesupponit,
1610 803 1685 874 quod
1711 801 1815 858 sanctis

110 887 203 943 sancti
223 887 384 958 praesident
402 888 468 944 huic
493 888 597 943 mundo
618 895 647 942 et
664 887 822 958 gubernant
842 868 1118 959 univer-‘ldeiunctis
1145 887 1353 942 administratio
1390 892 1418 944 et
1453 888 1617 959 gubernatio
1654 887 1813 944 inferiorum

111 989 171 1028 sam
205 973 359 1031 ecclesiam.
409 980 432 1033 3.
459 973 537 1030 Sicut
568 975 656 1029 sancti
688 992 743 1030 non
772 973 871 1045 hujus,
901 974 949 1028 sed
979 970 1110 1026 divinitus
1130 972 1167 1027 sit
1182 974 1334 1039 commissa,
1355 975 1426 1030 sicut
1438 975 1600 1047 augelorum
1613 973 1770 1029 ministeriis
1782 974 1812 1028 iu

110 1058 198 1113 futuri
218 1059 320 1124 saculi,
345 1076 398 1114 nec
421 1066 523 1129 terrae,
547 1061 597 1114 scd
622 1060 692 1114 coeli
717 1060 792 1115 cives
812 1067 891 1127 sunt,
911 1061 951 1114 ita
977 1055 1020 1110 hie
1039 1057 1120 1112 terris
1138 1057 1179 1112 uti
1197 1057 1258 1114 Deo
1275 1060 1388 1130 placuit
1418 1059 1527 1116 Athos
1547 1060 1637 1131 ipsum
1655 1059 1748 1114 adhuc
1771 1064 1813 1113 est

111 1161 225 1216 quoque
242 1145 366 1215 ipsorum
384 1145 473 1217 gloria
489 1165 545 1201 non
563 1152 605 1202 est
624 1146 798 1201 assumenda
818 1162 850 1199 ex
872 1151 949 1216 pota
976 1141 1005 1194 iu
1026 1144 1194 1212 quaestione.
1232 1150 1255 1201 t.
1276 1144 1319 1199 De
1338 1144 1497 1200 ministeriis
1515 1147 1677 1216 angelorum
1694 1148 1813 1200 testatur

110 1235 184 1284 state
198 1229 320 1300 quadam
336 1229 419 1300 hujus
438 1232 523 1287 seculi
540 1231 742 1303 gubernatrice.
782 1238 807 1287 4.
826 1231 949 1296 Quanta·
977 1225 1119 1298 Scriptura
1143 1246 1234 1298 sacra,
1259 1229 1345 1285 Hebr.
1368 1237 1395 1300 t,
1422 1249 1446 1284 v.
1467 1231 1515 1285 ult.
1543 1237 1571 1286 et
1597 1228 1664 1285 alibi
1692 1230 1812 1301 passim;

111 1331 223 1386 cunque
243 1316 333 1387 gloria
350 1333 383 1371 ac
409 1324 654 1390 quantumcunque
673 1318 827 1388 praemium
844 1315 949 1371 tribua·
976 1312 1025 1366 sed
1046 1313 1149 1368 sanctis
1169 1315 1278 1370 diversa
1301 1315 1363 1370 loca
1384 1332 1418 1370 ac
1439 1316 1513 1371 dona
1530 1315 1723 1371 commendata
1742 1332 1810 1385 esse,

111 1407 158 1456 tur
176 1403 289 1471 sanctis,
308 1402 378 1457 illud
404 1409 498 1458 tamen
514 1408 624 1475 oportet
650 1421 710 1459 esse
731 1403 856 1471 linitum,
887 1419 948 1456 cum
975 1398 1103 1468 nuspiam
1128 1400 1227 1456 innuit.
1277 1407 1301 1457 3.
1330 1402 1502 1473 Angelorum
1532 1402 1672 1457 distinctio
1701 1403 1809 1458 rationo

110 1487 198 1542 solius
211 1487 264 1541 Dei
282 1488 372 1558 gloria
390 1493 418 1542 et
436 1494 561 1558 potestas
581 1489 617 1543 sit
637 1487 745 1542 infinita
761 1495 790 1543 et
807 1488 948 1541 immensa
976 1483 1144 1556 dignitatum
1170 1494 1199 1542 et
1225 1488 1438 1544 ministeriorum
1465 1490 1494 1544 in
1520 1489 1671 1560 Scripturie
1696 1489 1808 1559 quidem

110 1573 177 1629 «lam
195 1589 261 1628 vero
279 1573 437 1644 praesidere
461 1575 512 1629 toti
534 1574 638 1628 mundo
666 1579 694 1629 et
712 1574 868 1645 gubernare
887 1573 947 1627 uni·
974 1569 1131 1627 insinuatur
1149 1573 1251 1645 Ephes.
1276 1581 1298 1639 1,
1319 1592 1344 1633 v.
1364 1581 1404 1631 tt.
1425 1575 1527 1634 Coloss.
1549 1581 1571 1645 1,
1589 1593 1616 1633 v.
1637 1580 1676 1631 16.
1698 1575 1807 1632 1.Petr.

111 1675 221 1714 veram
253 1659 397 1714 ecclesiam
427 1665 492 1714 sunt
521 1676 606 1731 opera
629 1659 740 1714 divinae
770 1664 798 1713 et
825 1657 948 1712 infinitae
975 1662 999 1722 3,
1018 1675 1042 1713 v.
1063 1663 1103 1715 22.
1122 1676 1194 1731 quac
1218 1678 1284 1717 vero
1304 1668 1333 1717 et
1349 1663 1438 1735 qualis
1459 1661 1508 1717 illa
1527 1662 1576 1728 sit,
1596 1662 1625 1717 in
1642 1662 1735 1734 specie
1753 1679 1809 1717 non

110 1742 229 1799 virtutis.
272 1743 347 1815 Ergo
373 1744 408 1799 ad
427 1751 584 1799 sanctorum
607 1744 724 1815 gloriam
744 1750 773 1797 et
793 1744 946 1814 praemium
974 1743 1144 1812 exprimitur.
1195 1746 1300 1809 Quodsi
1328 1764 1395 1820 ergo
1426 1754 1584 1802 sanctorum
1620 1747 1809 1819 praefecturas

110 1829 209 1886 eadem
226 1847 281 1885 non
298 1834 364 1885 sunt
380 1831 532 1886 referende.
575 1836 599 1886 6.
619 1829 783 1884 invertimus
801 1846 947 1901 argumen·
974 1843 1037 1880 cum
1052 1830 1214 1904 angelorum
1228 1832 1386 1888 ministeriis
1397 1833 1522 1889 conferre
1540 1834 1633 1901 velint,
1647 1838 1808 1905 agnoscant,

109 1921 187 1970 tum:
219 1914 249 1970 Si
281 1921 438 1971 sanctorum
472 1915 561 1987 gloria
592 1931 647 1969 non
675 1915 821 1970 adscendit
848 1916 876 1969 in
900 1931 948 1969 cor
974 1911 1008 1966 de
1044 1913 1099 1968 illis
1134 1933 1167 1970 ex
1200 1916 1344 1988 Scriptura
1386 1917 1456 1972 nihil
1493 1919 1560 1974 certi
1596 1921 1680 1974 statui
1718 1937 1808 1992 posse.

114 2000 258 2056 bominum
278 2002 307 2055 in
325 2001 378 2057 boc
396 2001 490 2057 seculo
506 2001 671 2070 virentium,
699 2017 765 2071 ergo
784 2017 840 2056 non
864 1999 948 2055 debet
972 2004 998 2055 4.
1016 1998 1174 2057 Distinctae
1193 2002 1257 2058 illae
1277 2010 1434 2058 sanctorum
1452 2003 1646 2074 praefecturae
1666 2024 1699 2061 ex
1719 2006 1808 2078 hypo-

109 2090 213 2140 tsmere
232 2085 385 2158 quidquam
406 2085 514 2141 deliniri
539 2088 574 2141 de
591 2086 738 2158 regimine,
762 2086 838 2157 quod
859 2078 947 2139 sancti
972 2083 1042 2139 thesi
1070 2085 1176 2143 Corteri
1211 2089 1337 2143 onuntur
1363 2107 1396 2144 ex
1426 2089 1541 2144 diversis
1574 2107 1668 2147 eorum
1696 2091 1809 2159 meritis,

109 2172 138 2227 in
155 2170 315 2226 universum
342 2172 469 2227 obtinent
494 2172 628 2226 mundum
650 2175 679 2225 et
698 2175 785 2225 totam
803 2171 946 2226 ecclesiam
974 2171 1022 2226 sed
1062 2173 1097 2228 de
1136 2174 1298 2246 angelorum
1333 2175 1491 2230 ministeriis
1526 2175 1580 2230 boc
1618 2177 1673 2230 dici
1702 2176 1807 2249 nequit.

109 2256 334 2327 triumphantem.
378 2263 402 2314 6.
423 2258 453 2312 Si
477 2274 511 2312 er
535 2258 624 2328 gloria
648 2262 806 2312 sanctorum
836 2258 947 2328 quidvis
974 2264 998 2311 6.
1023 2257 1101 2312 ldcm
1122 2257 1252 2315 costerus
1279 2260 1346 2318 ibid.
1373 2262 1476 2315 senode
1501 2277 1636 2316 summam
1664 2262 1808 2318 caritatem

111 2342 244 2414 colligere
275 2343 385 2407 liceret,
415 2349 509 2413 posset
538 2343 620 2397 etiam
648 2343 748 2412 statui,
784 2344 858 2415 quod
891 2344 947 2397 sint
973 2343 1085 2412 tribuit,
1112 2362 1169 2415 qua
1193 2347 1279 2400 totius
1308 2347 1382 2402 orbis
1407 2347 1469 2402 loca
1493 2353 1520 2402 et
1543 2348 1700 2403 universum
1718 2365 1807 2420 genus

110 2427 271 2492 salvatores,
290 2430 458 2485 redemtores
471 2445 504 2483 ac
518 2427 684 2484 mediatores
704 2428 817 2483 humani
830 2431 948 2499 generis,
972 2428 1122 2486 humanum
1158 2432 1387 2502 complectantur.
1453 2432 1541 2505 Atqui
1584 2432 1649 2488 huic
1684 2450 1807 2490 summae

110 2519 139 2567 et
168 2513 281 2585 quidem
313 2514 396 2569 modo
431 2531 477 2577 co,
505 2530 560 2584 quo
589 2513 715 2570 Christus
744 2520 787 2569 est
818 2516 946 2581 salvator,
973 2515 1082 2571 caritati
1108 2517 1286 2587 adversatur,
1315 2519 1339 2573 si
1361 2519 1472 2574 diversa
1496 2519 1557 2574 loca
1580 2518 1624 2573 vel
1654 2518 1728 2574 dona
1751 2519 1807 2575 illis

111 2598 249 2654 redemtor
266 2615 301 2662 ac
320 2600 455 2656 mediator
471 2608 570 2655 noster.
974 2603 1166 2658 commendata
1185 2609 1351 2662 statuantur.
1394 2611 1418 2660 6.
1437 2604 1471 2662 Si
1490 2605 1580 2660 sancti
1605 2622 1660 2659 non
1684 2611 1749 2660 sunt
1766 2605 1808 2662 in·

146 2690 206 2742 363.
234 2688 260 2740 3.
275 2688 322 2740 Ea
333 2686 551 2756 comparatione.
582 2687 684 2740 Sancti
693 2687 823 2751 iusticie
835 2686 945 2753 pieriae
972 2688 1090 2742 vocandi
1108 2696 1140 2743 ut
1159 2694 1285 2744 auctores
1313 2690 1499 2762 spiritualium
1522 2688 1734 2761 beneficiorum,
1757 2692 1807 2749 sed

109 2788 178 2826 suos
195 2780 326 2840 possunt,
351 2773 494 2842 quidquid
516 2787 596 2840 repes
618 2779 769 2842 potestate,
803 2772 946 2841 quidquid
972 2778 1079 2827 tantum
1109 2780 1141 2827 ut
1171 2774 1381 2842 intercessores,
1409 2781 1476 2831 tunc
1506 2792 1523 2830 a
1556 2775 1671 2831 diversis
1701 2778 1805 2834 sanctis

109 2859 237 2928 opulenti
260 2859 383 2926 diuitiis,
415 2861 556 2930 quidquid
593 2861 670 2912 docti
702 2860 852 2929 sapientia.
905 2859 946 2911 At
971 2858 1079 2914 diversa
1102 2859 1239 2915 beneficia
1262 2860 1526 2932 frustrapetuntur.
1554 2863 1638 2917 Ratio
1658 2863 1804 2920 counexio-

108 2962 189 3015 rcpes
226 2947 349 3000 caercitu
385 2948 479 3001 hostes
510 2947 680 3017 profligant,
717 2946 819 2999 diuites
850 2945 943 3013 cqcus's
970 2945 1012 2999 nis
1040 2951 1096 3014 est,
1124 2948 1190 3017 quia
1215 2946 1304 3003 sancti
1331 2965 1381 3020 pro
1409 2948 1537 3003 omuibus
1560 2948 1614 3020 piis
1635 2965 1667 3005 ex
1688 2949 1803 3006 caritate

108 3032 286 3097 sutomiuat,
317 3033 422 3087 medici
449 3039 510 3086 arte
539 3040 648 3088 cureat.
705 3032 786 3100 Ergo
819 3032 854 3084 id
887 3048 943 3085 nou
969 3031 1124 3104 aequaliter
1142 3033 1324 3090 intercedunt
1367 3032 1421 3088 Sed
1444 3051 1539 3089 vorum
1562 3034 1640 3106 prius
1664 3044 1804 3092 asserente

107 3119 200 3173 missus
226 3126 377 3188 prosatore
404 3126 537 3189 poterunt
562 3120 665 3185 eoacti,
689 3117 819 3174 Costerus
840 3117 906 3172 dict.
924 3118 942 3172 l.
969 3117 1136 3173 Bellarmino
1155 3119 1190 3174 de
1210 3119 1282 3174 beat.
1302 3125 1388 3175 sanct.
1408 3135 1468 3190 cap.
1489 3125 1527 3177 li.
1571 3119 1648 3192 Ergo
1666 3127 1695 3176 et
1710 3125 1801 3192 poste·

107 3203 331 3275 Respondemus:
358 3211 379 3262 1.
405 3204 498 3276 Reges
526 3205 619 3260 hostes
648 3203 811 3275 profligant,
844 3203 943 3258 divites
968 3204 1034 3258 rius.
1083 3205 1161 3270 Quae
1186 3221 1220 3260 ec
1232 3205 1366 3275 patribus
1385 3211 1559 3272 attexuntur,
1589 3223 1670 3261 suum
1688 3205 1802 3263 iniurius

107 3290 277 3362 pauperibus
298 3291 416 3355 donant,
447 3290 546 3347 medici
579 3289 689 3345 morbos
714 3294 813 3344 curant
836 3307 870 3344 ex
888 3289 941 3344 Dei
968 3290 1111 3346 habebunt
1128 3291 1227 3346 locum.

108 3376 297 3442 ordinatione,
323 3377 449 3448 jussione
477 3384 505 3432 et
533 3378 691 3442 voluntate;
722 3375 770 3429 sed
802 3375 941 3431 defunctis
1004 3382 1061 3432 365.
1097 3376 1246 3441 Quaeritur
1265 3383 1291 3433 6.
1336 3379 1382 3432 Aa
1400 3395 1463 3449 spes
1481 3395 1515 3431 ac
1528 3379 1639 3447 fiducia
1657 3387 1755 3433 uestra
1771 3380 1801 3433 iu
1814 3382 1929 3473 'gf-usa

107 3461 211 3517 sanctis
227 3463 324 3517 mundi
341 3469 369 3518 et
385 3461 520 3518 ecclesiae
538 3462 661 3535 regimen
678 3461 852 3516 commissum
873 3477 942 3530 esse,
967 3471 1080 3516 sanctos
1104 3464 1253 3528 defunctos
1276 3464 1354 3529 ferri
1371 3465 1489 3519 delam?
1535 3462 1686 3518 Affirmant
1707 3463 1801 3518 Ponti·
1814 3436 1936 3529 ruffio.

108 3565 142 3604 ex
165 3546 314 3620 Scripturis
342 3549 465 3605 noudum
503 3553 546 3604 est
579 3546 736 3618 probatum.
791 3552 815 3602 t.
840 3547 941 3602 Nullus
967 3547 1033 3617 licii,
1050 3552 1082 3603 ut
1101 3553 1180 3619 patet
1200 3555 1222 3606 1.
1245 3565 1277 3602 ea
1296 3551 1389 3619 praui.
1422 3548 1563 3620 Religiose
1581 3550 1653 3605 enim
1671 3549 1801 3604 invocant
1814 3537 1924 3630 2222&

106 3650 204 3705 regum
232 3634 360 3689 universo
384 3633 444 3688 orbi
468 3632 621 3704 praesidet,
649 3631 698 3687 sed
722 3632 797 3687 solus
816 3631 943 3686 Christus
968 3641 1094 3702 sanctos,
1119 3635 1179 3705 jam
1205 3650 1271 3688 vero
1296 3634 1366 3689 fides
1390 3639 1418 3689 et
1445 3634 1583 3690 invocatio
1600 3634 1628 3688 in
1649 3633 1800 3705 scripturis

107 3726 150 3774 est
178 3736 226 3774 rex
244 3720 425 3789 'catholicus‚
454 3721 499 3775 cui
528 3720 597 3775 fines
624 3727 760 3774 terrarum
790 3718 886 3773 traditi
914 3723 942 3773 et
967 3719 1106 3774 indivulso
1124 3737 1196 3775 nexu
1214 3725 1416 3775 connectuntur
1433 3720 1511 3776 Rom.
1535 3727 1572 3785 10,
1591 3738 1616 3776 v.
1640 3727 1678 3776 14.
1697 3719 1758 3776 Jac.
1779 3725 1802 3787 1,

106 3807 222 3878 imperio
259 3807 320 3877 ejus
354 3806 479 3878 subJ'ecti.
532 3807 607 3878 Ergo
639 3804 731 3860 adhuc
766 3805 941 3875 probandum
967 3823 992 3861 v.
1019 3811 1043 3860 6.
1070 3810 1122 3861 etc.
1171 3807 1204 3859 ln
1232 3807 1362 3877 precibus
1391 3807 1427 3861 ad
1460 3805 1606 3879 Virginem
1635 3812 1664 3862 et
1691 3811 1802 3861 sanctos

106 3896 206 3962 restat,
235 3899 344 3949 sanctos
375 3893 426 3947 toti
454 3893 514 3948 orbi
544 3891 703 3963 praesidere
727 3898 755 3946 ct
785 3892 939 3946 universam
970 3891 1081 3947 directis
1099 3891 1140 3946 sic
1161 3892 1325 3962 loquuntur:
1352 3893 1376 3946 0
1399 3892 1613 3946 clementissima
1631 3893 1757 3946 Domina
1775 3899 1803 3945 et

107 3978 253 4035 ecelesiam
271 3979 436 4051 gubernare.
475 3986 497 4034 3.
520 3978 614 4033 Gloria
628 3983 784 4033 sanctorum
803 3984 845 4032 est
862 3978 941 4047 spiri·
968 3979 1132 4033 duarum
1149 3979 1229 4048 uirgo
1251 3985 1349 4031 sancta
1366 3978 1481 4044 Maria,
1507 3986 1597 4032 mater
1614 3978 1686 4043 Dei,
1713 3985 1802 4031 mater

108 4064 205 4133 tualis,
224 4066 364 4134 coelestis,
387 4065 626 4136 supramundana,
650 4079 716 4134 ergo
734 4079 768 4117 ea
785 4079 840 4117 non
858 4063 942 4118 debet
969 4065 1167 4133 orphanorum,
1188 4063 1344 4117 consolatio
1362 4062 1563 4128 desolatorum,
1580 4063 1627 4116 eia
1639 4064 1801 4132 errantium,

109 4150 226 4205 conferri
256 4167 318 4205 cum
350 4152 440 4222 gloria
469 4157 579 4206 terrena
607 4165 639 4203 ac
673 4150 814 4203 mundana
844 4166 941 4220 regum
968 4152 1046 4204 salus
1064 4159 1169 4220 stapes
1186 4152 1215 4203 iu
1234 4150 1447 4218 tesperaats'um
1462 4157 1509 4204 ete.
1525 4156 1555 4201 tu
1570 4149 1801 4217 portumproebe

111 4237 195 4308 hujus
215 4237 310 4294 seculi.
349 4244 374 4295 4.
394 4237 425 4293 Si
443 4254 477 4292 ex
496 4254 536 4303 ec,
554 4236 629 4306 quod
643 4241 801 4291 sanctorum
818 4241 941 4305 potestas
968 4238 1122 4306 aaufraqa
1144 4253 1193 4290 rec
1211 4237 1258 4299 fer
1272 4235 1452 4305 patrocinia,
1471 4237 1544 4288 daus
1562 4235 1663 4287 misus
1684 4233 1800 4298 salatia,

109 4327 138 4378 et
154 4323 244 4393 gloria
261 4341 317 4378 non
337 4329 379 4378 est
401 4323 490 4377 minor
513 4339 598 4394 quam
627 4339 724 4393 regum
748 4321 830 4390 hujus
848 4322 942 4386 seculi,
968 4324 1008 4375 sis
1039 4339 1119 4392 spes,
1148 4338 1183 4375 ae
1217 4314 1413 4391 suffectione
1432 4321 1608 4374 mcecumbam
1640 4319 1740 4373 martis
1771 4319 1801 4372 iu

109 4408 204 4464 inferri
224 4416 325 4479 posset,
345 4415 455 4464 sanctos
475 4408 544 4462 illud
563 4424 645 4462 omne
660 4423 748 4477 posse,
767 4408 842 4478 quod
862 4422 942 4478 reges
968 4425 1069 4478 apere,
1092 4424 1153 4462 cum
1173 4415 1237 4461 tuac
1255 4425 1311 4461 uon
1329 4408 1367 4460 sit
1383 4423 1447 4476 spes
1466 4406 1573 4471 alluo,
1595 4404 1653 4458 ursi
1674 4413 1705 4458 tu
1722 4403 1801 4472 uirgo

11 4519 43 4562 11.
59 4512 94 4555 st.
110 4494 193 4566 hujus
227 4495 313 4549 seculi
348 4500 479 4566 possunt,
516 4510 687 4565 consequens
715 4493 800 4556 foret,
831 4498 942 4548 sanctos
966 4512 1118 4564 puerpera,
1132 4494 1227 4564 patris
1242 4508 1350 4562 parens
1367 4500 1393 4546 et
1414 4493 1492 4557 filia,
1512 4491 1558 4544 eui
1577 4508 1620 4544 me
1639 4490 1803 4547 reconcilia.

113 4582 197 4637 etiam
210 4581 307 4637 eodem
317 4581 421 4637 honore
435 4587 546 4637 externo
559 4588 587 4636 et
601 4580 698 4636 iisdem
708 4579 815 4634 deliciis
824 4580 942 4635 externis
968 4579 1144 4635 Innocentius
1173 4580 1201 4633 in
1220 4585 1289 4635 orat.
1329 4579 1415 4634 item:
1434 4579 1484 4631 Aa
1509 4584 1548 4645 te,
1579 4593 1595 4628 o
1626 4577 1710 4630 unica
1738 4592 1803 4646 spes
1815 4587 1896 4630 xvsu.
1908 4585 1942 4628 aa.

110 4666 225 4739 perfrui,
239 4667 340 4738 quibus
350 4684 430 4739 reges
440 4667 524 4738 hujus
535 4667 620 4722 seculi
630 4666 818 4738 perfruuntur.
841 4673 865 4722 5.
874 4665 943 4721 Nul·
969 4667 1143 4731 miscrorum,
1164 4667 1299 4736 eonsuqio
1317 4674 1343 4719 st
1358 4666 1448 4735 pleae
1466 4665 1571 4728 fiducia
1589 4663 1642 4716 tibi
1651 4680 1694 4716 me
1711 4664 1802 4731 ipsum

110 4755 153 4809 lus
172 4771 271 4825 regum
289 4754 398 4809 infinita
415 4758 560 4824 potestate,
578 4752 671 4807 nullus
693 4752 808 4807 divitum
829 4751 943 4806 infinitis
970 4754 1000 4805 iss
1019 4751 1145 4806 omuibus
1163 4752 1373 4805 autoritatibus
1392 4752 1489 4803 deuote
1506 4750 1676 4805 commenda.
1706 4747 1800 4801 Ordin.

110 4840 222 4909 divitiis,
241 4840 334 4895 nullus
353 4840 499 4896 doctorum
514 4838 622 4893 infinita
641 4837 777 4910 sapientia
793 4838 944 4894 instructus
970 4836 1095 4894 Hildesh.
1126 4837 1155 4892 in
1180 4852 1315 4905 compass.
1338 4835 1451 4890 Mariae.
1483 4833 1512 4887 in
1539 4832 1670 4904 psalterio
1695 4831 1804 4887 Mariae

110 4932 159 4983 est
206 4928 282 4999 Ergo
301 4927 385 4983 etiam
405 4933 564 4982 sanctorum
588 4932 724 4996 potestas,
758 4926 900 4996 opulentia
917 4933 946 4981 et
972 4925 1034 4995 plus
1053 4922 1157 4978 centies
1180 4920 1326 4991 repetitur:
1347 4923 1384 4974 la
1400 4929 1427 4974 te
1445 4920 1571 4974 Domiua
1588 4918 1718 4988 speram,
1747 4935 1803 4972 nou

110 5014 247 5085 sapientia
265 5031 321 5069 non
339 5013 392 5068 erit
408 5011 524 5067 infinita.
555 5011 619 5067 Jam
637 5028 702 5069 vero
719 5013 771 5067 toti
789 5011 849 5067 orbi
866 5029 945 5083 prae·
972 5013 1134 5076 confundar
1157 5010 1186 5061 ia
1200 5016 1344 5061 aeteruum
1362 5005 1466 5062 Psalm.
1487 5010 1528 5063 36,
1554 5005 1678 5058 Fructus
1691 5004 1804 5072 mattae

113 5101 203 5157 sidere
222 5107 252 5156 ct
268 5099 427 5158 universam
440 5098 585 5154 ecclesiam
599 5099 762 5170 gubernate,
782 5106 846 5155 sunt
863 5116 947 5169 opera
972 5098 1105 5162 iuvenies,
1136 5096 1188 5166 qui
1207 5093 1363 5164 speraveris
1386 5092 1530 5159 inillam,
1560 5099 1648 5162 porta
1667 5089 1807 5159 paradisi

113 5187 239 5243 infinitae
255 5187 373 5242 virtutis.
974 5186 1146 5241 reserabitur
1163 5182 1191 5235 ei
1204 5180 1306 5236 Psalm.
1321 5184 1362 5234 93.
1396 5178 1515 5248 Sparata
1533 5178 1564 5230 iu
1582 5176 1665 5229 illam
1682 5173 1808 5243 relipioss'

10 5281 48 5320 1³¹
149 5280 209 5331 364.
250 5278 274 5330 4.
300 5274 346 5327 Ea
374 5273 534 5328 collatore.
584 5271 665 5326 Sicut
691 5289 748 5325 uou
777 5274 948 5325 adversatur
974 5282 1001 5328 et
1020 5270 1201 5336 claustrales,
1227 5265 1360 5331 confidite
1385 5266 1417 5319 ia
1434 5265 1517 5318 illam
1537 5262 1635 5316 cloud
1653 5268 1679 5314 st
1698 5261 1807 5315 secula·

10 5334 55 5423 22.
108 5362 183 5432 fidei
199 5367 323 5414 statuere
340 5360 454 5413 diuersa
472 5359 638 5426 augelorum
658 5357 792 5411 bonorum
809 5374 844 5410 ac
860 5357 948 5410 mulo·
974 5377 1019 5414 res
1045 5358 1147 5413 Psalm.
1165 5360 1207 5410 36.
1255 5353 1394 5407 Miserere
1423 5350 1479 5404 mei
1506 5348 1647 5410 Domina,
1675 5345 1807 5416 quoniam

112 5465 176 5501 rum
205 5446 378 5514 ministrum
408 5444 450 5499 ita
475 5459 584 5516 quoque
607 5443 697 5496 eidem
722 5461 778 5497 aaa
799 5449 948 5512 rapuerat,
973 5455 1004 5500 su
1040 5461 1070 5499 er
1106 5459 1169 5513 apes
1207 5449 1233 5494 et
1269 5440 1318 5493 lua
1349 5438 1471 5492 omnium
1501 5436 1531 5489 iss
1559 5442 1585 5488 te
1610 5431 1809 5500 cmfidsnts'um

112 5535 139 5590 si
156 5534 261 5589 coactis
283 5535 393 5588 buum
416 5550 479 5588 cum
499 5531 611 5588 Christo
630 5530 661 5583 iu
684 5529 762 5584 coslo
779 5529 942 5598 degentibus
974 5531 1077 5588 Psalm.
1098 5535 1141 5586 46.
1181 5526 1268 5581 Beati
1292 5526 1343 5597 qui
1360 5525 1391 5579 iu
1408 5539 1444 5578 ea
1466 5523 1567 5578 babeat
1583 5535 1661 5592 spem
1679 5527 1705 5578 u
1724 5517 1809 5589 couri·

1389 5628 1441 5695 1⁸·
