4104 6014
884 317 937 373 DE
956 317 1096 375 MORTE.
1290 349 1292 353 ν
1797 331 1836 390 53

143 470 294 524 solomone
312 471 343 524 in
361 470 398 525 iis
416 471 468 538 eit,
496 474 538 527 ad
555 490 624 542 quos
643 474 754 542 amitit,
785 481 811 528 et
833 474 917 528 aaa
934 474 976 526 od
1035 472 1146 544 Corpus
1164 474 1249 531 inane
1269 476 1380 530 animae
1400 478 1514 530 tandem
1524 477 1640 544 foetore
1658 477 1782 546 molipno

143 557 370 620 reformationem
400 561 500 614 mentis
531 569 557 613 et
584 561 706 614 rationis
739 561 894 634 superioris
921 577 975 629 pce
1035 561 1061 614 A
1082 579 1112 615 ee
1132 562 1220 629 abipit
1236 570 1347 617 uinctos
1361 570 1388 616 et
1415 581 1476 617 cum
1492 565 1601 628 foetore
1616 564 1748 634 sepulcro

141 645 362 714 patefactionem
382 647 466 700 istum
483 647 556 701 nebit
573 648 634 701 iliis
654 649 740 716 decu,
759 657 791 702 ut
808 654 976 718 copuoscont
1036 648 1166 702 Foetenti
1184 650 1315 719 infertur,

142 737 164 783 et
184 731 305 799 probent
330 748 375 800 ea,
406 750 478 802 quoe
506 735 569 788 Deo
593 735 716 804 plorent.
767 737 826 789 Per
850 735 973 788 animam

142 816 300 886 Materia,
329 820 511 887 eopitotionee
539 829 565 874 et
593 823 713 897 deniqne
744 822 912 876 uoluntatem
944 822 973 874 in
999 825 1032 874 ut
1049 818 1205 891 Chytraaus
1222 826 1297 876 recte
1315 821 1396 876 cauit.
1432 820 1518 877 Utin
1538 820 1675 893 principio
1693 827 1770 877 ortus
1788 824 1832 879 sui

141 904 216 958 omni
232 907 343 958 actione
362 906 510 974 intellipit,
534 924 617 975 mom
634 909 693 961 cult
713 925 772 961 eeee
790 908 926 976 inteprom
948 915 973 961 ct
998 906 1079 961 homo
1101 904 1156 960 fuit
1180 922 1291 975 operm
1310 906 1464 974 foetidum,
1496 906 1536 961 ita
1561 905 1662 962 influe
1682 907 1832 964 exitnssui

137 992 223 1061 plone
240 990 340 1044 eimute
362 994 579 1062 conformatam,
597 995 638 1047 ito
651 1003 681 1047 ut
699 994 749 1049 isti
759 994 832 1048 nihil
848 994 972 1062 cupiant,
999 991 1032 1046 fit
1058 994 1180 1046 cadauer
1200 992 1358 1062 putridum.
1406 993 1512 1049 Auctor
1529 1009 1645 1050 sermon
1671 994 1707 1048 ad
1725 993 1832 1063 fratres,

141 1077 211 1133 nibil
229 1077 369 1148 repitent,
386 1080 459 1133 nihil
480 1079 599 1148 deniqne
619 1081 722 1149 uelint,
740 1082 817 1149 quod
832 1081 932 1134 virtuti
948 1089 973 1133 et
999 1079 1047 1150 qui
1064 1078 1222 1149 Augustino
1245 1077 1405 1133 tribuuntur
1428 1084 1457 1133 et
1480 1083 1546 1133 tom.
1571 1085 1610 1136 to.
1637 1097 1751 1151 operum
1769 1081 1829 1151 ejus

141 1173 231 1220 rectae
260 1165 367 1219 notioni
393 1167 572 1234 adversetur,
604 1184 675 1235 quoe
700 1168 796 1221 anima
817 1167 847 1219 in
864 1167 973 1220 bomine
999 1165 1098 1220 annexi
1117 1169 1194 1235 sunt,
1218 1164 1324 1234 Semel,
1349 1164 1458 1236 iuquit,
1481 1166 1591 1220 Itomae
1616 1169 1716 1221 ductus
1733 1184 1793 1220 sum
1811 1186 1830 1221 o

142 1251 199 1305 olio
226 1252 337 1305 nomine
357 1253 498 1321 appetitus
517 1260 543 1306 et
561 1255 636 1307 ratio
654 1254 777 1321 inferior
801 1253 899 1308 uocari
912 1260 973 1321 pot·
998 1251 1140 1306 Pontiano
1162 1253 1313 1320 praefecto
1339 1269 1401 1305 cum
1426 1251 1521 1306 multis
1539 1252 1620 1322 otiis,
1650 1260 1680 1306 ut
1707 1252 1830 1307 uiduam

140 1425 249 1479 uiduus·
278 1443 362 1494 quom
380 1432 509 1478 aeternae
528 1428 652 1479 actiones
669 1433 791 1494 nostroe,
811 1440 881 1495 ques
900 1426 972 1495 ejus·
998 1433 1067 1479 esset
1096 1425 1184 1479 livido
1212 1426 1307 1480 coiore
1326 1427 1507 1495 praeditum,
1534 1428 1687 1497 putredine
1715 1426 1832 1481 mecum·

140 1512 217 1565 modi
242 1528 303 1565 esse
318 1512 390 1582 uult,
422 1520 452 1566 ut
478 1513 558 1567 nullo
583 1522 671 1582 paeto
693 1513 729 1566 ab
752 1530 783 1566 eo
806 1513 898 1566 norint
924 1519 973 1564 aut
999 1514 1104 1580 dotum
1122 1513 1259 1582 prospexi
1276 1520 1397 1567 uentrem
1410 1514 1472 1582 ejus
1484 1514 1643 1584 disruptum
1658 1522 1684 1568 ct
1697 1514 1831 1568 vermium

141 1599 316 1666 dissentiant,
334 1601 411 1668 quod
429 1601 509 1652 Deus
527 1600 607 1653 nobie
619 1600 813 1670 praescripsit.
844 1597 973 1652 Huunius
999 1606 1126 1651 cateruae
1141 1614 1195 1666 per
1213 1598 1305 1668 speum
1325 1606 1510 1655 transeuntes.
1536 1602 1604 1653 Duo
1623 1602 1831 1670 quoquefome·

142 1685 169 1739 in
183 1702 283 1742 comm.
303 1683 383 1755 epist.
403 1685 439 1739 ad
457 1685 554 1743 Thess.
574 1704 601 1757 p.
624 1693 680 1743 125.
700 1693 728 1742 et
744 1686 791 1740 alii
809 1702 859 1756 per
886 1686 970 1755 spiri·
998 1685 1049 1738 tici
1071 1685 1189 1749 bufones
1212 1686 1242 1738 in
1261 1687 1353 1750 foveis
1379 1686 1522 1741 caelorum
1553 1688 1614 1756 ejus
1636 1688 1831 1757 poscebantur,

140 1779 194 1826 tum
221 1771 380 1843 intelligunt
402 1771 601 1828 nobilissimam
626 1775 738 1828 animae
766 1774 903 1826 humanae
918 1789 970 1841 po·
998 1772 1089 1825 crines
1124 1773 1185 1841 ejus
1209 1790 1266 1826 non
1292 1771 1368 1826 ultro
1387 1772 1577 1826 adhaerebant
1605 1773 1707 1842 capiti,
1735 1775 1831 1828 dentes

142 1859 270 1927 teretium,
291 1876 347 1928 quo
364 1858 489 1913 homines
507 1880 525 1913 u
545 1862 634 1914 brutis
651 1862 874 1928 dietinpuuntur,
897 1859 972 1912 oide-
997 1860 1060 1929 ejus
1078 1860 1255 1928 opponebant
1274 1859 1359 1912 labiis
1376 1859 1524 1912 consumtis
1547 1867 1574 1912 et
1600 1860 1751 1913 revelatum
1770 1869 1832 1915 erat
1930 1897 1939 1907 ι

141 1945 557 2014 ticetmentemetvoluntotem,
570 1948 752 2017 perauimam
767 1963 831 2001 vero
844 1946 972 2015 reliquos
997 1947 1109 2000 narium
1130 1933 1346 2011 fundamentum
1369 1952 1421 2003 etc.
1463 1945 1608 2017 Ingressus
1635 1947 1829 2002 coemeterium

141 2033 252 2086 animae
274 2033 441 2100 facultates.
496 2032 734 2103 Simplicissimum
768 2032 891 2098 videtur,
922 2048 972 2102 per
998 2032 1094 2087 confer
1110 2048 1263 2102 caesarum,
1281 2050 1378 2104 regum
1395 2049 1429 2087 ac
1449 2033 1549 2087 ducum
1568 2049 1631 2088 ossa
1648 2049 1709 2087 cum
1722 2034 1829 2089 ossibus

140 2118 265 2188 spiritum
285 2118 314 2172 iu
332 2117 386 2172 illis
405 2118 494 2186 dictis,
514 2118 543 2172 iu
564 2119 665 2190 qpibus
685 2119 797 2190 spiritus
823 2118 860 2173 ab
880 2117 972 2172 anima
1000 2118 1196 2174 calceariorum
1221 2134 1253 2172 ac
1278 2135 1444 2189 pauperum,
1479 2135 1514 2172 an
1544 2118 1690 2175 discrimen
1716 2120 1828 2191 aliquod

141 2204 332 2277 distinguitur,
367 2205 522 2276 intelligere
540 2206 709 2275 superiorem
733 2206 841 2260 animas
857 2221 969 2274 regene-
998 2206 1069 2260 inter
1091 2222 1125 2260 ca
1151 2205 1273 2276 reperire
1294 2203 1404 2276 possis?
1432 2205 1541 2259 nullum
1558 2205 1682 2277 proiecto
1707 2207 1828 2278 reperies

139 2296 215 2346 ratae
234 2297 262 2346 et
279 2297 427 2346 renovatae
447 2289 623 2357 facultatem,
640 2309 690 2363 per
707 2308 791 2362 quam
808 2292 888 2346 homo
908 2289 970 2345 Deo
999 2299 1108 2362 praeter
1124 2292 1177 2346 hoc
1195 2290 1299 2356 solum,
1329 2291 1403 2357 quod
1421 2292 1538 2346 divitum
1556 2293 1708 2358 cadavera,
1733 2299 1829 2364 utpote

140 2377 271 2433 adhaeret
289 2384 317 2432 st
329 2378 447 2448 Spiritus
471 2380 561 2432 sancti
582 2379 695 2433 ductum
717 2379 841 2449 sequitur
852 2377 932 2432 Rom.
946 2382 971 2444 8,
998 2379 1142 2434 delicatius
1181 2383 1210 2432 et
1246 2378 1316 2433 cibis
1351 2377 1434 2432 variis
1470 2379 1588 2446 nutrita,
1625 2379 1731 2435 foetore
1757 2380 1829 2436 forte

139 2482 162 2519 v.
185 2470 231 2521 16:
255 2464 382 2534 Spiritus
410 2467 507 2518 reddit
529 2465 716 2518 testimonium
741 2466 859 2533 spiritui
875 2472 970 2519 nostro
997 2471 1132 2536 superant
1165 2481 1318 2536 pauperum
1346 2481 1476 2535 corpora,
1506 2464 1554 2535 qui
1579 2482 1651 2537 pane
1679 2466 1783 2522 cibario
1801 2472 1829 2523 et

139 2555 188 2607 etc.
217 2569 280 2606 cum
310 2568 366 2622 quo
389 2551 449 2620 fere
474 2551 603 2622 congruit
627 2567 721 2606 eorum
746 2552 892 2622 expositio,
923 2551 970 2623 qui
996 2553 1134 2607 lutulenta
1162 2567 1236 2622 aqua
1263 2551 1305 2605 usi
1342 2550 1463 2607 fuorunt.
1509 2552 1632 2609 Misenus
1666 2553 1695 2608 in
1726 2555 1829 2624 templo

138 2638 257 2693 ammam
287 2637 436 2709 dupliciter
465 2637 540 2707 apud
570 2637 725 2707 apostolum
753 2638 842 2693 notari
866 2639 969 2706 dicunt,
998 2639 1104 2694 Afrano
1130 2644 1336 2694 mouumentum
1356 2639 1502 2708 cujusdam
1521 2639 1621 2694 nobilis
1646 2639 1828 2696 adolescentis

137 2725 240 2797 primo,
272 2733 302 2778 ut
331 2728 480 2779 emendum
507 2744 586 2780 mam
618 2725 800 2778 substantiam
831 2725 970 2793 informat
998 2742 1030 2780 ex
1050 2724 1278 2781 Schleiuiziorum
1296 2724 1402 2779 familia
1423 2725 1487 2790 (nisi
1505 2724 1594 2790 fallor)
1612 2726 1721 2782 oriundi
1733 2728 1828 2782 etiam-

139 2830 248 2886 corpus,
266 2813 352 2881 idque
363 2829 429 2866 noce
443 2811 563 2881 animae,
581 2812 712 2880 secundo,
730 2820 813 2866 uteet
826 2831 844 2865 o
859 2812 970 2880 Spiritu
996 2823 1062 2867 num
1088 2811 1170 2867 hodie
1199 2811 1292 2867 videre
1320 2812 1393 2867 licat.
1434 2811 1638 2867 Perhihebatur
1668 2813 1828 2869 adolescens

139 2907 236 2954 sancto
251 2905 394 2964 renouato,
408 2898 706 2968 idpeecoeespiritus.
732 2898 833 2954 Consu
844 2898 968 2952 Flauium
995 2899 1042 2955 ille
1065 2899 1187 2955 omnium
1211 2913 1278 2952 suas
1303 2897 1403 2954 aetatis
1421 2897 1508 2953 fuism
1531 2898 1748 2969 pulcherrimus,
1778 2901 1827 2954 sed

138 2986 166 3041 iu
190 2984 273 3057 gloss.
299 2984 444 3054 compend.
468 3003 495 3054 p.
522 2991 595 3042 1023.
646 2984 808 3050 ”Quando
830 2985 969 3040 Lutherue
995 3005 1058 3041 cum
1076 2985 1104 3039 iu
1123 2985 1184 3055 ipso
1201 2984 1302 3040 astatis
1321 2983 1389 3039 flore
1406 2984 1434 3038 iu
1453 2984 1578 3040 morbum
1592 2985 1702 3042 letalem
1716 2985 1829 3041 incidis·

138 3079 202 3129 tom.
230 3079 251 3128 1.
276 3070 390 3128 Jeuensi
416 3088 443 3142 p.
469 3076 527 3127 439.
552 3078 584 3126 et·
605 3072 652 3127 alii
678 3072 802 3127 nonnulli
822 3072 969 3143 scriptores
996 3077 1051 3137 set,
1077 3070 1272 3143 apropinquis
1292 3070 1349 3124 suis
1367 3071 1474 3125 exorari
1492 3087 1547 3124 uon
1564 3072 1672 3141 potuit,
1698 3079 1730 3126 ut
1749 3089 1827 3127 suam

139 3159 318 3216 ecelesiastici
337 3159 449 3229 dicunt,
475 3161 552 3228 quod
576 3167 634 3213 tres
657 3161 713 3214 sint
731 3160 850 3215 bominis
863 3168 970 3230 partes,
996 3158 1117 3231 effigiem
1145 3157 1190 3212 vel
1215 3158 1367 3228 depictam,
1393 3158 1437 3213 vel
1464 3159 1599 3228 sculptam
1615 3159 1771 3230 posteritati
1785 3177 1827 3216 re·

138 3265 247 3317 empus,
266 3247 372 3310 animo,
392 3246 519 3314 spiritus,
538 3252 597 3301 tum
617 3263 793 3318 nequaquam
810 3247 970 3318 intelligunt
995 3245 1142 3316 linqueret,
1160 3250 1268 3299 tantum
1286 3243 1339 3300 hoc
1358 3244 1487 3315 precibus
1506 3245 1614 3299 illorum
1632 3245 1775 3314 concessit,
1795 3254 1827 3301 ut

137 3341 192 3388 tres
211 3337 304 3404 partes
335 3331 519 3387 essentialiter
536 3348 553 3386 a
572 3349 603 3386 se
629 3332 697 3403 ipsis
717 3332 885 3400 differentes,
904 3335 970 3403 quia
995 3337 1141 3402 postquam
1164 3337 1256 3386 terrae
1279 3330 1426 3386 mandatus
1447 3336 1534 3396 asset,
1563 3348 1667 3403 paucos
1685 3338 1749 3403 post
1767 3332 1826 3389 dies

138 3420 238 3475 diserte
255 3420 372 3484 docent,
396 3419 514 3473 animam
537 3419 630 3490 quoad
650 3416 750 3472 nister
769 3434 829 3474 esec
844 3420 968 3489 spiritum
996 3417 1172 3489 sepulchrum
1192 3418 1347 3489 aperirent,
1374 3422 1403 3472 st
1422 3434 1478 3489 qua
1495 3417 1584 3472 forms
1601 3417 1719 3474 cadaver
1746 3437 1826 3474 suum

137 3507 215 3561 illum
242 3511 269 3560 et
292 3504 368 3559 huno
390 3505 483 3576 quoad
508 3504 693 3560 substantiam
720 3513 748 3561 et
765 3512 893 3561 naturam
911 3523 970 3561 esse
994 3504 1156 3569 invenirent,
1175 3504 1272 3559 eadem
1291 3502 1405 3574 depingi
1423 3508 1559 3558 curarent.
1591 3504 1653 3559 Hoc
1671 3522 1733 3559 cum
1753 3514 1827 3561 esset

138 3593 221 3661 illam,
237 3591 286 3647 sed
304 3597 397 3662 partes
417 3591 601 3661 adjunctivas.
653 3592 712 3649 Nec
738 3593 811 3647 euim
830 3593 968 3648 insuetum
994 3591 1107 3660 factum,
1138 3591 1303 3645 invenerunt
1331 3590 1431 3645 isdem
1458 3591 1518 3660 ejus
1541 3590 1783 3647 semicousumtam
1808 3609 1827 3647 s

138 3687 193 3748 ast,
219 3679 303 3734 ctiam
324 3677 486 3734 divisionem
506 3678 626 3749 subjecti
643 3679 672 3733 iu
690 3679 844 3734 accidentia
870 3695 969 3735 vocare
994 3677 1134 3733 vermibus
1169 3685 1198 3732 et
1221 3677 1314 3747 plures
1340 3669 1481 3749 seipeutes
1501 3678 1575 3732 circa
1598 3677 1780 3750 diaphragma
1797 3685 1827 3735 et

139 3765 359 3821 distributionem
395 3764 479 3819 totius
518 3764 546 3818 in
585 3769 686 3835 partes.
739 3764 777 3819 Et
812 3764 969 3835 philosophi
995 3764 1101 3836 spinam
1116 3764 1190 3818 dorsi
1203 3770 1350 3821 exeuntes.
1364 3765 1514 3820 Jmserunt
1525 3764 1611 3836 igitur
1622 3766 1682 3836 ejus
1696 3765 1826 3838 effigiem,

138 3852 276 3924 potentias
297 3851 407 3905 animae
427 3849 517 3905 solent
536 3868 636 3907 vocare
659 3858 759 3923 partes.
805 3852 969 3907 Aristoteles
994 3852 1068 3906 sicut
1084 3851 1260 3915 invenerant,
1286 3851 1374 3921 lapidi
1392 3850 1491 3915 incidi,
1524 3851 1598 3921 quod
1619 3861 1826 3908 monumentum

136 3940 182 3996 lib.
203 3944 227 3995 6.
248 3937 360 3993 ethicor.
381 3936 465 4008 capit.
484 3936 552 3992 W
997 3938 1089 3993 adhuc
1106 3937 1135 3991 iu
1151 3938 1254 3991 sacello
1272 3936 1408 4009 gentilitio
1425 3937 1499 3992 illius
1513 3938 1609 4010 templi
1621 3939 1693 3994 iuter
1704 3947 1826 3994 amatas

995 4027 1129 4097 majorum
1142 4031 1170 4078 et
1182 4023 1326 4095 gentilium
1337 4029 1444 4079 statuas
1454 4024 1629 4095 conspicitur.
1652 4029 1679 4078 3.
1690 4025 1825 4098 Corporis

994 4113 1142 4183 sepultura
1161 4129 1196 4167 ac
1212 4111 1368 4176 funeratio.
1403 4111 1493 4181 Apoc.
1514 4118 1537 4180 u,
1551 4129 1577 4166 v.
1596 4117 1621 4168 8.
1640 4112 1826 4166 introducitur

994 4198 1057 4252 talis
1074 4198 1165 4270 figura
1187 4197 1300 4263 mortis,
1323 4197 1397 4268 quod
1421 4200 1517 4252 sedeat
1535 4215 1620 4267 super
1645 4216 1745 4269 epum
1759 4198 1824 4269 pol·

994 4285 1093 4354 lidum,
1109 4285 1186 4357 (quin
1205 4301 1322 4354 corpora
1340 4283 1532 4341 defunctorum
1552 4286 1645 4341 reddit
1668 4285 1774 4356 pallida
1791 4302 1824 4340 ao

993 4372 1096 4439 lurida)
1117 4375 1245 4442 quodque
1263 4374 1393 4434 infernus
1411 4390 1472 4426 eum
1484 4379 1631 4441 sequatur,
1649 4371 1693 4426 vel
1711 4372 1778 4443 quia
1794 4372 1824 4428 iu

992 4458 1084 4528 impiis
1108 4475 1180 4512 mors
1203 4457 1352 4528 corporalis
1378 4464 1421 4513 est
1439 4457 1549 4512 initium
1568 4465 1698 4513 aeternae
1720 4460 1823 4531 mortis,

991 4544 1036 4599 vel
1063 4544 1129 4615 quia
1147 4543 1285 4600 Graecum
1309 4543 1388 4614 ᾅδης,
1421 4551 1452 4599 ut
1468 4545 1554 4599 Hebr.
1573 4529 1656 4620 bitu}
1685 4544 1824 4617 signifieat

993 4631 1076 4686 etiam
1115 4631 1288 4699 semiorum,
1327 4630 1372 4686 cui
1408 4631 1507 4685 mortui
1536 4629 1698 4688 inferuntur.
1745 4633 1823 4689 Reli·

992 4734 1108 4787 quorum
1128 4717 1292 4772 animalium
1311 4733 1427 4788 corpora
1445 4718 1554 4789 saepius
1578 4720 1763 4791 projiciuntur
1780 4722 1820 4776 iu·

992 4804 1115 4874 sepulta,
1135 4801 1193 4880 *sed
1211 4819 1311 4875 corpus
1329 4804 1447 4859 hominis
1465 4822 1536 4874 mox,
1554 4811 1587 4860 ut
1605 4823 1668 4862 eum
1686 4825 1759 4863 mors
1778 4826 1821 4864 oc·

992 4890 1113 4963 cupavit,
1128 4896 1186 4946 tum
1199 4897 1297 4945 tetram
1309 4891 1422 4947 exhalat
1434 4892 1585 4964 mephitim,
1599 4901 1631 4949 ut
1642 4911 1693 4951 uec
1705 4896 1821 4967 proximi

993 4979 1104 5050 cognati
1123 4986 1150 5033 et
1169 4978 1250 5033 amici
1268 4978 1338 5033 illud
1358 4979 1386 5033 iu
1406 4978 1487 5035 domo
1506 4997 1600 5036 secum
1618 4981 1691 5038 serre
1708 4983 1821 5053 possint,

993 5066 1041 5121 sed
1070 5067 1194 5136 protinus
1227 5065 1364 5137 exportari
1393 5071 1422 5120 et
1447 5074 1536 5122 terras
1562 5068 1689 5122 mandari
1717 5078 1821 5126 curem.

993 5153 1063 5207 Sars
1089 5152 1117 5206 iu
1144 5152 1215 5207 vivis
1247 5151 1407 5207 Abrahamo
1435 5160 1494 5207 erat
1520 5169 1586 5208 cara
1604 5160 1633 5208 et
1658 5164 1752 5225 grata,
1772 5157 1821 5210 sed

993 5256 1056 5294 cum
1081 5244 1189 5294 modus
1215 5244 1300 5306 asset,
1338 5239 1406 5293 dicit
1434 5239 1470 5294 ad
1497 5238 1568 5295 filios
1588 5239 1664 5296 Heth
1688 5240 1758 5296 Gen.
1779 5247 1820 5306 23,

172 5322 247 5384 Quid
261 5323 320 5376 nisi
337 5323 433 5386 foetor
449 5323 529 5377 bomo
552 5323 614 5376 est!
628 5322 754 5386 foetores
772 5323 844 5376 inter
858 5323 887 5378 in
901 5326 966 5381 aluo
991 5344 1017 5382 v.
1039 5331 1068 5380 4:
1089 5330 1161 5380 Date
1179 5325 1249 5379 milii
1261 5327 1465 5394 possessionem
1485 5328 1616 5396 sepulcri,
1639 5338 1670 5382 ut
1686 5330 1821 5398 sepeliam

172 5409 306 5477 Gipnitur
323 5418 349 5463 et
367 5407 470 5475 latitat,
489 5417 565 5463 tener
587 5412 739 5472 efoetente
755 5410 868 5474 fouisse
991 5418 1127 5465 mortuum
1154 5429 1173 5465 o
1188 5413 1268 5477 faeie
1287 5429 1356 5467 meo.
1406 5417 1430 5468 t.
1451 5413 1586 5484 Corporis
1616 5415 1766 5480 cinefactio
1786 5436 1821 5473 cc

168 5496 290 5550 Eruitur
305 5496 426 5562 fortene,
443 5494 527 5546 totius
544 5504 665 5568 tempore
684 5496 757 5550 uitae
991 5498 1021 5551 in
1033 5497 1178 5568 pulonem
1194 5498 1330 5554 redactio.
1368 5498 1460 5555 Homo
1479 5504 1522 5554 est
1537 5500 1653 5572 putredo
1671 5500 1701 5555 iu
1714 5510 1821 5570 exortu,

172 5581 238 5636 Sese
257 5582 333 5635 intro
348 5582 446 5671 foetet,
458 5579 588 5644 foetores
606 5582 685 5653 ejicit
702 5598 736 5637 ee
753 5600 791 5649 ee,
991 5583 1070 5641 bulla
1096 5583 1126 5670 in
1151 5583 1222 5655 vite,
1252 5602 1317 5644 esca
1340 5585 1475 5642 vermium
1494 5585 1523 5644 iu
1548 5592 1643 5648 morte.
1686 5587 1756 5648 Gen.
1780 5596 1820 5662 ts,

171 4069 212 4118 tt.
247 4060 366 4116 Ratione
377 4060 475 4130 prioris
486 4060 583 4131 partis,
594 4061 721 4129 eorporis
730 4060 846 4130 scilicet,
854 4068 967 4116 mortem

136 4156 357 4219 consequuntur:
377 4151 400 4201 1.
420 4148 581 4202 omnimodo
598 4148 727 4219 corporis
746 4149 880 4211 mutatio,
898 4147 968 4202 illud

135 4236 208 4290 euim
225 4241 289 4304 post
307 4235 416 4289 animae
434 4234 586 4289 disceswm
604 4234 730 4289 redditur
742 4234 835 4289 statim
847 4235 967 4306 rigidum

134 4337 167 4376 ac
192 4320 339 4391 frigidum,
368 4337 464 4375 sensus
494 4337 527 4374 ac
559 4325 648 4374 motus
676 4336 787 4390 expers,
819 4321 966 4388 horridum,

134 4407 319 4479 ponderosum
351 4422 385 4460 ac
416 4412 545 4461 terreum.
594 4409 621 4462 2.
653 4407 811 4460 Horribitis
843 4409 966 4477 ejusdem

131 4495 316 4563 putrefactio.
362 4492 472 4550 Nullius
495 4492 622 4548 animalis
646 4508 746 4563 corpus
770 4499 965 4564 postmortem

134 4586 191 4635 tam
209 4580 264 4634 cito
279 4584 439 4649 putrescere
457 4579 568 4648 incipit,
598 4579 700 4634 nullius
721 4578 847 4633 animalis
867 4595 966 4648 corpus

135 4674 190 4721 tum
215 4672 316 4720 tetrum
337 4665 469 4721 foetorem
493 4667 595 4721 emittit
618 4683 700 4737 quam
723 4665 855 4734 hominis,
887 4666 966 4735 cujus

134 4753 173 4807 rei
194 4768 265 4823 quae
282 4751 370 4822 possit
386 4768 445 4806 esse
464 4768 548 4805 causa
567 4753 623 4806 alia
655 4769 738 4823 quam
756 4751 866 4824 peccati
879 4751 964 4811 labes.

136 4854 192 4908 que
215 4843 312 4904 corpus
336 4838 453 4892 hominis
481 4837 566 4892 veluti
589 4855 695 4895 veneno
718 4840 838 4910 quodam
868 4845 911 4893 est
926 4840 965 4893 in-

64 4956 76 4998 Ι,
89 4957 122 4999 at.
135 4924 240 4980 fectum
264 4942 297 4980 sc
323 4923 559 4980 contaminatum?
611 4924 761 4982 Peccatum
783 4932 828 4982 est
850 4944 899 4982 asa
918 4929 967 4984 illa

135 5010 255 5079 foetida,
287 5029 358 5082 quae
381 5027 473 5067 coram
497 5010 557 5066 Deo
581 5016 610 5067 et
634 5011 741 5084 angelis
764 5018 821 5067 tam
846 5015 967 5086 graviter

136 5099 191 5152 olet
209 5114 242 5152 ac
259 5103 367 5152 tantum
387 5097 520 5154 loetorem
541 5096 570 5151 in
591 5112 705 5169 corpore
723 5098 822 5154 mortui
849 5099 966 5156 hominis

135 5184 245 5240 excitet.
