4104 6014
269 302 331 358 ιιι
610 264 615 274 ’
862 292 986 352 Locus
1006 293 1210 354 monemus
1230 296 1377 356 snmus

268 466 352 521 qnam
368 451 430 520 ipse
457 452 602 521 accepite
619 449 710 504 Patre
728 468 780 505 suo
807 452 838 504 in
858 450 968 505 Pealm
985 456 1012 506 2.
1038 465 1105 520 pro-
1132 455 1158 503 te
1187 453 1375 523 meandum,
1405 455 1473 520 fons
1512 455 1725 511 misericordiae
1758 458 1825 521 fons
1854 457 1969 526 solutis,

269 538 390 592 missam.
438 538 537 591 Datur
566 537 655 605 ipitur
684 539 788 591 sanctis
816 538 972 591 auctoritas
1003 537 1105 606 impios
1128 536 1198 599 fans
1226 539 1353 608 gratiae,
1387 544 1452 602 sone
1482 542 1682 595 consolationis
1712 550 1737 595 et
1766 543 1971 613 indulpentiae,

270 624 404 693 aspendi,
429 623 590 693 cohibendi,
615 623 755 694 puniendi
780 631 805 677 et
827 624 894 695 pios
920 641 953 678 ea
979 624 1105 692 ipsorum
1131 622 1239 683 festina
1256 625 1287 677 in
1306 627 1445 680 annalium
1464 635 1490 681 et
1508 629 1656 682 consilium
1681 645 1771 683 mcum
1789 630 1819 682 in
1838 631 1970 684 omnibus

270 710 398 764 manilius
419 708 568 778 eripiendi.
595 726 622 779 p.
643 715 708 765 394:
741 711 858 770 Constat
882 726 916 764 en
937 710 1105 778 Scnptnris,
1132 710 1270 776 anpssstiie
1295 717 1322 764 et
1351 713 1561 766 necessitatibus
1583 714 1666 782 meis,
1693 715 1767 768 lanc
1795 732 1969 784 meamsup-

269 795 430 850 cunctosin
461 797 539 850 coelo
565 803 715 864 regnantes
741 813 803 848 cum
824 795 932 849 Consta
957 796 1026 849 llaec
1052 805 1106 849 ter·
1129 794 1234 862 plicam
1254 798 1409 851 orationem
1428 799 1569 867 aucipiae
1583 807 1609 852 et
1622 800 1760 853 erarediae
1778 809 1805 854 et
1822 808 1970 855 aeternam

268 897 340 936 rena
362 897 465 936 curare
498 889 525 934 et
552 882 761 935 administrare.
796 899 824 952 p.
858 887 923 936 409:
958 881 1107 934 Mirocnla
1132 880 1219 934 odom
1237 884 1354 940 tribues.
1389 882 1455 939 lam
1472 901 1538 938 vero
1555 884 1585 938 iu
1606 885 1733 940 omnibus
1753 886 1971 942 necessitatibus

269 969 422 1024 candetum
449 967 611 1039 similiaque
641 971 718 1021 dona
755 968 895 1030 beneficiis
922 975 947 1021 et
975 967 1107 1037 precibus
1134 967 1267 1022 auxilium
1296 969 1368 1024 ferre
1400 976 1428 1025 et
1460 970 1546 1024 vitam
1578 977 1717 1026 aeternam
1748 973 1872 1029 tribuere
1903 979 1973 1028 sunt

270 1063 430 1110 sanctorum
474 1072 564 1125 supra
608 1056 682 1109 sires
732 1062 852 1109 naturae
904 1055 1106 1123 consequimur.
1134 1068 1219 1121 opera
1246 1053 1370 1110 infinitae
1395 1055 1515 1112 rimatis.
1560 1057 1634 1129 Ergo
1663 1057 1769 1114 Mariae
1796 1059 1860 1113 talis
1880 1060 1972 1116 virtus

270 1162 298 1214 p.
316 1149 382 1200 tit:
410 1142 524 1198 Sanctis
543 1143 573 1196 in
593 1143 670 1196 coelo
684 1160 743 1212 pro
763 1143 928 1196 diversitate
946 1141 1107 1196 meritorm
1133 1139 1272 1198 tribuitur.

271 1231 385 1285 dienen
403 1230 447 1284 sel
473 1231 538 1285 loca
566 1231 760 1283 commendata
786 1229 932 1298 dicuntur,
960 1229 1004 1283 ael
1030 1230 1107 1282 dona
1169 1231 1227 1282 345.
1261 1226 1445 1283 Bellerminue
1474 1228 1492 1282 l.
1526 1236 1549 1285 1.
1580 1230 1614 1285 de
1643 1231 1717 1287 beat.
1748 1237 1834 1287 sanct.
1864 1249 1889 1285 c.
1924 1238 1966 1288 17.

271 1319 313 1371 ed
338 1317 470 1387 fidelium
503 1317 728 1371 Christianorum
755 1315 900 1370 arentium.
940 1314 982 1369 Ex
1006 1314 1108 1387 quibus
1135 1312 1360 1383 omnipotentiam
1381 1321 1539 1370 smctomm
1561 1318 1673 1372 videtur
1690 1334 1806 1389 negare,
1834 1317 1874 1372 sic
1894 1318 1969 1374 enim

271 1404 311 1458 sic
328 1404 478 1459 interimus.
529 1403 582 1468 Qui
614 1402 730 1458 eandem
757 1418 891 1473 accepere
916 1401 1011 1456 aDeo
1030 1407 1107 1472 pote-
1135 1397 1246 1454 scribit:
1270 1401 1336 1454 Non
1362 1402 1429 1455 licet
1453 1420 1471 1455 a
1494 1404 1599 1456 sanctie
1619 1411 1732 1474 petere,
1755 1412 1785 1457 ut
1807 1405 1888 1458 notis
1907 1413 1971 1458 tun-

271 1496 387 1556 statem‚
407 1507 490 1561 quam
508 1489 665 1546 Christusa
682 1496 761 1559 patre
779 1506 828 1543 suo
845 1487 968 1559 accepit,
984 1487 1024 1542 illi
1044 1495 1109 1543 sunt
1138 1503 1222 1554 quam
1239 1495 1367 1541 auctores
1385 1488 1545 1543 divinorum
1573 1490 1765 1554 beneficiorum
1783 1491 1907 1559 gloriam
1928 1491 1974 1546 ael

272 1577 481 1647 omnipotentes.
520 1575 603 1630 Ratio
622 1575 801 1630 connexionis
817 1582 875 1644 est,
893 1575 959 1645 quis
976 1579 1108 1646 potestas,
1139 1572 1263 1638 gratiam
1283 1571 1396 1642 aliaque
1415 1576 1457 1627 ud
1479 1575 1677 1630 beatitudinem
1697 1577 1793 1631 media
1808 1578 1973 1633 concedant.

272 1680 357 1734 quam
376 1663 502 1717 Christus
520 1677 538 1716 a
556 1661 641 1716 Patre
661 1678 711 1716 suo
738 1661 862 1732 accepit,
884 1677 940 1716 non
959 1666 1002 1716 est
1020 1660 1108 1730 finita,
1141 1657 1311 1714 Probatboc
1327 1659 1416 1730 primo
1435 1676 1469 1716 ea
1485 1662 1634 1732 Scriptura
1651 1663 1752 1718 Psalm.
1768 1669 1815 1720 8³:
1835 1661 1972 1718 Gratiam

274 1750 324 1805 sed
344 1749 453 1804 infinita
469 1755 498 1804 ιι
509 1765 573 1803 vere
588 1747 683 1801 divina
702 1754 836 1818 potestas,
853 1747 979 1818 adeoque
999 1752 1031 1802 nt
1049 1747 1108 1817 ipse
1136 1752 1162 1798 ct
1192 1745 1316 1814 gloriam
1349 1748 1424 1801 dulit
1462 1750 1609 1803 Dominus.
1643 1750 1746 1808 Psalm.
1775 1756 1837 1807 12οι
1866 1752 1975 1806 Lenem
1987 1771 2051 1812 mn

272 1836 410 1906 loquitur,
447 1835 537 1890 omnis
569 1842 697 1904 potestas
722 1834 752 1887 in
786 1833 864 1890 coelo
900 1842 926 1888 et
963 1835 994 1887 in
1033 1841 1110 1887 terra
1137 1832 1232 1885 oculos
1247 1850 1322 1887 meos
1344 1836 1386 1887 ad
1402 1844 1523 1897 montes,
1544 1839 1619 1890 unde
1635 1838 1725 1890 renat
1742 1838 1881 1892 auxilinm
1893 1837 1972 1903 milii,

273 1922 371 1976 Matth.
397 1926 444 1989 28,
477 1937 503 1976 v.
533 1924 573 1975 19.
629 1919 725 1975 Sancti
756 1937 789 1976 er
818 1920 970 1979 mentions
1003 1919 1110 1975 coeteri
1137 1919 1274 1973 ancilium
1304 1936 1393 1974 meum
1422 1940 1441 1975 a
1463 1922 1601 1992 Domino,
1636 1925 1687 1994 qui
1718 1925 1787 1987 fecit
1815 1925 1922 1979 coelum
1947 1932 1973 1978 et

275 2011 444 2079 acceperunt
483 2004 599 2060 eandem
639 2011 804 2076 potestatem
849 2022 867 2061 a
908 2007 983 2071 Deo,
1027 2021 1110 2076 quam
1138 2013 1253 2060 terrem.
1291 2005 1420 2061 Secundo
1446 2024 1480 2062 er
1503 2026 1557 2061 usu
1583 2010 1725 2068 ecelesiae.
1762 2011 1839 2064 Nam
1856 2010 1888 2064 in
1907 2028 1973 2064 ora·

276 2095 402 2150 Christus
430 2092 538 2163 accepit
567 2108 584 2146 a
609 2110 658 2146 suo
684 2092 776 2148 Patre.
819 2092 903 2165 Ergo.
944 2095 1029 2149 Ιιιιιιι
1056 2091 1111 2158 Qui
1138 2092 1272 2157 tionibus,
1307 2109 1379 2162 qnae
1408 2093 1538 2161 teguntur
1569 2095 1598 2148 in
1629 2097 1715 2149 misso
1742 2097 1785 2150 nel
1816 2097 1914 2160 officio
1945 2098 1975 2151 in

275 2183 357 2237 edere
384 2186 500 2251 possunt
527 2178 643 2234 effectus
669 2170 780 2234 divinae
804 2181 951 2250 potestatis
980 2179 1111 2251 proprios,
1138 2178 1341 2233 celemitotibus
1365 2188 1541 2250 sanctorum,
1566 2182 1639 2236 nihil
1662 2201 1785 2254 nequem
1803 2183 1886 2238 alind
1899 2185 1973 2253 peti·

277 2269 318 2323 illi
339 2268 422 2323 etiam
443 2265 538 2320 divina
566 2270 719 2337 potestate,
752 2266 878 2337 adeoque
914 2266 1113 2337 omnipotentia
1138 2283 1206 2333 mus,
1228 2283 1312 2335 quam
1331 2274 1361 2319 ut
1377 2284 1472 2321 eornm
1487 2268 1727 2338 precibusaDeo
1745 2270 1824 2324 nobis
1838 2271 1974 2339 beneficia

277 2361 343 2408 sunt
360 2353 498 2421 instructi,
518 2352 584 2425 quia
599 2351 750 2407 exeffcctis
766 2351 906 2423 judicium
922 2352 1001 2407 fitds
1019 2368 1111 2407 causa
1138 2354 1338 2407 concedantur.
1381 2352 1476 2408 Tertio
1500 2371 1533 2407 ea
1551 2355 1669 2409 ratione.
1706 2357 1780 2408 Nam
1799 2372 1846 2425 ea,
1876 2358 1976 2425 quidese

277 2441 342 2497 Jam
360 2457 426 2496 vero
443 2439 532 2494 sancti
552 2457 586 2495 ex
604 2438 756 2494 assertione
776 2437 885 2494 Costeri
898 2445 1014 2511 possunt
1030 2438 1111 2494 cdere
1139 2437 1311 2507 indipemue,
1337 2447 1472 2509 superant
1499 2441 1572 2496 sires
1603 2448 1752 2495 creatmae
1781 2459 1815 2495 uc
1846 2444 1976 2512 proinde

278 2527 393 2583 effectus
414 2526 525 2580 divinae
553 2526 700 2597 potestatis
725 2524 865 2597 proprios,
895 2533 1012 2597 possunt
1039 2526 1111 2580 enim
1139 2524 1223 2577 etium
1251 2533 1418 2582 sanctornm.
1463 2527 1542 2594 Ergo
1569 2527 1642 2580 nibil
1668 2528 1795 2581 debemus
1822 2546 1841 2581 o
1869 2530 1976 2583 eunctis

278 2614 377 2684 impios
407 2629 515 2685 cogere,
546 2612 675 2668 cohibere
699 2629 732 2666 ac
751 2611 864 2683 pmsire,
898 2613 958 2682 pios
976 2628 1010 2666 ex
1039 2612 1112 2683 ipso·
1138 2617 1246 2680 petere,
1275 2611 1333 2664 nisi
1361 2619 1392 2664 nt
1412 2630 1431 2664 n
1449 2613 1513 2667 Deo
1530 2612 1691 2682 impetrent,
1718 2631 1790 2683 qnae
1809 2615 1889 2669 nobie
1909 2623 1976 2670 eunt

279 2719 339 2755 rum
358 2700 486 2754 manibus
511 2699 632 2771 eripere,
667 2704 778 2754 terrena
804 2699 1010 2763 administrare,
1041 2699 1115 2753 dona
1139 2696 1232 2753 utilia.
1264 2696 1303 2751 Ει
1315 2704 1426 2768 postes:
1448 2699 1567 2753 Sanctae
1585 2701 1744 2754 invocamus
1757 2702 1799 2754 ad
1811 2702 1976 2767 locsolnm,

279 2787 429 2843 sanitatum
457 2802 542 2856 supra
571 2785 643 2840 vires
670 2790 786 2840 naturas
815 2785 955 2856 conferre,
986 2784 1113 2841 fidelibus
1140 2789 1170 2834 nt
1196 2783 1308 2849 saciant
1335 2785 1375 2854 id,
1404 2786 1482 2855 qnod
1503 2803 1554 2839 nos
1573 2787 1709 2850 facimus,
1738 2788 1807 2857 guia
1824 2789 1926 2843 mdius
1949 2797 1977 2843 et

281 2873 409 2931 auxiliari
429 2877 481 2929 etc.
519 2873 595 2944 Ergo
611 2872 695 2927 etlam
713 2872 808 2926 divina
823 2878 970 2944 potestate,
990 2873 1114 2943 adeoque
1142 2869 1286 2938 efficacius
1301 2871 1360 2940 ipsi
1374 2873 1475 2937 facere
1489 2875 1605 2942 possunt
1626 2890 1709 2942 pssum
1726 2890 1791 2938 noe,
1812 2876 1912 2928 melius
1928 2877 1979 2931 illi

281 2960 482 3032 omnipotentia
500 2965 565 3015 sunt
583 2958 719 3016 instructi.
765 2959 844 3014 Idem
863 2960 992 3014 Costerus
1011 2959 1040 3013 in
1059 2976 1114 3014 me·
1142 2963 1167 3008 et
1185 2973 1236 3009 noe
1252 2957 1346 3025 simul,
1367 2976 1450 3028 quam
1468 2976 1519 3012 noe
1532 2960 1595 3013 eali.
1624 2959 1708 3014 Item:
1728 2959 1810 3014 Nina
1831 2980 1850 3016 o
1868 2962 1977 3016 sonets's

281 3048 334 3104 dit.
350 3047 379 3101 in
402 3045 536 3116 hymnum
561 3045 620 3099 Ave
646 3044 730 3098 maria
750 3045 833 3100 stella
857 3064 883 3117 p.
904 3052 946 3101 61.
973 3051 1006 3100 ιιι
1028 3051 1115 3100 mater
1140 3049 1235 3109 petere
1250 3061 1413 3114 possumus,
1440 3045 1498 3098 nisi
1520 3053 1551 3098 ut
1576 3045 1750 3099 intercalant
1772 3050 1853 3116 apud
1873 3048 1977 3118 Deum,

281 3135 355 3206 regis
380 3133 451 3187 nihil
474 3149 529 3186 non
553 3137 645 3203 potest
662 3131 691 3186 iu
715 3128 844 3188 universo
869 3131 920 3187 tilii
946 3147 1048 3203 regno,
1075 3132 1115 3187 ita
1142 3146 1196 3197 quo
1233 3130 1314 3184 notis
1350 3129 1458 3186 Christi
1494 3132 1623 3185 meritum
1665 3134 1825 3202 applicetur
1861 3143 1887 3188 et
1919 3152 1977 3204 per

284 3228 315 3276 tu
348 3227 436 3275 mater
459 3220 513 3274 Dei
544 3218 636 3273 omnia
666 3226 746 3291 potes
775 3219 804 3274 in
829 3219 905 3275 coelo
931 3226 960 3275 et
981 3220 1010 3274 in
1034 3225 1115 3275 terra.
1146 3216 1283 3270 Christum
1310 3219 1434 3284 oratiam
1460 3227 1487 3272 et
1517 3219 1640 3287 ploriam
1667 3237 1875 3289 concoquamur.
1918 3223 1977 3278 ssd

282 3308 392 3364 Blasius
421 3307 456 3361 de
475 3294 566 3378 Viega
594 3305 623 3360 in
647 3322 746 3361 comm.
779 3322 862 3376 super
887 3306 976 3379 Apoc.
1002 3324 1029 3377 p,
1059 3311 1115 3362 543.
1142 3301 1194 3355 bac
1229 3303 1336 3359 ratione
1368 3304 1553 3359 Bellarminus
1585 3313 1606 3363 1.
1644 3306 1810 3363 contradicit
1840 3309 1977 3381 publicae

284 3394 375 3448 Maria
405 3399 447 3448 est
476 3408 528 3465 per
558 3393 748 3449 excellentiam
777 3392 898 3448 Domina
926 3399 955 3449 ιι
985 3394 1115 3465 princeps
1139 3390 1228 3458 praui
1260 3389 1289 3443 in
1312 3395 1419 3461 papatu
1446 3399 1591 3462 receptas,
1621 3409 1677 3463 qua
1702 3410 1758 3447 non
1775 3394 1864 3449 solum
1883 3395 1976 3451 saneti

282 3481 404 3537 omnium
446 3488 636 3537 creaturarum
683 3479 834 3534 constituta
879 3496 962 3551 super
1006 3498 1113 3536 omnem
1142 3475 1305 3531 invocantur
1323 3485 1355 3531 ut
1373 3478 1580 3543 intercessores,
1599 3479 1648 3534 scd
1667 3479 1750 3535 stiam
1770 3485 1802 3534 ut
1820 3481 1976 3535 aumlioto·

283 3575 446 3624 mensnram,
508 3566 611 3622 suarez
652 3572 715 3622 tom,
752 3572 777 3623 2.
810 3582 909 3622 comm,
946 3566 976 3622 in
1016 3566 1115 3624 Thom,
1141 3578 1188 3615 ree
1207 3570 1234 3615 et
1260 3563 1459 3632 opitulatores,
1490 3570 1523 3618 ut
1553 3581 1603 3619 suo
1630 3566 1691 3620 loco
1715 3565 1976 3627 demonstrabimus.

284 3656 355 3725 disp.
387 3659 428 3709 23.
459 3661 524 3709 ιιιι.
556 3660 579 3709 2.
615 3670 682 3724 pag.
715 3657 772 3709 2119.
811 3653 927 3709 adducit
959 3660 988 3709 ιι
1015 3655 1116 3725 probat
1142 3653 1166 3705 2.
1196 3648 1364 3720 Suppeditat
1389 3649 1498 3704 firmum
1523 3658 1714 3722 argumentum
1738 3657 1897 3706 sauctorum
1932 3653 1976 3709 in·

284 3743 389 3796 dictum
403 3739 530 3812 Gregorii
543 3739 686 3799 Nicomed.
706 3740 754 3812 qui
771 3739 800 3794 in
817 3746 886 3795 orat.
904 3757 955 3796 sua
971 3741 1115 3813 Virginem
1143 3735 1282 3790 vocationi
1292 3737 1497 3806 opponendum.
1528 3735 1558 3792 Si
1573 3736 1645 3791 enim
1658 3736 1818 3808 indeatque
1837 3737 1900 3792 ideo
1919 3757 1977 3795 non

285 3828 436 3898 Deiperam
463 3830 544 3880 vocat
562 3827 789 3896 omnipotentem,
817 3832 845 3882 et
863 3826 1004 3896 Anselmi,
1020 3828 1069 3899 qui
1086 3830 1115 3883 in
1143 3820 1209 3877 licet
1228 3838 1246 3876 a
1262 3823 1364 3877 sanctis
1392 3829 1500 3894 petere,
1528 3830 1561 3878 ut
1586 3824 1666 3878 nobis
1689 3829 1823 3894 tanquam
1849 3832 1977 3881 auctores

284 3916 301 3969 l.
329 3914 365 3968 de
397 3912 500 3968 laudib.
528 3912 605 3983 Virg.
636 3929 658 3968 c.
686 3918 725 3970 12.
759 3913 867 3968 scribit:
902 3914 941 3968 Te
967 3917 1008 3968 sis
1035 3917 1116 3969 Dm
1143 3907 1299 3963 divinorum
1319 3907 1516 3965 beneficiorum
1542 3909 1660 3981 gloriam
1678 3909 1723 3964 vel
1739 3909 1859 3988 gratiam
1877 3927 1977 3968 conca·

283 4001 425 4065 enullavit,
444 4007 475 4052 ut
491 4000 586 4052 omnia
598 4018 690 4054 secum
705 4001 856 4068 possibilia
874 4016 932 4055 esse
950 4004 1114 4070 donaverit,·
1144 3992 1223 4062 dant,
1249 3995 1316 4065 quia
1333 3997 1465 4066 terlitium
1486 4003 1542 4062 0⁶22
1573 3998 1696 4067 ulmam
1714 4004 1740 4049 ti
1755 3997 1877 4064 italiam
1897 3999 1978 4053 ‘labit

283 4088 363 4142 item:
392 4086 435 4138 Tu
462 4086 540 4153 uelis,
569 4094 593 4139 et
619 4103 797 4156 nequaqnam
824 4088 888 4152 fieri
913 4105 969 4140 non
995 4091 1116 4158 poterit,·
1144 4081 1299 4144 Donsinue,
1324 4081 1420 4151 utique
1443 4081 1525 4136 etiam
1550 4100 1605 4138 uon
1630 4083 1695 4137 licet
1719 4098 1766 4137 eos
1791 4083 1920 4138 invocare
1944 4091 1977 4141 nt

284 4192 317 4229 sc
336 4172 412 4228 Petri
429 4171 559 4225 Dimissi
586 4189 665 4227 serm.
694 4178 717 4229 ι.
736 4172 771 4226 ds
786 4173 871 4226 nativ.
892 4172 1010 4228 Marias:
1037 4177 1115 4230 Fuit
1143 4165 1308 4219 mediatores
1327 4174 1356 4220 et
1372 4166 1581 4233 intercessores,
1598 4167 1665 4240 quis
1684 4170 1817 4238 scriptun
1836 4176 1888 4238 est,
1903 4187 1977 4224 usus

284 4259 337 4312 tibi
360 4275 470 4328 magna,
491 4258 541 4327 qni
559 4266 662 4328 potens
679 4266 734 4328 eet,
760 4267 787 4312 et
807 4261 878 4312 data
895 4267 934 4312 est
958 4260 1010 4312 tili
1028 4263 1116 4315 omnis
1143 4260 1183 4305 ⁶⁸⁸
1221 4253 1361 4308 mediator
1392 4255 1452 4308 Dtt'
1487 4263 1514 4308 et
1545 4256 1698 4323 lominum,
1733 4256 1814 4309 bomo
1846 4254 1977 4310 (ultratus

280 4351 406 4415 potestas
426 4345 550 4398 incaelo
576 4353 601 4398 et
623 4347 653 4398 in
678 4353 754 4398 terra
781 4353 806 4398 et
822 4345 896 4399 nibil
919 4346 971 4399 tibi
989 4345 1114 4416 impossi-
1143 4341 1240 4408 Jttut,
1272 4339 1340 4395 item
1367 4342 1492 4395 Christus
1522 4350 1563 4396 est
1591 4345 1633 4397 ad
1658 4345 1787 4398 deatram
1817 4343 1916 4396 Patris
1951 4350 1977 4397 et

286 4431 341 4485 bile
361 4437 409 4492 eet,
431 4431 477 4484 cni
494 4431 629 4499 possibile
646 4438 685 4485 est
703 4433 867 4501 desperatos
885 4431 916 4484 in
934 4448 1012 4501 spem
1031 4434 1115 4487 beati·
1143 4427 1306 4496 interpellat
1331 4446 1389 4498 pro
1418 4430 1506 4486 nolu.
1562 4428 1591 4486 Si
1625 4431 1703 4500 prius
1741 4429 1848 4484 dictum
1878 4429 1977 4486 medio

283 4518 390 4571 tudinis
407 4517 542 4573 revelare.
589 4516 734 4579 Quomodo
761 4518 833 4571 enim
852 4518 905 4573 illa
923 4527 1050 4587 potestas
1063 4537 1114 4589 pe
1143 4513 1293 4584 opponitur
1312 4514 1496 4580 invocationi,
1522 4532 1578 4586 qua
1599 4515 1689 4572 sancti
1714 4523 1745 4572 ut
1763 4521 1891 4572 auctores
1909 4514 1977 4569 divi·

283 4604 386 4659 tentioe
418 4611 483 4656 tuse
507 4606 614 4674 poterit
645 4605 774 4672 secure,
801 4621 873 4672 quae
898 4606 933 4657 ds
957 4623 1043 4658 corne
1067 4615 1117 4661 tna
1144 4616 1241 4654 norum
1277 4600 1474 4656 beneficiorum
1504 4601 1680 4673 invocantur,
1712 4602 1851 4673 posterius
1877 4601 1977 4660 ssdsm

284 4691 378 4745 carnis
407 4691 529 4759 suscepit
554 4691 713 4761 originem!
743 4691 855 4744 accedis
877 4690 950 4744 enim
975 4694 1016 4745 ad
1041 4693 1117 4746 illud
1140 4689 1204 4757 jure
1235 4704 1269 4742 ac
1298 4688 1359 4758 pari
1390 4688 1490 4744 roboro
1524 4695 1673 4761 opponitur
1702 4686 1885 4754 invocationi.
1920 4705 1978 4760 qus

284 4793 399 4832 aureum
418 4778 659 4832 reconciliationis
678 4779 817 4832 humanae
843 4777 935 4831 altare
953 4796 1009 4833 non
1027 4781 1116 4835 solum
1143 4772 1232 4827 tancti
1253 4782 1286 4828 ut
1314 4774 1480 4829 mediatores
1515 4781 1543 4830 et
1577 4775 1771 4832 interemant!
1803 4775 1976 4832 invocantiu-

283 4882 401 4935 rogans,
426 4865 579 4918 sedetiam
599 4868 741 4935 imperans
765 4863 891 4931 domina,
918 4881 974 4916 non
1003 4867 1117 4921 ancilla.
1144 4864 1169 4915 3.
1189 4859 1327 4914 Funditus
1351 4860 1449 4916 evertit
1474 4867 1633 4917 amatorum
1658 4863 1868 4919 invocationem.
1906 4861 1976 4918 Per·

285 4954 311 5009 2,
336 4953 383 5006 Es
398 4951 494 5020 prasi.
544 4949 578 5004 In
603 4940 770 5006 antidotario
801 4949 910 5005 ammae
933 4949 1050 5007 Mariam
1077 4954 1117 5009 sic
1143 4953 1243 5019 petuas
1263 4947 1335 5002 cuim
1356 4955 1384 5002 et
1412 4947 1541 5002 immotae
1561 4949 1685 5004 veritatis
1709 4955 1752 5004 ιιι
1773 4949 1844 5006 illud
1859 4950 1976 5006 amoma

284 5038 431 5092 invocant:
451 5035 532 5101 Scio,
558 5037 723 5105 pompales
743 5037 850 5103 omnia,
876 5054 949 5105 puae
967 5037 1027 5108 oie,
1052 5038 1117 5110 ipso
1144 5034 1275 5106 Quisquis
1311 5033 1439 5104 religiose
1473 5034 1632 5103 invocatur,
1667 5036 1747 5092 illum
1775 5041 1885 5107 oportet
1916 5052 1977 5093 csse

284 5124 482 5179 misericordia
513 5131 540 5177 et
567 5123 663 5191 nenia,
692 5122 768 5175 nulli
796 5124 869 5177 dane
890 5125 1035 5194 repulsam
1065 5133 1116 5184 etc.
1144 5122 1373 5193 omnipotentem,
1400 5128 1432 5176 ut
1449 5138 1483 5176 ex
1505 5122 1634 5176 omnibus
1658 5122 1863 5179 calamitatibus
1883 5128 1912 5178 et
1929 5124 1977 5179 ad·

283 5215 370 5264 uitam
398 5219 540 5266 aeternam
563 5209 634 5263 milti
658 5209 788 5264 tributus·
817 5208 852 5264 In
878 5211 988 5266 cantico
1011 5211 1116 5282 Moysis
1143 5210 1229 5265 versis
1256 5225 1307 5264 nos
1337 5209 1443 5279 cripere
1471 5209 1569 5280 possit.
1606 5209 1644 5265 Et
1666 5211 1795 5265 vicissim.
1841 5209 1896 5275 Qui
1919 5227 1977 5266 non

284 5299 334 5351 Ex.
359 5305 397 5352 15.
421 5297 457 5351 ed
480 5294 599 5350 Mariam
630 5296 838 5351 accommodato
855 5296 964 5351 dicunt:
992 5300 1117 5352 Domina
1143 5306 1186 5353 est
1215 5295 1402 5365 omnipotens,
1434 5295 1482 5366 qui
1510 5312 1567 5350 non
1591 5302 1634 5350 eet
1660 5297 1810 5352 instructus
1839 5304 1978 5369 potestate

284 5393 383 5439 nostra
410 5383 583 5453 omnipotens
611 5388 663 5438 etc.
706 5381 739 5435 In
763 5381 839 5438 brev.
857 5381 967 5439 cistert.
991 5401 1052 5439 cam
1076 5386 1116 5440 sic
1142 5386 1172 5440 in
1203 5380 1333 5440 omuibus
1360 5382 1481 5438 adseren
1508 5383 1641 5439 auxilium
1674 5385 1755 5440 nobis
1777 5383 1897 5454 terendi,
1930 5385 1979 5440 iile

284 5468 465 5541 compellant:
493 5470 614 5524 Obsecro
632 5477 668 5532 te,
686 5477 776 5521 mater
793 5469 996 5539 orphanorum,
1020 5487 1116 5525 conso-
1143 5488 1200 5528 non
1228 5474 1273 5527 est
1300 5468 1430 5541 religiose
1457 5469 1634 5525 invocandus.
1685 5473 1860 5527 Alterutrum
1891 5472 1979 5544 igitur

284 5555 354 5610 letio
372 5557 572 5626 desolatorum,
589 5557 649 5611 vitu
666 5555 837 5624 mannum,
853 5556 933 5611 solus
951 5557 1071 5611 omnium
1086 5559 1117 5612 in
1143 5557 1251 5632 eligat
1261 5555 1415 5624 Pontificii,
1434 5563 1483 5610 eut
1500 5557 1668 5623 concedant.
1698 5564 1809 5615 sanctos
1820 5558 1904 5614 edam
1917 5574 1980 5617 esse
