4074 6022
864 170 917 228 DE
934 167 1076 230 MORTE.
1718 229 1724 240 .
1746 180 1806 243 221

115 325 314 398 &mendonis
332 327 479 398 infernae,
498 331 576 399 quod
593 330 637 384 rel
654 336 719 385 tunc
738 330 823 384 licere
840 328 946 402 potuis·
975 329 1178 387 candiditate.
1213 331 1257 384 Ne
1280 330 1369 400 iqitur
1387 345 1557 400 quaeramus
1580 329 1649 384 haee
1672 327 1774 385 audire
1790 345 1810 382 a

112 419 165 480 set,
184 420 215 467 ut
233 414 332 483 Moysi
348 423 375 470 et
390 415 537 486 prophetis
554 417 723 472 crederetur.
758 414 948 487 micipsae.
974 417 1107 483 mortuns,
1134 432 1207 486 quae
1234 417 1322 473 multo
1345 416 1452 471 clarius
1477 415 1604 488 quotidie
1627 433 1679 471 nos
1709 416 1809 470 docent

113 499 305 555 allocutiones
323 502 485 557 animarum
501 502 570 558 dicit
583 519 642 558 esse
654 503 814 573 fallaciam
830 502 950 576 spiritus
974 518 1076 557 sacrae
1093 503 1203 558 literae.
1241 505 1319 560 Nam
1342 504 1369 558 si
1390 503 1511 559 accuset
1536 505 1589 559 hoe
1615 504 1710 571 Deus,
1733 503 1811 572 quod

113 602 236 657 uptam
277 588 329 642 sssh
360 589 491 658 personis
527 590 724 655 defunctorum
755 589 949 644 delitescentis.
975 590 1081 644 rnortui
1101 590 1218 645 excitati
1235 589 1388 646 mumtihue
1412 598 1500 645 essent
1515 591 1681 664 profsduri,
1704 605 1808 660 nequa-

112 671 224 729 Anctor
241 673 434 746 quaestionum
454 675 490 731 ad
508 674 728 742 Antiochenam,
748 691 821 748 quae
841 679 951 731 exstem
976 693 1060 748 quam
1079 676 1231 742 annasse,
1250 694 1337 748 neque
1354 685 1461 732 tantum
1476 677 1585 732 lucrum
1603 676 1811 750 praeteriisset,

112 757 146 814 in
162 758 293 830 operibus
323 760 470 818 Athanasii
494 768 560 818 tom.
577 768 601 818 2.
631 780 656 834 p.
672 769 731 821 275.
760 781 787 835 q.
808 767 854 819 19:
883 762 949 817 Non
976 760 1027 829 qui
1043 769 1142 816 cuncta
1162 763 1241 818 nebu
1267 762 1352 818 utilia
1369 770 1518 834 procurat.
1560 766 1593 817 In
1616 761 1734 818 concilio
1751 762 1808 816 An-

107 846 244 916 permisit
262 848 344 902 Deus
360 850 454 903 redire
472 866 654 922 quenquam,
681 851 731 920 qui
759 849 949 918 annuntiaret,
976 862 1081 917 cyrena
1098 852 1161 905 tom
1181 854 1205 904 2.
1222 865 1301 905 conc.
1322 867 1348 921 p.
1368 854 1426 905 204.
1456 849 1513 906 tels
1533 849 1674 904 decretum
1690 848 1809 904 factum:

111 931 231 998 ahiaut
255 937 395 1005 quemme
421 935 477 990 sint
503 935 615 990 animas
642 954 661 990 a
687 936 766 990 nohis
790 937 950 1006 profectae.
978 932 1148 990 Sacerdotes
1174 951 1230 1006 per
1259 935 1391 991 molesios
1422 935 1478 990 sihi
1511 936 1673 990 commissae
1700 935 1810 1007 populo

112 1036 144 1093 q.
162 1023 211 1075 ²5:
242 1019 380 1089 Animae,
406 1038 477 1093 qaas
496 1039 548 1076 nas
568 1023 784 1094 praevenientes
803 1024 950 1086 decedant,
977 1021 1054 1074 omni
1072 1021 1208 1076 instantia
1224 1021 1397 1092 praedicare
1418 1021 1524 1090 dehent
1540 1029 1571 1075 ut
1586 1020 1722 1092 noverint,
1739 1021 1810 1076 haec

111 1122 292 1176 nequaquam
309 1106 381 1161 hanc
396 1108 485 1163 rium
503 1126 602 1164 rursus
621 1110 752 1165 insuunt.
784 1109 862 1162 Audi
878 1108 950 1161 enim
976 1107 1144 1161 omnimodis
1167 1125 1224 1163 sese
1241 1097 1324 1175 falsu
1343 1117 1371 1162 st
1391 1125 1448 1162 non
1459 1128 1479 1163 a
1497 1109 1602 1178 divino,
1621 1110 1673 1162 sed
1684 1107 1809 1176 malipno

111 1192 221 1247 David
230 1193 398 1264 propinatam
412 1197 448 1249 de
462 1195 605 1265 defunctis
619 1195 773 1250 hominihus
792 1195 950 1249 dicentem:
975 1192 1080 1264 spirita
1102 1194 1175 1248 talia
1194 1193 1397 1268 phantasmata
1420 1197 1555 1250 mentibus
1577 1194 1706 1261 fidelium
1736 1196 1808 1249 irro-

112 1275 209 1333 Homo
236 1279 309 1333 sicut
334 1297 450 1350 promen
478 1282 539 1336 dies
562 1282 639 1351 eius,
669 1282 801 1351 quoniam
833 1281 951 1351 spiritus
976 1279 1041 1345 qari
1066 1284 1118 1335 etc.
1161 1281 1294 1335 Omnibus
1327 1281 1422 1351 itaque
1442 1281 1557 1352 publice
1584 1282 1809 1364 annsqstiandum

111 1365 300 1434 pertransivit
311 1383 368 1435 per
387 1384 456 1433 eum,
486 1375 512 1420 st
530 1387 585 1423 non
603 1370 655 1422 erit
673 1368 796 1438 amplias
816 1367 950 1422 stlocum
977 1373 1034 1430 eet,
1065 1367 1142 1435 quod
1163 1368 1213 1436 qui
1229 1368 1301 1421 tatia
1324 1368 1412 1422 ethis
1435 1368 1544 1422 similia
1561 1369 1697 1434 credidit,
1726 1369 1809 1432 tidem

113 1452 180 1522 ejus
197 1469 253 1507 non
270 1452 393 1523 amplius
411 1464 572 1525 aqnoscent.
604 1473 630 1526 q.
650 1460 697 1517 se:
717 1455 864 1524 Numquid
878 1455 951 1508 scire
974 1451 1106 1521 perdidit
1125 1457 1178 1509 etc.
1217 1453 1392 1527 Augustinus
1408 1453 1443 1510 de
1462 1471 1530 1510 cura
1549 1471 1600 1526 pro
1618 1460 1698 1511 mort.
1718 1472 1741 1512 c.
1762 1460 1808 1512 10:

108 1555 282 1609 possumus,
313 1557 401 1609 quare
427 1560 483 1595 non
510 1542 672 1612 permiserit
700 1543 793 1609 Deus,
827 1541 951 1595 animam
977 1537 1143 1607 Aliquando
1161 1539 1317 1604 fallacibus
1335 1542 1403 1597 uisis
1421 1542 1544 1597 homines
1567 1543 1598 1596 in
1614 1560 1731 1610 maqnos
1748 1543 1810 1596 mit·

113 1625 241 1695 alicujus
265 1641 376 1695 eorum,
407 1628 457 1698 qui
486 1643 501 1681 e
523 1627 593 1681 riso
619 1628 801 1693 decesserint,
831 1628 873 1680 ad
899 1645 951 1680 nos
977 1632 1073 1678 tantur
1092 1624 1210 1681 errores.
1259 1625 1487 1700 Theophyluctue
1515 1627 1544 1684 in
1570 1645 1632 1699 cap.
1653 1633 1676 1684 8.
1694 1628 1808 1684 Mettus

10 1736 30 1775 L
44 1735 97 1779 m
112 1712 214 1765 redire
227 1719 253 1766 et
272 1729 425 1782 enarrare,
456 1715 615 1784 qualisnam
633 1732 727 1769 reram
747 1716 826 1785 apsed
842 1714 951 1779 inferos
976 1710 1083 1765 Anima
1097 1729 1211 1783 eqrssea
1230 1712 1261 1767 in
1281 1716 1384 1769 mundo
1402 1733 1458 1768 non
1472 1722 1543 1769 erat.
1576 1715 1723 1768 Justorum
1736 1716 1820 1798 enim,

114 1800 228 1851 status!
270 1799 444 1870 Respondet:
466 1800 556 1855 Multi
582 1803 663 1870 apud
685 1818 737 1854 noe
755 1801 821 1854 inde
841 1817 950 1855 errores
977 1798 1089 1852 animae
1108 1801 1136 1853 in
1151 1818 1237 1854 manu
1248 1801 1308 1854 Dei
1323 1809 1396 1865 sunt,
1412 1810 1595 1871 peecatorum
1612 1818 1678 1854 nero
1694 1811 1718 1854 et
1731 1802 1809 1871 ipsae

113 1885 266 1942 orirentur.
307 1885 399 1940 Multi
421 1887 495 1941 enim
515 1889 664 1941 daemones
675 1890 794 1958 formas
813 1887 950 1942 humanas
976 1884 1040 1938 hinc
1064 1886 1253 1952 abducuntur,
1271 1895 1302 1941 ut
1324 1889 1420 1941 anima
1439 1887 1546 1942 divites.
1584 1886 1648 1942 Huc
1672 1886 1809 1944 referendi

112 1971 233 2024 induere
251 1979 278 2024 et
297 1972 326 2024 in
344 1972 485 2027 hominum
505 1975 711 2027 demortuorum
741 1971 840 2041 siparis
859 1981 949 2026 trans-
976 1988 1070 2026 omnes
1094 1970 1134 2026 illi
1159 1978 1302 2042 auctores,
1335 1973 1382 2043 qui
1412 1973 1555 2029 nobiscum
1584 1980 1723 2039 statuunt,
1753 1990 1808 2027 non

112 2058 243 2121 formari
254 2059 412 2128 potuissent
431 2077 465 2114 ac
485 2045 594 2125 dicere,
606 2077 625 2111 a
643 2059 761 2113 mortuis
779 2075 839 2113 ssee
857 2075 949 2113 resur·
976 2074 1070 2113 rernm
1083 2057 1168 2115 inisse
1184 2057 1346 2128 Samuelem,
1360 2059 1408 2130 qul
1418 2057 1496 2115 Sauli
1507 2059 1536 2114 in
1551 2060 1610 2130 ejus
1624 2059 1807 2130 forme'eppe-

113 2145 237 2211 rescisse,
263 2154 346 2216 atque
377 2147 443 2201 inde
467 2148 634 2201 mulceres
654 2146 799 2200 ementitas
819 2154 844 2199 et
862 2146 949 2215 falsa
975 2145 1045 2213 ruit,
1065 2145 1114 2202 scd
1131 2152 1271 2217 spectrum
1290 2145 1466 2202 diabolicum.
1507 2146 1693 2202 Bellarminus
1714 2144 1762 2202 lib.
1784 2151 1806 2200 2.

114 2232 253 2300 daqmata
274 2234 310 2285 de
327 2232 379 2301 iis,
397 2250 468 2303 quoe
487 2234 526 2288 ihi
542 2235 627 2303 liunt,
645 2250 791 2304 sparqcrs,
808 2233 892 2303 idque
911 2234 952 2287 ad
977 2232 1012 2286 de
1029 2248 1109 2304 purg.
1126 2247 1185 2304 cop.
1205 2237 1229 2290 6.
1248 2228 1276 2306 ξ.
1295 2231 1516 2304 Respondcbnnt
1533 2240 1598 2293 etc:
1629 2234 1694 2286 Non
1712 2250 1808 2286 cerum

113 2319 306 2371 seducendum
349 2336 399 2372 nos
439 2327 465 2374 et
500 2321 686 2390 perdendum.
739 2318 950 2392 chrysostomus
977 2316 1143 2382 Samuelem,
1163 2320 1215 2374 sesi
1233 2319 1376 2372 diabolum
1394 2320 1423 2372 in
1441 2321 1538 2384 forma
1555 2319 1617 2388 ejus
1637 2319 1807 2390 apparuisse

113 2401 189 2457 hom.
211 2408 252 2460 29,
272 2404 300 2458 in
319 2403 417 2463 Metti.
435 2421 462 2475 p.
480 2410 543 2461 28³:
561 2408 626 2460 Non
643 2407 739 2461 anima
757 2407 884 2471 defuncti
900 2414 949 2475 est,
976 2407 1076 2457 docent
1106 2404 1299 2460 Tertullianus
1327 2405 1391 2460 lihr.
1418 2407 1454 2459 de
1480 2405 1565 2458 anim.
1591 2421 1686 2476 prope
1718 2407 1808 2472 tinem,

114 2507 187 2559 qaae
205 2488 290 2557 dicit,
306 2489 403 2543 anima
420 2491 488 2544 talis
506 2509 555 2560 eqo
572 2509 646 2557 sum,
667 2495 720 2547 sed
737 2495 871 2557 momen,
900 2491 949 2565 qui
975 2498 1075 2544 assctor
1104 2493 1298 2560 quaestionum
1333 2493 1414 2560 apud
1441 2491 1547 2544 Justin.
1576 2508 1601 2560 q.
1632 2492 1678 2544 52.
1710 2498 1807 2544 auctor

114 2575 184 2629 haec
206 2583 235 2628 ut
259 2575 404 2630 audientes
430 2577 569 2647 decipiat,
602 2579 725 2647 dsfinqit.
772 2579 809 2633 Et
838 2586 947 2651 postea:
975 2576 1165 2647 quaestionum
1190 2577 1219 2635 V.
1235 2578 1267 2635 Τ.
1287 2594 1312 2648 q.
1330 2579 1375 2633 21.
1395 2578 1475 2646 apud
1492 2576 1689 2647 Auqssstinum,
1708 2583 1807 2630 auctor

114 2661 183 2717 Non
198 2669 291 2731 potest
310 2662 407 2716 anima
425 2680 440 2717 e
456 2679 574 2735 corpore
591 2672 725 2735 separata
746 2667 777 2720 in
794 2666 839 2720 his
856 2666 946 2737 repic-
973 2662 1022 2718 tit.
1042 2663 1078 2717 de
1095 2662 1271 2717 mirabilibus
1287 2662 1455 2733 Scripturas
1475 2662 1522 2720 lib.
1536 2664 1562 2718 2.
1581 2679 1643 2732 cap.
1656 2665 1699 2716 11.
1734 2662 1805 2715 Pro·

113 2747 196 2804 nilus
215 2765 322 2805 errare.
353 2749 500 2804 Justorum
520 2750 593 2805 enirn
611 2751 722 2806 animae
741 2753 772 2806 in
790 2771 875 2807 manu
888 2754 949 2808 Dei
974 2750 1071 2820 copiae
1088 2757 1114 2804 st
1133 2750 1284 2805 Eucherius
1303 2750 1333 2803 in
1353 2753 1378 2807 1.
1397 2749 1467 2821 lisq.
1485 2766 1549 2821 cap.
1570 2751 1614 2802 28.
1634 2757 1661 2803 et
1672 2747 1806 2829 ¹Isidorus

114 2842 190 2901 sunt,
215 2844 397 2908 peccatorum
426 2855 492 2892 aero
516 2846 582 2908 post
601 2838 673 2894 hunc
697 2839 798 2893 exitum
817 2840 946 2894 continuo
974 2837 1020 2891 lib.
1042 2839 1065 2894 8.
1086 2837 1232 2909 etymolop.
1252 2854 1314 2906 cap.
1332 2840 1358 2892 9.
1404 2835 1510 2904 Quarto
1527 2853 1561 2891 ea
1577 2835 1806 2891 aduersariorum

114 2921 306 2988 abducuntur,
333 2925 446 2994 quoda
462 2925 573 2980 Lazaro
598 2933 625 2980 et
643 2925 730 2979 dicite
745 2925 866 2997 planem
885 2927 946 2994 effi-
974 2922 1157 2989 confessione.
1206 2921 1328 2978 Thomas
1346 2929 1417 2994 part.
1440 2929 1462 2978 1.
1481 2941 1507 2995 q.
1527 2928 1584 2980 111.
1603 2928 1655 2979 art.
1674 2928 1699 2978 4.
1717 2921 1759 2997 ad·
1776 2927 1806 2977 2:

116 3008 194 3080 saur,
214 3011 268 3064 sed
280 3009 352 3064 alili
363 3028 469 3082 quoque
481 3010 622 3066 Dominus
642 3013 699 3067 ait:
715 3011 811 3068 Hodie
823 3013 945 3068 animam
977 3011 1133 3064 Dicendum
1152 3017 1200 3078 est,
1221 3010 1297 3079 quod
1308 3013 1476 3082 frequenter
1495 3011 1645 3065 mentones
1663 3008 1805 3073 simulant,

116 3101 191 3150 mam
210 3096 261 3150 ahs
284 3103 311 3150 te
337 3104 468 3166 repetent.
513 3099 580 3153 Non
610 3099 697 3166 iqitur
723 3105 818 3173 potest
841 3099 946 3170 anima,
973 3112 1002 3150 ss
1023 3113 1082 3150 esse
1102 3096 1212 3151 animas
1234 3104 1406 3152 mortuoram
1430 3100 1471 3152 ad
1493 3098 1716 3163 confirmandum
1740 3112 1805 3167 qen·

119 3199 176 3236 aem
194 3201 213 3236 a
237 3199 355 3253 corpore
381 3184 560 3252 abscesserit,
586 3187 668 3255 apud
691 3203 742 3241 nos
772 3186 816 3240 hic
839 3202 946 3242 errare.
973 3182 1065 3235 titiam
1082 3199 1216 3249 errorem,
1234 3185 1284 3253 qui
1300 3186 1370 3240 haec
1394 3185 1552 3241 eredebant.
1594 3181 1674 3238 Idem
1690 3187 1762 3254 part.
1783 3187 1805 3238 1.

118 3269 218 3325 liudis
237 3286 251 3323 s
270 3269 340 3324 lacis
366 3269 533 3341 Scripturas
558 3273 737 3342 comprobari
756 3279 864 3345 potest,
891 3291 947 3327 non
974 3287 1000 3341 q.
1023 3275 1078 3325 110.
1097 3275 1149 3326 est.
1169 3275 1193 3326 ³.
1211 3270 1247 3325 ed
1265 3274 1289 3326 3.
1307 3271 1444 3342 disputet,
1463 3272 1588 3326 animam
1605 3278 1766 3341 separatam
1785 3288 1805 3324 a

117 3369 212 3409 errare
231 3356 276 3410 hic
288 3366 354 3428 poet
375 3366 489 3412 mortem
501 3359 645 3430 justorum
668 3359 808 3413 hominum
830 3360 946 3414 animae.
973 3373 1090 3427 corpore
1107 3374 1163 3411 non
1175 3374 1259 3430 posse
1277 3359 1408 3413 natarali
1418 3358 1640 3413 enauirtuteres
1654 3373 1806 3428 corporeas

116 3440 188 3495 Nam
207 3449 233 3495 st
253 3443 412 3513 Stephanus
430 3445 488 3497 ait:
516 3444 631 3521 Saeeipe
652 3445 781 3515 spiritum
799 3462 901 3514 nisum,
920 3453 947 3499 st
973 3459 1089 3511 monae,
1106 3443 1212 3511 ianuas
1227 3445 1348 3513 aperire,
1362 3461 1665 3508 commouerssoamna,
1685 3443 1805 3505 enatare
1818 3458 1887 3502 xm
1899 3457 1946 3502 tte

113 3527 225 3584 Paulus
260 3528 368 3582 resolvi
399 3537 424 3583 et
444 3546 502 3584 sess
526 3549 587 3584 sum
608 3531 720 3586 Christo
752 3532 943 3587 desiderabat.
973 3531 1118 3600 strepitum
1138 3535 1188 3586 etc.
1208 3531 1253 3584 cui
1272 3528 1396 3587 Thomas
1410 3531 1517 3603 judicio
1536 3549 1569 3588 ex
1588 3539 1668 3603 parte
1685 3528 1804 3586 subscri·

113 3615 159 3670 De
174 3615 346 3686 patriarcha
365 3632 472 3685 quoque
493 3615 643 3686 Scriptura
662 3618 748 3671 dicit:
778 3620 816 3672 Et
834 3619 946 3687 apposi-
973 3616 1039 3672 bere
1056 3615 1166 3671 videtur
1184 3615 1313 3673 Becenus
1328 3618 1362 3672 de
1380 3635 1461 3690 purg.
1479 3635 1507 3688 p.
1528 3623 1586 3674 121.
1603 3616 1804 3673 Machiavellus

109 3707 155 3756 tus
173 3710 215 3756 est
230 3703 272 3754 ad
285 3709 385 3772 patres
402 3719 478 3759 ezras.
518 3702 600 3764 Quod
616 3720 680 3757 cero
703 3720 752 3758 nec
764 3713 945 3774 peccatorum
973 3707 1002 3755 in
1021 3702 1236 3774 principiosuee
1252 3703 1383 3760 historiae
1402 3704 1507 3775 scribit,
1525 3706 1602 3757 circa
1620 3722 1686 3758 ann.
1700 3702 1806 3758 Christi

108 3788 283 3844 animaehic
301 3790 470 3842 commorari
482 3797 612 3858 possunt,
630 3791 745 3844 diuitem
758 3792 862 3845 erudias
875 3792 946 3861 qnid
972 3790 1037 3843 600.
1064 3791 1276 3844 consuetudines
1302 3807 1351 3845 seu
1382 3792 1515 3858 doqmata
1544 3790 1644 3845 ueteris
1670 3789 1804 3845 eeclesiae

106 3877 206 3942 dicat,
235 3876 465 3946 perpendasque,
491 3875 562 3944 quid
572 3876 643 3946 petit
672 3883 698 3929 et
723 3869 946 3946 nonimpetrat.
973 3891 1033 3927 cum
1045 3876 1193 3931 miraculis
1205 3893 1292 3931 novae
1303 3894 1434 3950 pupnare
1453 3876 1587 3947 coepisse,
1606 3894 1671 3929 nam
1682 3884 1805 3944 spectro·

14 3966 17 3970 ’
109 3961 225 4026 Quodsi
241 3969 355 4031 possent
373 3961 483 4015 animae
497 3962 542 4016 hic
561 3962 732 4029 conuersari,
749 3963 945 4033 emissetipss,
971 3979 1035 4016 rum
1068 3963 1265 4034 apparitiones
1303 3971 1330 4017 et
1366 3963 1443 4018 alias
1471 3963 1642 4034 imposturas
1679 3961 1804 4017 Satanae

104 4056 140 4102 ut
164 4047 309 4117 cupiebat,
336 4054 361 4101 et
389 4065 455 4102 sssos
479 4049 514 4101 de
537 4048 647 4112 inferni
670 4049 815 4103 tormentis
832 4050 946 4113 fecisset
972 4049 1174 4103 miraculorum
1210 4058 1327 4103 veterem
1367 4049 1449 4104 illam
1489 4050 1617 4114 formam
1657 4047 1805 4118 relipions's

103 4135 252 4189 certiores.
300 4132 379 4190 Idem
403 4133 437 4190 de
454 4134 562 4190 Leaena
588 4134 685 4190 concil.
706 4140 735 4190 2:
764 4135 840 4199 Quid
858 4137 945 4205 iqitur
967 4152 1088 4204 prorsus
1108 4135 1246 4190 euertisse.
1291 4133 1386 4191 Verba
1405 4133 1507 4192 Italica
1530 4141 1655 4191 recenset
1673 4133 1804 4189 Wolifius

105 4229 166 4292 est,
196 4222 274 4293 quod
303 4222 452 4275 mamonae
478 4224 589 4289 dicant,
621 4221 753 4276 monachi
776 4223 856 4277 illius
885 4240 946 4275 essm
972 4228 1043 4277 cent.
1070 4226 1109 4277 16.
1135 4222 1286 4279 memorab.
1316 4239 1343 4292 p.
1366 4228 1423 4278 811.
1472 4227 1498 4278 4.
1517 4221 1559 4279 De
1583 4219 1803 4292 apparitionibus

106 4308 227 4363 animai
264 4305 340 4361 Sans
356 4316 476 4378 propter
493 4308 544 4363 hoc
570 4309 662 4378 speum
680 4327 735 4362 non
753 4310 850 4378 eredo,
878 4311 945 4379 quia
972 4309 1125 4363 animarum
1144 4307 1218 4363 idem
1236 4308 1421 4378 statuendum,
1439 4308 1513 4381 quod
1526 4309 1561 4364 de
1579 4306 1804 4376 revelationibus,

105 4389 260 4448 'dusmense
278 4394 388 4462 dicunt,
413 4395 556 4464 decipiunt
579 4395 651 4448 enim
677 4395 833 4451 auditores.
874 4393 944 4457 Qua·
973 4395 1007 4452 de
1037 4395 1139 4471 quibqs
1164 4402 1239 4451 recte
1269 4397 1430 4466 pronuntiet
1457 4394 1566 4451 Gerson
1598 4394 1633 4450 de
1658 4394 1802 4450 examinet.

103 4487 227 4551 propter
252 4487 278 4533 st
302 4480 414 4535 Paulus
439 4480 525 4552 speie,
551 4481 663 4535 tametsi
686 4497 753 4534 uera
781 4482 945 4550 dicentibus,
972 4481 1220 4552 corumpatur.
1246 4481 1352 4539 consid.
1376 4486 1404 4537 1:
1431 4481 1568 4550 Sssepccta
1593 4489 1633 4535 set
1651 4481 1741 4535 omnis
1759 4497 1802 4533 re·

109 4567 244 4636 imposuit
269 4567 425 4638 silentium,
453 4584 488 4621 ne
516 4585 550 4622 eu
575 4569 649 4621 serie
675 4569 755 4622 nacti
773 4569 944 4622 occasionem
971 4569 1087 4637 relatio,
1111 4585 1196 4637 msam
1219 4585 1275 4622 non
1297 4567 1402 4638 potas
1428 4567 1473 4623 len
1500 4585 1562 4622 eum
1579 4568 1732 4639 manqelio.
1769 4567 1805 4622 Et

105 4662 172 4725 post
204 4654 393 4709 admiscerent
411 4657 560 4711 mendacia
577 4659 720 4726 fidemque
739 4656 796 4710 sihi
812 4655 946 4711 concilia·
972 4655 1067 4728 quales
1084 4655 1140 4710 sint
1158 4653 1294 4726 ejusmodi
1313 4653 1509 4724 revelationes,
1532 4654 1655 4711 ostendit
1670 4672 1715 4711 scs
1733 4654 1802 4725 ipsa.

111 4748 172 4795 rent
189 4746 242 4797 eto.
264 4740 359 4797 homil.
378 4747 401 4797 4.
420 4742 456 4797 dc
476 4742 588 4800 Lanam
619 4743 654 4797 Ut
676 4759 842 4812 cognoscas,
867 4744 944 4812 qaod
970 4743 1163 4798 Damascenis
1180 4741 1209 4797 in
1230 4746 1299 4798 orat.
1322 4741 1357 4799 de
1375 4741 1514 4799 defunctis
1533 4742 1617 4799 refert
1635 4759 1669 4798 ex
1688 4740 1804 4797 humma

111 4828 226 4897 pravior
243 4828 281 4882 sit
300 4828 514 4899 Scripturnrum
528 4847 562 4883 ac
577 4829 783 4899 prophetarum
801 4829 942 4895 doctrina,
970 4828 1090 4884 Palladii
1120 4828 1157 4883 ed
1181 4828 1320 4894 Lausum,
1350 4829 1454 4884 Sancto
1481 4829 1617 4884 Macaria
1646 4828 1803 4898 aliquando

111 4931 193 4982 qnam
210 4915 325 4984 siquid
336 4932 355 4968 a
374 4916 491 4970 mortuis
508 4915 672 4970 ramescitati
683 4915 850 4981 renuntient,
869 4914 945 4969 illud
967 4918 1164 4988 percunctanti
1180 4916 1308 4969 cranium
1326 4917 1441 4970 aridum
1459 4916 1607 4985 cujusdam
1619 4914 1803 4984 idololatrae,

111 5001 272 5071 considera,
300 5004 377 5072 qnod
403 5001 530 5072 quisquis
556 5009 682 5056 mortuus
700 5009 755 5069 est,
782 5017 879 5056 sorores
896 4970 1008 5066 sellan
1042 5003 1082 5056 eis
1114 5003 1283 5071 prodessent
1309 5019 1409 5071 preces
1438 5002 1602 5067 uiuentium,
1638 5016 1801 5070 responsum

112 5105 180 5156 qaae
200 5105 265 5142 acro
285 5088 449 5161 Serspturas
467 5090 633 5159 loquuntur,
653 5089 761 5142 loastus
782 5095 822 5142 est
841 5088 940 5143 Domi·
963 5089 1060 5154 fuisse
1077 5105 1111 5144 ea
1125 5089 1240 5143 cronio:
1262 5088 1380 5152 Quando
1391 5105 1447 5158 pro
1461 5088 1579 5143 mortuis
1594 5087 1679 5158 offers
1694 5102 1804 5155 preces,

112 5193 168 5228 nne.
207 5176 335 5230 Proinde
358 5177 472 5231 etiamsi
495 5183 619 5229 mortuus
640 5174 803 5241 reviviscat,
829 5175 944 5229 etiamsi
967 5192 1018 5228 nos
1036 5175 1147 5229 interim
1163 5174 1342 5229 lenimentum
1361 5174 1480 5246 aliquod
1495 5174 1636 5229 sentimus.
1680 5168 1802 5227 Tlomas

111 5262 225 5331 arsqelus
244 5280 258 5316 e
280 5263 355 5318 coelo
376 5264 535 5326 descendat,
553 5261 670 5316 manime
685 5260 808 5314 omnium
826 5263 940 5316 creden·
966 5268 992 5318 4.
1011 5262 1074 5317 dist.
1096 5269 1138 5318 45.
1157 5268 1208 5316 ert.
1228 5266 1251 5317 2.
1279 5279 1305 5333 q.
1325 5267 1349 5317 2.
1370 5279 1403 5318 ex
1428 5262 1481 5318 hac
1499 5257 1669 5320 revelatione
1686 5257 1802 5330 colligit,

112 5350 176 5401 dum
204 5356 245 5404 est
266 5349 431 5419 scripturis.
472 5350 548 5404 Nam
573 5345 735 5415 anqslorum
757 5349 842 5402 herus
867 5349 1078 5439 mor-'animae
1097 5351 1297 5404 damnatorum
1319 5366 1352 5404 ea
1370 5347 1544 5404 orationihus
1568 5354 1729 5402 sanctorum
1746 5362 1802 5400 non

109 5443 216 5495 taorssm
241 5437 357 5508 pariter
390 5454 425 5494 oc
451 5435 598 5495 vicentiam
629 5434 768 5489 Dominus
799 5433 860 5506 ipse
891 5436 1111 5507 eas·percipero
1141 5435 1269 5506 aliquam
1302 5452 1460 5508 poenarum
1495 5433 1710 5510 adiectionem,
1743 5434 1797 5493 scd
