4104 6014
836 161 889 219 DE
907 159 1046 219 MORTE.
1733 174 1791 234 129
1863 235 1867 242 ι

85 314 202 373 animas
229 323 294 390 post
322 323 439 373 mortem
467 331 524 372 non
552 317 647 373 statim
682 318 710 372 in
749 325 927 389 conspectum
957 316 987 372 in
1005 335 1061 390 quo
1078 319 1175 375 itidem
1184 337 1263 376 suam
1280 320 1399 394 gloriam
1411 328 1440 377 et
1458 321 1633 394 majestatem
1645 321 1791 392 spiritibus

87 421 175 460 snum
194 403 368 471 admitteret,
401 402 451 458 sed
468 402 573 459 alicubi
590 410 723 475 unquam
746 404 775 458 in
794 404 930 467 custodis,
953 404 1093 474 justorum
1111 406 1247 475 ostendit,
1266 406 1320 462 illis
1340 408 1452 479 quidem
1471 407 1499 463 iu
1516 407 1723 473 confusionem,
1748 407 1793 461 his

87 507 149 545 non
180 495 275 546 tamen
306 491 335 545 in
364 492 490 546 cruciatu
517 490 668 560 detineret,
700 491 788 546 donec
805 491 931 546 Christus
957 507 1022 546 vero
1035 491 1065 546 in
1083 491 1313 563 glorificationem
1331 499 1360 549 et
1372 493 1591 551 exsultationem.
1620 493 1693 548 Huic
1711 493 1794 548 inter·

88 581 159 648 post
185 576 350 648 praestitum
372 577 551 632 redemtionis
578 577 698 648 pretium
728 578 782 633 illis
812 576 931 649 gratiam
957 577 1105 646 pretationi
1133 578 1287 635 obvertitur
1314 581 1418 650 primo,
1450 582 1527 650 quod
1550 597 1648 634 stamen
1670 581 1795 651 φυλακῆς

88 661 148 719 Dei
180 662 360 718 annuntiaret
391 669 420 720 et
450 663 479 717 in
509 663 617 718 coelum
644 679 736 718 secum
758 663 920 718 transferret
957 680 1012 715 non
1031 665 1189 732 acecpimus
1208 667 1244 718 ιιι
1261 665 1382 729 inferno.
1429 663 1602 735 Responderi
1623 669 1732 735 potest,
1761 680 1794 720 eo

89 747 150 803 Pro
182 745 352 804 stabilienda
381 749 434 804 hac
464 749 602 804 1111111111
631 757 747 821 urgetur
783 749 931 803 discrimen
958 765 1040 803 sensu
1057 751 1184 820 usurpari
1201 752 1289 821 Apoc.
1313 756 1360 820 20,
1379 769 1403 806 v.
1423 757 1447 808 1.
1477 753 1601 805 solvetur
1619 752 1745 806 Somnos
1764 753 1794 806 lx

89 832 167 889 inter
184 833 310 896 ἀπειθεῖς
326 840 373 889 καὶ
394 834 537 904 ἀπίστους,
557 837 631 892 inter
646 835 882 905 impersuasibiles
904 838 932 887 et
957 836 1003 901 τῆς
1023 839 1162 906 φυλακῆς,
1182 839 1217 891 ιιι
1237 853 1350 891 carcere
1368 855 1427 905 suo,
1449 846 1475 890 et
1492 837 1592 903 exibit,
1622 836 1712 907 qualis
1728 853 1793 892 vero
1820 875 1823 882 .

90 918 260 977 incredulos.
307 921 410 979 Omnes
441 917 556 978 insanos
585 927 651 976 sunt
683 922 767 976 etiam
797 921 930 984 ἀπιιιιιῖς,
958 919 1042 975 fucrit
1059 920 1105 975 ille
1123 937 1224 988 career,
1243 921 1389 992 exponitur
1405 941 1431 977 1.
1452 928 1477 977 3.
1492 923 1569 977 misit
1589 940 1649 976 cum
1662 923 1692 975 in
1714 922 1793 999 atys·

91 1005 145 1062 sed
162 1023 219 1061 non
237 1012 341 1073 contra,
360 1006 421 1062 fieri
440 1007 513 1063 enim
528 1012 626 1078 potest,
648 1015 679 1062 ut
695 1006 793 1062 fideles
807 1012 835 1062 et
851 1005 931 1060 electi
959 1024 1026 1058 sum.
1062 1005 1160 1061 Potest
1180 1006 1263 1061 etiam
1282 1013 1358 1062 certo
1378 1014 1507 1078 respectu
1525 1007 1579 1062 huc
1592 1007 1794 1063 accommodari

92 1110 151 1148 non
171 1092 287 1148 11111111
307 1093 495 1164 peculiaribus
521 1092 689 1164 quibusdam
707 1092 762 1148 Dei
782 1092 931 1147 commina—
957 1090 1034 1145 locus
1056 1091 1156 1148 Matth.
1182 1099 1211 1156 5,
1235 1111 1260 1148 v.
1285 1099 1326 1147 25.
1356 1093 1405 1147 ubi
1429 1110 1523 1150 carcer
1540 1101 1572 1149 nt
1591 1101 1676 1164 typus
1693 1093 1794 1149 inferni

92 1178 233 1248 tionibus,
263 1196 335 1250 quae
365 1179 448 1250 hujus
474 1179 519 1234 vel
551 1179 626 1233 illius
650 1179 705 1234 loci
729 1179 872 1235 interitum
898 1196 931 1233 ac
958 1177 1127 1247 proponitur.
1158 1178 1261 1233 Confer
1277 1177 1374 1235 Matth
1398 1186 1472 1246 18,1.
1494 1187 1536 1238 30.
1567 1180 1638 1237 Luc.
1660 1186 1699 1249 12,
1712 1198 1736 1236 s.
1752 1184 1792 1236 tt.

92 1264 313 1321 devastationem
330 1265 508 1335 portendunt,
526 1265 574 1336 qui
592 1271 687 1320 tamen
705 1273 852 1336 propterea
876 1282 932 1319 non
958 1263 1101 1335 Secundo,
1126 1267 1203 1334 quod
1224 1265 1408 1334 praedicatio
1430 1285 1485 1321 non
1511 1267 1582 1320 sctis
1600 1267 1743 1320 commode
1764 1267 1794 1319 in

94 1351 188 1406 statim
220 1351 352 1408 dicuntur
373 1349 495 1406 ἄπιστοι.
546 1351 619 1406 Huic
644 1352 865 1422 interpretationi
885 1369 933 1421 op·
959 1352 1073 1419 inferno
1090 1353 1173 1416 facta
1195 1351 1255 1405 dici
1267 1354 1366 1420 possit.
1403 1352 1578 1424 Responderi
1595 1358 1696 1423 potest,
1713 1352 1794 1407 intei-

93 1437 160 1509 poni
179 1442 288 1508 potest,
319 1438 393 1509 quod
414 1438 560 1509 Scriptura
587 1455 643 1492 non
662 1445 796 1511 agnoscat
820 1438 932 1493 tertium
957 1437 1008 1508 ligi
1025 1435 1260 1507 praedicationem
1278 1454 1333 1490 non
1353 1445 1409 1492 tam
1428 1439 1663 1510 aestatemquam
1680 1440 1794 1508 realem,

94 1524 218 1595 aliquem
236 1525 328 1579 locum
345 1523 418 1580 inter
435 1524 542 1579 coelum
562 1529 589 1579 et
616 1523 771 1593 infernum,
802 1524 933 1595 quodque
960 1540 1016 1594 qus
1034 1521 1159 1577 Christus
1183 1539 1237 1577 non
1264 1523 1300 1576 ad
1319 1523 1525 1578 conversionem
1545 1530 1573 1579 et
1602 1523 1793 1579 liberationem

95 1617 188 1666 textus
209 1611 313 1665 diserte
333 1625 389 1665 non
409 1610 495 1665 addat
514 1609 591 1679 illos,
624 1610 724 1681 quibus
744 1610 934 1680 praedicatum
960 1607 1106 1663 animabus
1124 1608 1270 1679 impiorum
1290 1609 1475 1679 praedicavit,
1506 1609 1579 1664 sicut
1595 1610 1625 1664 in
1643 1610 1795 1666 ministerio

97 1702 148 1765 est,
177 1713 272 1752 veram
289 1695 487 1767 poenitentiam
507 1701 605 1767 postea
631 1697 728 1768 egisse.
778 1695 934 1750 Discrimen
960 1711 1010 1749 suo
1029 1694 1058 1748 in
1074 1693 1118 1748 his
1136 1694 1218 1749 terris
1233 1693 1345 1762 fecerat,
1364 1695 1413 1749 sed
1433 1695 1469 1749 ad
1489 1695 1612 1766 ipsorum
1631 1695 1795 1751 confutatio·

99 1783 170 1839 inter
203 1781 334 1845 ἀπειθεῖς
359 1791 388 1838 et
415 1781 548 1844 ἀπίστους
580 1782 724 1853 Scriptura
750 1799 804 1837 non
824 1784 936 1837 videtur
961 1800 1022 1837 nem
1050 1790 1078 1835 et
1113 1780 1313 1849 confusionem,
1345 1787 1378 1833 ut
1408 1797 1509 1852 magno
1540 1799 1590 1836 suo
1619 1783 1692 1837 malo
1722 1782 1796 1837 hunc

98 1867 260 1936 observare,
291 1867 340 1922 sed
370 1885 420 1938 per
448 1866 633 1929 ἀπειθοῦντας
660 1868 817 1923 incredulos
841 1877 869 1922 et
886 1869 934 1922 im-
962 1870 1146 1924 redemtorem
1165 1884 1193 1921 se
1211 1865 1349 1936 sprevisse
1373 1867 1570 1938 intelligerent.
1618 1869 1659 1925 Ut
1678 1869 1796 1924 enimin

99 1954 273 2024 poenitentes
304 1961 437 2024 perpetuo
468 1954 632 2025 intelligere.
683 1954 747 2010 doh.
780 1961 810 2018 3,
838 1971 863 2010 v.
891 1959 933 2009 36.
958 1954 1065 2024 judicio
1099 1960 1221 2008 extremo
1253 1950 1330 2021 impii
1360 1951 1389 2005 in
1421 1953 1478 2006 suis
1507 1954 1669 2024 corporibus
1705 1955 1797 2025 ipsum

98 2041 161 2096 Act.
176 2045 218 2104 11,
235 2044 299 2096 12.
320 2039 436 2094 Roman.
452 2045 494 2108 tt,
510 2058 537 2093 v.
551 2046 591 2095 30.
607 2046 634 2094 et
649 2045 691 2097 31.
709 2039 795 2093 Hebr.
809 2046 834 2106 3,
846 2056 870 2095 v.
895 2045 932 2096 18.
957 2040 1081 2110 judicem
1102 2037 1277 2108 conspecturi
1297 2043 1362 2090 sunt
1381 2043 1408 2092 et
1424 2055 1528 2108 poenas
1548 2057 1566 2094 a
1590 2039 1661 2095 facie
1683 2041 1794 2097 Domini
1810 2054 1933 2099 1111101

105 2131 126 2182 t.
144 2125 261 2182 Socinus
279 2125 308 2179 in
326 2125 455 2196 explicat.
482 2127 657 2196 quorundam
671 2125 831 2196 Scripturas
849 2126 932 2181 locor.
960 2127 1066 2181 sensuri
1084 2132 1107 2181 2.
1126 2125 1220 2179 Thess.
1244 2130 1265 2188 1,
1285 2142 1309 2178 v.
1329 2131 1352 2180 9.
1373 2125 1461 2195 Apoc.
1482 2131 1513 2194 l,
1541 2143 1565 2182 v.
1584 2133 1608 2183 7.
1628 2127 1668 2182 ita
1685 2145 1796 2199 quoque

98 2212 694 2282 111111111111111116111.1111111111
724 2213 830 2282 profert
849 2213 934 2282 expli·
960 2212 1069 2266 animae
1095 2228 1190 2267 eorum
1213 2218 1290 2266 extra
1315 2227 1432 2281 corpora
1455 2211 1622 2268 constitutae
1648 2213 1739 2283 ipsum
1764 2221 1797 2268 ut

98 2299 252 2354 cabonem:
272 2297 400 2352 Christus
417 2299 483 2352 licet
495 2307 616 2367 psopter
629 2300 818 2362 issfismitatem
837 2299 934 2351 carnis
961 2298 1111 2369 gloriosum
1141 2298 1372 2368 triumphatorem
1399 2297 1429 2352 in
1456 2297 1564 2353 inferno
1594 2307 1797 2369 conspexerunt

98 2393 211 2440 matus
230 2385 325 2454 fuerit
344 2392 369 2438 et
390 2392 504 2438 mortem
530 2386 700 2455 gustaverit,
724 2385 822 2438 ιιίυἰπιι
840 2392 933 2437 tomes
962 2393 990 2440 et
1009 2385 1062 2439 hac
1082 2385 1188 2440 visione
1213 2385 1352 2439 cruciatus
1370 2384 1399 2438 in
1418 2384 1458 2439 eis
1484 2391 1589 2441 suctus.
1633 2384 1796 2442 Ambrosius

98 2472 127 2526 ui
144 2479 229 2542 atque
243 2472 374 2542 potentia
393 2473 434 2524 ad
451 2471 637 2526 immortalem
654 2471 740 2524 uitam
754 2473 932 2541 postmodum
960 2472 989 2525 in
1012 2488 1036 2529 c.
1064 2479 1088 2528 t.
1112 2471 1197 2542 Eph:
1233 2472 1428 2542 Triumpiato,
1446 2471 1561 2526 diabolo
1585 2474 1726 2526 Dominus
1749 2476 1796 2528 de·

100 2566 140 2613 est
159 2559 319 2626 1111111111,
341 2573 395 2627 per
412 2559 530 2610 eandem
547 2573 617 2622 vcro,
634 2558 759 2610 diuinam
776 2558 831 2612 vim
850 2566 933 2625 atque
960 2558 1070 2612 scendit
1090 2559 1120 2610 in
1137 2576 1185 2611 cor
1205 2566 1313 2622 terrae,
1346 2567 1376 2611 ut
1395 2559 1517 2613 ostensio
1536 2560 1598 2629 ejus
1614 2561 1797 2629 praedicatio

98 2645 269 2716 potentiam,
302 2661 363 2697 num
395 2643 460 2697 hinc
487 2645 528 2696 ad
545 2652 658 2712 patrem
681 2645 830 2714 profectus
854 2652 934 2712 esset,
962 2651 1032 2696 essct
1062 2651 1243 2699 ntortuorum.
1299 2643 1345 2698 Sic
1371 2660 1438 2715 ergo
1458 2643 1584 2700 Christus
1611 2645 1749 2701 damnatis
1767 2645 1797 2701 iu

100 2732 224 2787 anese
240 2747 292 2800 per
311 2730 468 2784 uniuersum
487 2731 581 2785 orbem
595 2731 746 2800 discipulis
759 2739 783 2784 et
797 2729 934 2783 minute-is
961 2729 1069 2785 inferno
1098 2730 1214 2801 gloriam
1244 2731 1377 2803 triumphi
1409 2733 1452 2787 sui
1483 2732 1605 2788 ostendit
1629 2733 1659 2787 in
1684 2750 1736 2787 sua
1760 2734 1797 2788 ad

99 2819 175 2886 mia,
200 2818 250 2887 oui
268 2823 375 2870 tantam
395 2818 457 2885 ejus
477 2818 627 2870 adversum
652 2826 767 2870 mortem
786 2816 933 2871 victoriam
963 2833 1025 2870 eum
1055 2815 1249 2880 descensione,
1277 2815 1435 2872 hominibus
1467 2817 1497 2872 in
1527 2825 1601 2873 terra
1638 2816 1797 2873 viventibus

97 2905 301 2975 praedicarent
335 2911 361 2956 et
392 2903 495 2973 palam
520 2911 706 2972 testaremur,
736 2921 831 2957 eorum
849 2903 932 2957 etiam
962 2903 1079 2957 eandmn
1122 2902 1320 2958 demonstravit
1363 2903 1392 2956 in
1427 2903 1548 2974 gloriosa
1589 2905 1798 2972 resurrectione,

99 2991 241 3045 hominum
264 2991 400 3043 mamitus
423 2997 449 3043 st
466 2990 569 3043 animis
589 2991 666 3043 clare
684 2991 865 3043 condonatus
895 2998 935 3043 est
962 2989 1051 3044 beatis
1082 2991 1110 3045 in
1137 2990 1213 3044 coelo
1249 2988 1392 3059 spiritibus
1425 2989 1454 3044 in
1479 2991 1603 3061 gloriose
1626 2991 1663 3046 ad
1689 2991 1797 3046 coelum

98 3085 123 3131 st
138 3077 283 3132 ceritatem
299 3076 454 3146 patefecit,
487 3076 538 3144 orsi
555 3076 683 3131 malitiae
704 3084 729 3129 et
756 3077 932 3145 ignorantiae
963 3076 1152 3130 adscensione.
1202 3075 1314 3146 Tertio,
1345 3079 1423 3146 quod
1444 3095 1500 3130 non
1524 3078 1615 3132 solum
1637 3079 1667 3132 in
1693 3078 1798 3146 spiritu

96 3165 126 3219 oi
143 3164 228 3233 110αεί
247 3164 370 3233 quodam
389 3179 501 3216 carcere
519 3171 653 3232 tanquam
673 3163 735 3215 irae
755 3163 812 3216 Dei
826 3162 934 3232 captiui
962 3163 1020 3216 sive
1047 3163 1158 3225 anima,
1188 3164 1240 3216 sesi
1264 3162 1294 3215 in
1314 3170 1374 3216 tota
1393 3171 1477 3233 atque
1492 3163 1606 3245 inunt-a
1625 3163 1798 3217 humanitate

98 3249 292 3305 detinebantur
329 3257 355 3302 et
391 3256 568 3302 contumaces
608 3250 725 3313 fucrant
766 3248 930 3318 aliquando.
960 3259 1026 3318 post
1058 3253 1225 3316 (conatuum
1256 3266 1290 3302 ac
1320 3250 1431 3302 animae
1462 3257 1488 3302 ct
1518 3251 1647 3319 corporis
1670 3251 1799 3305 unionem

100 3335 182 3399 Quod
210 3353 267 3390 non
294 3352 372 3391 secus
401 3335 507 3388 accidit
534 3342 617 3405 atqcue
645 3351 707 3387 crum
733 3341 824 3388 aetate
853 3335 934 3387 Noae
964 3334 1092 3388 Christus
1117 3337 1158 3389 ad
1181 3336 1290 3399 inferos
1311 3336 1493 3389 descenderit.
1542 3334 1715 3406 Responderi
1738 3342 1799 3407 pot·

98 3424 158 3477 Dei
176 3423 278 3476 knitas
298 3429 380 3491 atque
399 3420 546 3474 clementio
571 3421 711 3475 hominum
731 3421 933 3474 contssmacs'um
963 3429 1019 3486 est,
1036 3420 1156 3491 intelligi
1183 3421 1310 3490 spiritum
1334 3421 1392 3475 sive
1411 3421 1531 3476 animam
1555 3421 1664 3492 corpori
1683 3422 1799 3492 unitam,

98 3509 321 3579 suspensura
336 3515 517 3577 exspectaret,
535 3525 707 3576 01010111,
727 3523 798 3576 quoe
817 3508 853 3560 ab
872 3509 933 3576 spuo
962 3508 1028 3579 quia
1047 3507 1205 3562 immediate
1217 3506 1412 3577 praemittitur,
1431 3507 1505 3576 quod
1523 3506 1649 3561 Christus
1668 3513 1799 3577 ζωοποιη·

101 3597 168 3650 Noa
191 3611 224 3649 ea
250 3595 346 3648 dinuo
361 3594 542 3663 praescripto
562 3595 787 3658 construebatur,
807 3596 933 3663 ipsorum
964 3600 1022 3654 θεὶς
1046 3595 1075 3647 in
1101 3593 1238 3647 infernum
1256 3592 1341 3647 fucrit
1371 3592 1519 3662 profectus.
1569 3592 1690 3664 Quarto,
1722 3598 1799 3664 quod

100 3681 194 3747 officii
207 3689 233 3735 et
253 3679 351 3746 diuini,
371 3680 448 3748 quod
466 3679 625 3734 imminebat
640 3681 778 3752 supplicii
794 3680 865 3733 satis
883 3682 935 3734 ad·
965 3681 1093 3736 Christus
1117 3681 1169 3733 hoc
1194 3681 1329 3733 descensu
1354 3696 1409 3732 non
1428 3687 1510 3750 post,
1541 3682 1594 3733 sed
1614 3689 1680 3735 ante
1705 3700 1798 3736 rener-

99 3769 225 3822 monebat
243 3770 294 3822 etc.
326 3780 399 3836 quse
428 3764 575 3835 explicatio
600 3768 698 3836 paucis
727 3767 863 3821 duntaxat
886 3765 935 3819 im·
963 3767 1112 3820 rectionem
1145 3782 1264 3834 corpora
1294 3766 1387 3818 ιιιιιιιιο
1423 3766 1452 3818 in
1486 3767 1616 3835 ιιριιιοτο
1652 3768 1799 3822 0111111111

100 3853 214 3908 mutatis
242 3869 305 3907 cnm
334 3850 472 3922 prioribus
502 3851 642 3907 coincidit.
692 3852 816 3922 Urgetur
842 3857 934 3906 sutem
959 3855 1129 3925 perfunctus
1142 3853 1244 3918 suerit.
1295 3850 1468 3922 Responderi
1490 3858 1595 3923 potest,
1627 3853 1798 3927 distinguen-

100 3938 147 3994 illa
165 3936 344 4007 difficultate,
362 3938 437 4009 qnod
457 3937 613 3993 incredulos
632 3939 708 4002 illos,
739 3938 840 4009 quibus
859 3937 935 3991 Chri·
964 3939 1029 3992 dum
1056 3954 1115 3993 esse
1140 3937 1458 4005 11111ζωοποιησιυιιι1
1488 3937 1641 3993 ἀνάστασιν
1658 3939 1736 3995 Rom.
1760 3948 1798 4004 11,

101 4031 160 4080 stus
178 4024 357 4096 praedicavit,
376 4022 412 4078 ab
431 4023 500 4091 illis,
535 4024 583 4094 qui
610 4032 688 4080 erant
708 4031 830 4095 tempore
849 4023 936 4092 Noae,
967 4044 991 4079 v.
1014 4031 1038 4080 9.
1065 4024 1114 4078 illa
1140 4024 1302 4078 descensum
1325 4022 1428 4078 Christi
1450 4023 1486 4078 ad
1516 4024 1618 4080 inferos
1637 4027 1798 4096 praecessit,

102 4110 264 4183 distinguit,
296 4127 366 4182 quos
405 4116 498 4165 tamen
536 4110 635 4166 Petrus
681 4111 792 4166 eosdem
831 4110 936 4165 statuit.
966 4111 1034 4166 hacc
1065 4127 1130 4164 reso
1160 4116 1202 4163 est
1227 4113 1331 4163 secuta.
1384 4116 1406 4167 t.
1432 4108 1564 4164 Calvinus
1592 4111 1639 4166 lib.
1667 4117 1689 4167 1.
1713 4111 1799 4169 instit.

102 4206 124 4256 6.
146 4199 276 4270 Plerique
293 4205 385 4269 patres
405 4197 479 4252 hunc
496 4198 588 4253 locum
605 4198 748 4253 Petrinum
774 4198 810 4251 de
830 4197 936 4252 Christi
964 4215 989 4252 c.
1013 4204 1050 4253 ro.
1073 4193 1100 4271 ξ.
1119 4202 1142 4252 9.
1166 4202 1194 4251 et
1212 4195 1241 4249 in
1252 4193 1442 4271 psychopann.
1457 4195 1636 4266 sicsxplicet,
1658 4197 1799 4251 Otrtstcn

102 4287 143 4338 ad
174 4285 285 4355 inseres
309 4285 446 4337 descensu
469 4290 624 4354 exponunt,
654 4301 722 4354 quos
747 4283 825 4338 multi
843 4300 876 4337 er
895 4300 935 4338 re·
961 4285 1151 4356 praedicasse
1188 4283 1336 4352 spiritibus
1371 4284 1568 4349 defunctorum
1607 4292 1633 4336 et
1671 4284 1749 4338 tonis
1775 4293 1801 4338 et

101 4370 269 4427 cautioribus
290 4375 452 4441 sequuntur,
471 4376 503 4424 ut
519 4369 555 4423 sit
573 4386 678 4438 sensus,
695 4369 821 4424 Christus
842 4371 936 4424 morti·
965 4372 1068 4439 mclis,
1094 4389 1150 4423 non
1169 4372 1246 4440 quart
1262 4371 1304 4423 ad
1320 4386 1367 4424 cos
1383 4371 1490 4424 venerat
1505 4388 1567 4439 per·
1587 4370 1699 4424 animae
1718 4388 1801 4439 prae·

101 4459 202 4522 neotus
222 4464 262 4510 est
279 4472 379 4521 corne,
412 4456 480 4527 quia
504 4456 613 4511 animae
636 4462 665 4512 et
684 4456 805 4527 corporis
825 4456 890 4510 unio
908 4456 937 4510 in
965 4457 1098 4522 sentiam,
1128 4458 1182 4511 secl
1199 4459 1277 4525 quod
1295 4457 1433 4526 effecerit,
1464 4465 1496 4515 ut
1513 4457 1646 4511 sentirent
1673 4458 1800 4527 effectum

102 4550 190 4598 morte
212 4541 350 4598 faterere
369 4541 476 4612 soluta,
495 4542 716 4611 ssdcics'ficatus
735 4542 853 4613 spiritu,
873 4541 939 4613 quia
965 4560 1032 4596 sesac
1050 4542 1193 4611 passionis
1210 4549 1238 4595 et
1256 4543 1369 4608 mortis,
1404 4549 1430 4594 et
1450 4541 1515 4596 boni
1532 4543 1645 4611 quidem
1664 4545 1800 4611 pendium

101 4647 151 4700 per
168 4629 290 4685 divinam
317 4630 378 4699 ejus
396 4628 527 4684 virtutem
546 4635 576 4684 et
592 4629 745 4700 potentiam
771 4628 939 4682 1111111111-
964 4628 1135 4699 receperent,
1168 4627 1239 4680 maii
1254 4643 1320 4680 uero
1349 4644 1508 4682 moerorem.
1553 4626 1657 4684 Vocem
1675 4631 1801 4701 φυλακῆς

101 4715 162 4786 pori
193 4715 313 4770 vicissim
344 4714 422 4770 unita
455 4721 498 4770 est
535 4732 568 4770 ao
598 4715 658 4769 vita
687 4714 939 4789 eidemrestituta
965 4714 1048 4768 vertit
1064 4731 1115 4782 per
1134 4712 1286 4781 speculam,
1302 4712 1331 4766 in
1350 4729 1407 4782 qua
1422 4712 1530 4767 animae
1547 4713 1801 4784 piorumdicuntnr

103 4808 126 4858 2.
145 4800 207 4858 Cor.
227 4807 271 4869 13,
302 4818 327 4857 v.
353 4808 377 4856 t.
411 4802 441 4854 in
470 4820 526 4871 otto
555 4802 649 4855 divina
679 4800 781 4856 virtute
804 4807 937 4871 tanquam
965 4800 1057 4867 fuisse,
1077 4799 1144 4869 quia
1162 4798 1281 4853 erantin
1296 4797 1428 4854 continue
1441 4800 1648 4871 exspectatione
1664 4801 1801 4872 passionis

104 4886 240 4959 gloriosus
267 4885 451 4957 triumphator
471 4892 620 4961 τιοριυθιις
638 4887 784 4941 descendit
802 4886 839 4941 ad
855 4886 935 4957 spiri·
965 4885 1074 4941 Christi.
1125 4883 1198 4938 Huic
1217 4885 1438 4956 interpretationi
1456 4885 1564 4944 obverti
1587 4894 1680 4958 potest
1697 4888 1795 4960 primo,

101 4973 355 5029 tusdamnstosin
376 4991 488 5029 carcerc
506 4973 607 5029 inferni
625 4973 874 5042 constitutamque
893 4955 1037 5045 iniquod
1066 4971 1147 5026 tollat
1176 4972 1277 5027 realem
1296 4970 1399 5027 Christi
1428 4973 1463 5028 ad
1482 4973 1586 5028 inferos
1614 4975 1777 5030 descensum
1789 4996 1800 5044 ,·

102 5059 387 5129 accusationum
404 5061 525 5125 fuerant
551 5066 579 5115 11
590 5067 703 5130 propter
715 5040 1099 5177 incredulitatemlsecundo,
1133 5058 1207 5129 quod
1239 5057 1351 5128 spiritus
1376 5065 1474 5115 coacta
1500 5059 1621 5132 quadam
1649 5060 1743 5132 glossa
1762 5060 1797 5115 de

105 5161 184 5200 snam
201 5144 230 5199 in
249 5145 323 5200 huno
348 5146 440 5201 locum
458 5150 606 5214 venerant,
638 5145 726 5216 iisque
746 5145 937 5214 praedicauit,
950 5180 952 5221 Ι
965 5145 1089 5202 efficacia
1107 5149 1136 5199 et
1156 5144 1257 5199 virtute
1277 5145 1444 5216 explicetur,
1475 5163 1539 5200 cum
1559 5163 1577 5200 a
1596 5162 1681 5201 carne
1700 5147 1799 5203 distin·

103 5230 154 5287 hoc
172 5234 215 5284 est
230 5230 452 5288 incredulitatem
464 5231 587 5302 ipsorum
605 5230 748 5301 redarguit
765 5247 798 5285 ac
817 5230 938 5285 divinam
950 5230 953 5317 11
965 5240 1086 5304 gustus,
1124 5230 1219 5298 tertio,
1238 5231 1312 5302 quod
1328 5230 1427 5286 Petrus
1447 5231 1601 5302 emphatice
1623 5231 1699 5297 dicit,
1719 5231 1799 5287 Chri·

102 5334 182 5373 suam
200 5318 362 5388 potentiam,
379 5320 554 5391 majestatem
572 5323 600 5374 et
618 5317 761 5372 victoriam
781 5316 1026 5446 manifesta-'stus
1062 5321 1209 5391 πορευιεις
1240 5315 1425 5386 praedicavit,
1460 5322 1545 5388 atque
1576 5317 1612 5372 ad
1650 5315 1803 5374 efficaciam

104 5403 152 5467 111,
173 5403 244 5458 sicut
261 5409 360 5474 postes
376 5420 403 5463 v.
424 5410 465 5462 tt.
485 5404 588 5460 dicitur
602 5402 941 5479 πορευθειςιιςούριιυόι,
968 5404 1149 5463 mercandum
1186 5402 1264 5457 nulla
1298 5418 1368 5473 opus
1398 5408 1459 5457 erat
1492 5402 1641 5477 nopsiaco,
1694 5411 1803 5476 quarto,

157 5498 320 5540 (1111111111οοί.
336 5497 392 5538 11111.
1458 5512 1473 5562 9
