4104 6014
857 244 910 306 ΒΕ
929 243 1068 306 MORTE.
1748 251 1808 316 335

112 397 240 464 Venetiie
262 402 292 464 in
316 401 454 480 veetihulo
485 413 584 480 portee
609 404 638 466 S.
656 403 744 463 Murci
764 406 951 479 evengelistae
981 407 1091 476 floribit,
1117 406 1248 462 Mariam
1273 407 1340 465 ideo
1360 404 1421 462 dici
1436 405 1531 476 pratia
1546 406 1669 477 plenam,
1687 407 1755 477 quia
1773 410 1815 460 eet

113 492 250 552 maci
269 494 384 568 imegini
402 495 448 551 hie
465 495 617 553 venioulue
635 495 821 567 eubeeriptue:
980 493 1100 547 medium
1132 501 1158 547 et
1181 510 1267 548 cauea
1291 495 1402 563 pratiae
1429 493 1658 558 transfundendo
1687 508 1749 546 eam
1782 491 1900 550 inxvuh
1915 503 1961 551 1⁷⁸.

151 582 245 637 Ablue
263 591 363 638 cuncta
383 600 450 638 reae
467 585 567 640 mentre
585 584 666 639 mala
695 591 789 638 eancte
807 581 950 636 Matbuee.
977 595 1066 647 penae
1095 580 1253 638 lunanum.
1302 582 1434 635 Eandem
1463 579 1563 633 uocari
1588 587 1702 650 portam
1734 578 1814 647 coeli,

116 668 151 724 In
175 668 281 741 hymno
305 670 340 725 de
363 669 493 726 omnibue
510 669 630 727 unctio:
664 671 781 735 Omnee,
806 685 876 737 quoe
894 665 953 721 Dei
978 666 1045 734 quia
1069 666 1211 736 quidquid
1234 684 1358 737 unquam
1382 666 1494 734 pratiae
1518 667 1553 720 do
1578 666 1664 721 coelic
1683 665 1766 719 euicit
1782 664 1813 718 in

116 757 215 824 pratia
234 757 270 809 ab
287 757 341 812 bac
361 758 459 812 eremit
471 758 581 828 patria,
602 758 675 810 bonu
688 758 799 810 ‹lonane
812 753 951 820 coelectia,
978 755 1123 822 mundum,
1161 754 1213 807 hoc
1243 770 1299 824 per
1327 753 1456 807 Mariam
1485 753 1593 806 intrare
1624 754 1663 806 eit
1693 767 1811 806 neceeee.

34 886 37 891 .
116 849 216 897 ecura
246 843 343 898 laxate
374 845 502 898 ommino.
547 842 691 910 Secundo,
717 840 952 911 propitiationem
979 839 1097 909 Quarto,
1123 842 1254 894 mentium
1279 839 1520 896 illuminationem.
1565 839 1597 893 In
1625 839 1730 894 roeurio
1751 837 1810 892 Me·

115 945 153 982 oc
169 930 427 985 reconciliationem
446 948 508 984 mem
532 932 602 984 Deo.
644 928 678 982 In
697 925 828 999 peeltorio
847 924 952 979 Meriee
979 926 1048 981 riee:
1073 927 1130 982 Gor
1148 943 1239 980 meum
1260 926 1400 996 illumina,
1417 927 1532 996 fulpene
1550 926 1635 980 etella
1654 925 1763 992 morie,
1787 930 1813 977 et

115 1013 214 1086 penlm.
237 1019 300 1072 1³6:
322 1014 480 1071 Olomemue
509 1015 629 1069 burnice
649 1016 692 1069 ad
700 1029 868 1084 puerperam
890 1011 953 1064 Vir·
979 1013 1015 1066 ab
1048 1012 1135 1067 haetie
1169 1013 1300 1067 machina
1330 1029 1439 1082 eemper
1470 1013 1586 1066 tuearie.
1633 1012 1658 1065 0
1685 1011 1813 1081 plorioea

115 1101 225 1170 pinenm
254 1103 406 1172 offeramur
436 1102 465 1156 ei
485 1101 618 1171 pleneme
645 1107 672 1154 et
697 1099 823 1169 euepiriu
847 1104 952 1152 nemra.
978 1099 1059 1169 rirpo
1084 1100 1194 1160 Maria.
1230 1099 1264 1153 In
1284 1099 1414 1170 psalterio
1432 1098 1538 1154 Murioe
1561 1098 1659 1171 peolm
1680 1103 1729 1154 26:
1755 1100 1814 1151 Do-

116 1187 184 1241 Non
202 1188 359 1242 inuenietur
377 1188 545 1258 propitiatio
563 1187 622 1240 eine
643 1186 707 1251 itta,
730 1202 781 1240 nec
797 1183 876 1238 ealue
893 1182 953 1236 eine
979 1187 1057 1240 mina
1082 1187 1254 1241 illuminatio
1278 1203 1341 1240 mea
1358 1185 1415 1254 eie,
1438 1186 1575 1255 eplendor
1591 1186 1688 1254 saciei
1703 1194 1769 1240 tuae
1786 1190 1814 1238 et

113 1273 214 1338 fructu
238 1273 326 1330 illiue.
369 1273 427 1327 Per
445 1273 528 1327 illam
541 1280 661 1342 peccata
674 1280 840 1341 purpantnir
858 1277 883 1324 et
897 1285 953 1338 per
979 1273 1115 1328 serenitas
1133 1274 1246 1342 pratiae
1263 1281 1328 1327 tuae
1347 1273 1490 1342 restelpoat
1507 1274 1594 1327 menti
1604 1289 1690 1329 meae.
1711 1271 1813 1327 Peelm.

107 1361 241 1428 suatum
267 1359 348 1413 illiue
373 1361 486 1414 animae
510 1359 688 1416 dealbantur,
733 1358 792 1413 Per
815 1357 898 1411 illam
921 1356 953 1420 fit
981 1364 1045 1417 109:
1070 1359 1211 1414 Mirerere
1230 1359 1423 1414 meiDomina
1440 1367 1529 1413 mater
1545 1359 1660 1413 laminir
1680 1367 1708 1414 et
1721 1359 1814 1430 eplen·
1853 1369 1856 1373 ’

116 1461 187 1499 reru
218 1446 382 1513 eatiesactio
421 1448 456 1500 de
470 1448 607 1516 peccatis,
635 1463 691 1515 per
719 1446 844 1512 fructum
872 1442 952 1496 illiue
981 1446 1073 1510 darie,
1099 1446 1232 1500 munina
1257 1463 1309 1500 nae
1338 1447 1464 1500 Domina
1488 1446 1614 1499 ceritatie
1638 1453 1664 1499 et
1692 1446 1813 1502 virtutie.

116 1532 229 1586 animae
260 1534 465 1588 condonantur.
515 1533 549 1586 In
579 1532 684 1604 hymno
715 1531 800 1586 Salve
831 1530 953 1600 Kopion,
982 1535 1027 1587 De
1051 1532 1191 1587 theraurie
1209 1534 1265 1587 tuie
1285 1535 1407 1602 infunde
1426 1534 1504 1588 nobie
1523 1533 1693 1603 rapientium
1712 1533 1771 1586 Dei
1789 1540 1815 1586 et

117 1633 201 1689 quem
218 1623 342 1691 tompore
360 1618 589 1692 quedregeeimee
612 1623 729 1673 canunt:
751 1617 835 1672 Saloe
853 1616 953 1686 repina
980 1619 1148 1673 intellectum
1167 1622 1342 1689 prudentiae
1362 1639 1397 1675 oc
1417 1621 1543 1687 formum
1561 1620 1740 1692 disciplinae
1779 1616 1814 1674 In

115 1706 348 1775 misericordiae,
371 1707 447 1777 rita,
472 1706 593 1760 dulcedo
618 1714 644 1759 et
663 1721 727 1775 epee
743 1713 849 1771 norica,
868 1703 952 1756 ealce.
979 1705 1088 1760 hortulo
1111 1705 1194 1761 enim.
1214 1707 1249 1760 de
1268 1707 1390 1778 engolis:
1417 1707 1515 1762 Sancti
1530 1707 1726 1777 patriarchae,
1753 1706 1814 1776 qui·

116 1793 169 1845 Ad
187 1800 213 1846 te
236 1794 393 1847 clamamus
417 1793 525 1847 ereulee
545 1793 607 1863 filii
624 1792 712 1848 Euae.
751 1791 801 1843 Ad
818 1796 844 1842 te
862 1788 952 1858 eoepi-
980 1793 1029 1845 bue
1052 1793 1089 1846 ab
1115 1793 1196 1847 initio
1222 1795 1321 1848 mundi
1344 1795 1519 1863 omnipotene
1540 1797 1618 1849 Deue
1639 1795 1814 1864 majeetatem

116 1896 215 1933 ramur
234 1889 372 1949 pementee
389 1888 416 1933 et
427 1881 529 1950 flenter
549 1879 579 1933 in
597 1878 651 1933 bac
665 1878 856 1946 lacrymarum
870 1875 952 1930 calle.
979 1894 1047 1931 euoe
1065 1878 1221 1933 diuinitatie
1239 1880 1367 1934 coactare
1384 1881 1519 1950 ‹lipnatue
1534 1889 1582 1946 eet,
1603 1882 1743 1936 obsecrate
1757 1898 1814 1951 pro

117 1965 180 2035 Ejo
203 1981 271 2035 erpo
295 1969 435 2021 advocato
461 1974 559 2020 noetro
583 1965 650 2019 illoe
677 1972 738 2018 tuoe
755 1963 952 2016 misericordae
977 1964 1102 2032 peecatie
1133 1966 1214 2032 meie,
1240 1966 1370 2035 eupellite
1393 1967 1506 2036 penitae
1532 1968 1640 2021 errorie
1664 1967 1815 2035 calipinem

118 2052 215 2106 oculor
245 2054 287 2107 ad
304 2072 355 2109 noe
374 2061 501 2107 converte
536 2060 562 2105 et
582 2052 681 2105 Jeeum
700 2050 872 2104 benedictum
888 2049 952 2115 fru-
979 2051 1075 2103 cordio
1100 2051 1157 2105 mei
1184 2058 1210 2105 et
1236 2051 1333 2106 oculor
1354 2067 1433 2106 meoe
1457 2067 1541 2105 aerae
1556 2053 1630 2122 fidei
1654 2053 1814 2106 catholicae

119 2144 189 2191 ctum
217 2141 321 2193 ventrio
347 2140 391 2194 tui
415 2139 494 2194 nobie
517 2146 584 2208 poet
609 2138 660 2190 boc
681 2137 810 2191 cecilium
827 2136 951 2189 oetende.
979 2137 1084 2191 lumine
1098 2137 1250 2191 illustrate.
1273 2136 1385 2203 Quinto,
1405 2138 1571 2208 Screptecrae
1589 2138 1813 2208 intellipentiam.

122 2225 296 2294 Oclemene,
324 2227 470 2292 odotem,
496 2225 582 2297 opia
605 2225 692 2292 Virpo
715 2223 824 2279 Maria.
859 2221 953 2293 Hujus
980 2223 1013 2278 In
1035 2223 1166 2293 peelterio
1189 2224 1295 2280 Merite
1320 2226 1417 2296 peulm.
1447 2230 1509 2280 140:
1538 2225 1635 2279 Rodio
1658 2226 1813 2295 intellipen·

119 2310 314 2367 oratiunculae
340 2318 438 2368 auctor
459 2310 612 2368 coeundum
635 2308 770 2381 quoedem
791 2313 835 2364 eet
853 2308 953 2364 Petrus
980 2313 1036 2365 tiae
1063 2288 1211 2365 reoeibera
1228 2328 1278 2365 cor
1305 2327 1394 2364 meum
1420 2317 1446 2364 et
1473 2310 1597 2380 ipeiculo
1622 2312 1752 2366 curitatie
1772 2311 1814 2366 in·

119 2397 266 2469 epiecopus
294 2398 546 2469 compostellanae.
577 2396 713 2453 Ducenda
739 2402 834 2452 tumen
861 2395 953 2466 potiue
975 2399 1100 2468 stamma.
1137 2397 1171 2451 In
1195 2397 1295 2452 cantic.
1318 2396 1479 2468 arehiepiec.
1497 2396 1673 2453 Petreeeneie
1697 2399 1726 2453 in
1749 2414 1813 2454 eon-

120 2483 221 2554 pleoet,
245 2493 386 2543 auctorem
404 2488 465 2558 ejue
485 2501 546 2544 eeee
562 2484 754 2540 Hermennum
771 2482 952 2538 contractum
979 2484 1023 2541 cil.
1043 2483 1172 2539 Leteren
1192 2499 1266 2538 enno
1289 2488 1363 2539 1515.
1382 2483 1542 2540 decentem:

120 2570 168 2626 lib.
193 2578 220 2629 t.
243 2572 369 2628 rational
395 2588 457 2645 cup.
482 2577 523 2628 22.
567 2571 645 2627 ldem
668 2570 766 2625 statuit
783 2568 953 2624 'Ihithemiue
1085 2571 1216 2624 Omnium
1234 2570 1379 2639 replendor,
1398 2573 1485 2625 decue
1503 2579 1530 2625 et
1543 2589 1667 2642 peronne

120 2657 149 2712 in
181 2657 293 2729 scriptio
331 2659 428 2719 coeles.
466 2658 580 2715 Hieron.
614 2657 687 2712 Vide
716 2658 745 2711 in
783 2656 886 2727 hymno
917 2655 953 2709 ed
1089 2656 1234 2725 Virpinum
1252 2657 1354 2723 lumen,
1372 2659 1495 2727 penitrite
1514 2661 1639 2729 euperni,

119 2743 255 2799 thomum
275 2745 442 2816 Aquinatem
461 2744 491 2800 in
507 2761 591 2800 cerm.
609 2760 675 2815 pag.
697 2751 753 2800 tet.
906 2792 909 2796 .
1086 2743 1191 2799 Gloria
1211 2746 1327 2798 bomani
1341 2747 1451 2814 penerie
1471 2746 1573 2800 Maria

157 2829 261 2886 Scencte
279 2832 344 2885 veni
355 2832 541 2904 precibueque
559 2840 623 2886 tuae
641 2830 788 2885 mitieeime
803 2828 908 2882 noetrie
1123 2831 1211 2886 Unica
1227 2833 1323 2887 noetri

154 2918 249 2988 Junpe
263 2934 373 2989 precer,
390 2919 523 2989 nobiepue
541 2926 588 2973 tuo
605 2916 750 2988 placabile
768 2932 869 2969 nuneen
1086 2917 1156 2972 Sola
1173 2926 1204 2971 tu
1226 2918 1312 2986 Virpo
1331 2918 1488 2972 dominarie
1507 2919 1603 2986 aeti-ie,

155 3003 286 3059 Concilio
306 3007 434 3071 aduentu,
452 3005 610 3073 noetrieque
628 3019 744 3058 occurre
757 3001 886 3072 pericle,
1087 3005 1157 3059 Sola
1178 3011 1208 3058 tu
1226 3011 1328 3070 uerae,
1347 3005 1436 3059 marie
1452 3013 1537 3075 atque
1555 3006 1629 3059 coeli

155 3092 276 3161 Reepicc
295 3109 347 3146 noe
368 3092 449 3145 durie
467 3093 580 3146 attritae
600 3089 723 3160 undique
740 3088 829 3143 bellio.
1085 3093 1199 3160 Leemen,
1216 3093 1336 3162 inceptio
1351 3096 1461 3161 saccae,
1479 3109 1612 3160 ropomue

121 3178 155 3233 In
183 3176 288 3248 hymno
314 3177 348 3232 de
366 3176 468 3234 Soneio
493 3175 649 3248 Stephano:
679 3178 782 3232 Sancte
807 3175 865 3228 Dei
886 3189 954 3244 pre·
1118 3180 1231 3247 Inclyta
1245 3180 1357 3234 muris.

122 3265 195 3320 cioee
212 3271 406 3333 protomartyr
426 3264 581 3336 Stephane,
605 3265 697 3332 funde
711 3279 813 3334 precer
828 3278 885 3332 pro
906 3263 953 3314 de·
1088 3265 1122 3319 Ut
1142 3281 1239 3334 qucum
1260 3282 1356 3319 eacroe
1374 3281 1504 3318 reserare
1521 3281 1625 3332 eonem,
1733 3285 1737 3292 ·

121 3359 184 3406 coto
209 3351 261 3404 tibi
285 3368 359 3404 nunc
383 3351 518 3423 callepio,
548 3359 579 3405 ut
601 3359 648 3405 tuo
671 3349 846 3421 propitiatae
870 3349 954 3401 inter·
1087 3350 1142 3414 Qui
1155 3352 1242 3406 luunt
1259 3351 1368 3405 chartie
1384 3351 1500 3404 nimium
1518 3352 1631 3420 eeomie,

120 3447 203 3492 ventu
232 3439 372 3493 Dominue
398 3457 449 3494 noe
473 3445 613 3509 purpatoe
645 3456 664 3492 a
696 3436 826 3506 peccatie
848 3434 956 3503 junpat
1084 3438 1206 3508 Inpredi
1223 3445 1249 3490 et
1267 3437 1357 3491 celeae
1376 3439 1448 3492 duce
1466 3445 1491 3491 te
1510 3438 1628 3506 benipna

121 3525 196 3579 caeli
213 3525 327 3579 cioibue.
365 3525 469 3590 Tertio,
484 3525 596 3596 pratiae
622 3532 648 3578 et
670 3526 807 3578 donorum
822 3538 955 3592 perpra·
1120 3525 1238 3579 Moenia
1256 3531 1358 3580 terrae

121 3613 190 3667 &am
215 3613 274 3666 eice
303 3612 497 3681 epirituaiium
523 3614 724 3669 charismatum
750 3609 955 3680 elarpitimem.
981 3612 1064 3669 Sexto
1088 3612 1277 3675 defectionem
1307 3611 1343 3664 ab
1364 3609 1494 3664 inimicie.
1534 3609 1569 3664 In
1592 3610 1724 3682 psalterio
1753 3611 1812 3668 Me·

121 3697 155 3752 In
177 3698 282 3754 roeeria
305 3697 425 3756 Mariae:
456 3701 480 3753 0
508 3700 642 3756 uirtutum
669 3699 828 3766 caerulum,
854 3696 956 3766 repina
979 3699 1036 3754 riee
1068 3698 1164 3769 peulm.
1189 3703 1235 3753 ot:
1265 3698 1411 3766 Eoeurpat
1437 3695 1552 3765 Maria,
1585 3705 1612 3752 et
1637 3698 1811 3769 dieetpentur

121 3785 275 3851 coelorum,
300 3787 464 3856 reparatric
490 3795 515 3841 et
533 3787 674 3841 calcatrix
695 3785 874 3854 deoperantie
893 3783 955 3837 ani·
980 3787 1087 3840 inimici
1101 3786 1163 3854 ejue
1180 3793 1207 3840 et
1224 3791 1405 3838 conterantur
1422 3799 1516 3837 omnee
1533 3785 1584 3837 cub
1600 3786 1720 3855 pedibue
1741 3788 1811 3857 ejm

123 3888 198 3937 mae,
242 3873 395 3927 irroratriu
425 3882 450 3927 et
482 3874 616 3943 lorpitric
645 3872 807 3943 epiritualie
835 3871 955 3940 prutiae.
980 3873 1134 3943 imperium
1157 3872 1334 3925 inimicorum
1358 3879 1518 3925 noetrorum
1545 3873 1669 3942 «limma,
1700 3875 1813 3929 deetrue

124 3959 206 4021 Quod
222 3961 350 4030 requiro,
368 3962 446 4029 quod
462 3961 584 4031 euepiro,
608 3977 670 4014 mea
690 3977 762 4015 rana
779 3958 907 4027 ruhterm
929 3965 955 4011 et
981 3975 1088 4014 omnem
1121 3959 1300 4027 iniquitatem
1330 3975 1432 4012 corum.
1487 3957 1601 4014 Festum
1634 3959 1810 4016 Vieitetionie

121 4049 162 4100 do
176 4047 263 4100 menti
281 4054 307 4100 te
320 4048 452 4117 parcenti
482 4048 642 4118 pratiarum
669 4062 795 4100 moenera.
831 4043 954 4099 Ibidem:
980 4046 1085 4101 Mariae
1109 4044 1146 4100 eb
1175 4043 1290 4100 Urbeuo
1314 4043 1366 4102 VI.
1394 4050 1459 4099 ente
1485 4043 1618 4099 ducentos
1646 4062 1734 4100 unum
1761 4045 1815 4101 fuit

122 4134 181 4187 Aee
198 4151 250 4187 oae
269 4133 447 4197 eluctantium
465 4133 578 4202 proiice
592 4133 723 4202 piscina,
741 4139 842 4202 portur
861 4131 954 4185 indul·
979 4133 1142 4188 inetitutum·
1169 4138 1196 4186 et
1219 4148 1237 4185 e
1258 4130 1373 4185 munitio
1392 4129 1537 4186 Betilienei
1560 4147 1627 4187 eece.
1646 4137 1686 4189 ⁴3.
1716 4137 1812 4202 poetee

122 4221 247 4288 pontiae,
276 4220 350 4273 uitae
367 4219 522 4285 medicina,
554 4220 652 4273 ueniae
668 4219 819 4288 pincerna,
845 4219 954 4271 πατάνια
980 4219 1185 4285 confirmatum,
1213 4226 1244 4272 ut
1267 4218 1392 4286 pedibue
1412 4219 1485 4286 euie,
1514 4218 1614 4286 quitur
1631 4226 1735 4273 mentm
1753 4219 1812 4273 cai-

122 4308 284 4376 odorifera‚
315 4308 427 4375 pratiae
457 4307 581 4364 lacerno.
628 4305 661 4360 In
693 4304 825 4376 peulterio
850 4303 954 4358 Merite
980 4308 1072 4373 cavit,
1097 4307 1180 4361 etiam
1202 4306 1301 4376 capita
1325 4313 1352 4359 et
1370 4305 1445 4359 eiree
1463 4304 1584 4358 horeum
1601 4306 1732 4361 eccleciae
1751 4324 1814 4361 oon-

121 4393 222 4449 Peulm.
248 4399 296 4450 61:
321 4395 464 4447 Memento
492 4395 583 4448 noetri
600 4393 780 4460 perditorum
807 4392 953 4457 calcatrix,
980 4395 1078 4449 culcet.
1115 4392 1227 4447 Pletine
1245 4391 1274 4445 in
1291 4391 1350 4446 vito
1366 4389 1495 4463 Gregorii
1514 4389 1579 4447 VII.
1600 4389 1691 4458 refert,
1713 4395 1814 4449 Hilde-

122 4481 225 4534 eeaudi
238 4480 373 4550 planctae
392 4480 488 4534 cordie
505 4479 610 4547 noetri,
635 4478 755 4541 infunde
774 4479 897 4545 pratiam
917 4479 953 4531 de
980 4483 1119 4534 mundum
1145 4480 1243 4544 illurn,
1272 4497 1333 4534 cum
1352 4480 1483 4549 privaret
1507 4479 1662 4533 Hearicum
1691 4480 1813 4551 impera·

122 4568 261 4623 tbeeouree
278 4568 335 4622 eutr
358 4575 383 4622 et
402 4569 551 4638 eloquentie
566 4567 655 4638 placa
675 4567 803 4620 dolorem
819 4573 952 4622 noetrum.
979 4578 1068 4624 torem
1095 4567 1213 4637 imperio
1243 4573 1270 4620 et
1297 4565 1425 4620 eubditoe
1457 4581 1523 4619 euoe
1549 4565 1686 4634 relipione
1724 4570 1815 4639 officii

120 4655 210 4726 peelm
239 4660 298 4710 1³5:
327 4655 412 4708 Bona
444 4654 591 4708 naturalia
616 4670 751 4709 coneeroa
775 4653 806 4707 in
828 4654 908 4708 nobie
927 4660 953 4707 et
979 4664 1004 4710 et
1039 4654 1213 4709 obedientiae
1249 4653 1415 4722 eaeoloeret,
1459 4652 1513 4706 bac
1547 4654 1684 4707 tentantia
1715 4672 1813 4710 urum:

121 4743 193 4796 bono
216 4742 331 4810 pratiae
351 4758 405 4811 per
422 4748 448 4794 te
468 4740 702 4810 multiplicentur.
736 4740 875 4794 illumina
892 4741 953 4794 uiae
979 4745 1064 4797 Petre
1087 4741 1278 4811 apoetolorum
1302 4742 1448 4810 princepe,
1473 4740 1582 4794 inclina
1605 4758 1709 4810 quomo
1728 4759 1812 4798 auree

73 4845 75 4848 ’
121 4837 147 4882 et
164 4829 277 4883 remitae
297 4834 424 4897 noetrae,
442 4834 473 4879 ut
491 4817 653 4896 norcomne,
671 4844 743 4897 quae
758 4827 869 4896 placita
888 4834 953 4880 eunt
980 4837 1046 4884 tuae
1060 4836 1086 4884 et
1103 4845 1145 4882 me
1157 4844 1266 4882 omnum
1284 4834 1361 4880 tuum
1377 4827 1491 4896 ccaudi,
1509 4843 1588 4896 quem
1605 4835 1631 4882 et
1642 4830 1678 4882 ab
1688 4829 1814 4892 insontia

121 4918 193 4971 Deo.
230 4912 437 4969 Bernhardinue
462 4913 491 4967 in
517 4930 567 4968 ouo
591 4913 715 4970 Muriuli:
744 4915 823 4968 Sicut
848 4914 952 4970 collum
980 4916 1105 4971 educaeti
1134 4922 1160 4969 et
1190 4930 1277 4983 nepote
1309 4915 1351 4968 ad
1379 4913 1451 4967 hinec
1488 4914 1563 4967 diem
1590 4914 1628 4967 ob
1654 4916 1814 4986 iniquarum

120 5010 160 5056 eet
182 5002 305 5056 medium
328 5001 401 5055 inter
423 5007 509 5068 caput
527 5006 553 5052 et
571 5017 687 5073 corpu,
710 5001 752 5056 eie
771 5000 825 5054 illa
846 4999 952 5076 [Mun'e]
979 5002 1107 5056 manibue
1133 5001 1303 5069 rendicaeti,
1333 4999 1383 5070 qui
1405 5017 1449 5054 me
1478 5001 1598 5055 oderunt
1622 5010 1649 5056 et
1673 5006 1817 5080 perepcuti

120 5096 159 5143 eet
184 5087 336 5142 mediatrice
360 5087 433 5140 inter
455 5088 547 5140 Deum
572 5094 598 5139 et
623 5105 683 5145 noe.
720 5089 760 5141 Et
776 5088 849 5140 ciem
865 5106 884 5142 α
905 5105 952 5141 oa·
978 5098 1049 5145 eunt.
1071 5087 1203 5159 Septimo,
1221 5087 1415 5141 liberationem
1432 5096 1600 5158 apoteetate
1616 5087 1750 5146 Satanae.
1780 5090 1815 5146 In

116 5177 177 5244 pite
192 5191 248 5244 per
266 5174 369 5228 collum
388 5173 418 5226 in
437 5189 540 5240 corpem
557 5170 730 5227 deeccndun't
748 5173 851 5238 omnia,
873 5174 914 5227 eic
932 5191 952 5227 α
977 5175 1109 5248 peulterio
1128 5172 1233 5228 Mutine
1251 5171 1349 5243 peelm.
1368 5177 1415 5228 42:
1440 5173 1549 5229 Judica
1563 5165 1607 5228 me
1621 5177 1745 5229 Domina
1759 5183 1813 5232 eto.

120 5260 232 5315 Obrieto
251 5276 306 5331 per
328 5260 470 5330 Virpinem
491 5259 522 5311 in
547 5277 599 5313 noe
616 5261 730 5313 ueniunt
751 5260 845 5313 omnia
864 5260 949 5313 dona.
977 5281 996 5317 α
1019 5270 1145 5333 serpente
1172 5261 1297 5328 malipno
1321 5268 1349 5313 et
1370 5278 1389 5314 α
1413 5262 1536 5315 dracone
1557 5261 1697 5330 peetifero
1723 5263 1814 5318 libera

120 5349 190 5417 Ipea
209 5349 282 5402 enim
301 5346 381 5401 nobie
399 5346 509 5416 pretim
526 5346 717 5415 epiritualiter
736 5345 840 5399 tribuit.
875 5346 951 5398 Nam
976 5366 1027 5407 me.
1064 5348 1170 5404 Sancta
1193 5347 1357 5410 fecunditas
1380 5356 1429 5402 tuo
1454 5350 1603 5418 ‹lioperdat
1627 5365 1704 5415 eum,
1733 5351 1814 5406 beata

119 5435 234 5504 prateae
252 5450 345 5488 omnee
364 5434 471 5487 intrant
487 5433 517 5487 in
535 5432 679 5496 Marium,
698 5440 724 5487 et
744 5433 780 5486 ab
798 5432 853 5486 eliu
871 5432 951 5485 nobie
976 5436 1127 5505 cirpinitae
1150 5441 1198 5487 tua
1225 5441 1351 5489 coement
1375 5441 1462 5503 caput
1486 5435 1563 5504 ciue,
1597 5443 1695 5490 cancta
1712 5438 1813 5491 merita

118 5522 366 5577 communicantur.
400 5519 557 5576 Antonium
581 5521 653 5590 pert.
678 5524 704 5576 t,
727 5534 824 5575 eumm.
850 5517 893 5574 tit.
910 5522 951 5576 25.
977 5530 1028 5577 tuo
1045 5522 1208 5581 eumeniant
1225 5521 1353 5576 cineum
1373 5522 1443 5590 ciue.
1477 5519 1511 5576 In
1531 5520 1633 5580 hortul.
1655 5521 1737 5581 enim.
1756 5521 1814 5579 euf-
