4104 6014
856 309 910 366 DE
929 309 1069 370 MORTE.
1747 322 1806 382 331

100 469 170 524 ritis
196 476 298 525 temere
324 471 482 540 confidunt,
513 485 562 526 nee
590 469 648 541 ipsi
664 468 840 541 poenitentia
864 466 944 522 ducti
971 484 1052 537 pem
1090 484 1214 525 emerem
1248 471 1423 543 Aupurtinus
1458 472 1576 527 subinde
1614 471 1724 538 refellit
1756 473 1809 527 stc.

99 572 203 628 preces
220 575 288 611 suas
307 558 349 611 ad
368 557 463 613 Deum
480 557 638 626 adjunpunt
661 560 714 612 etc,
751 555 832 610 Haec
850 561 942 608 ciuem
970 554 1049 609 Idem
1068 554 1237 626 Cassander,
1267 576 1330 613 cum
1354 557 1506 630 diqnando
1524 557 1554 612 in
1581 557 1750 630 colloquium
1775 557 1810 612 ds

103 643 189 709 falsa
213 652 240 699 et
258 643 423 714 perniciosa
450 644 545 714 opinio
571 653 707 715 pecatum
732 644 763 697 in
783 642 883 712 uulpsa
902 639 942 693 in·
969 643 1144 701 invocatione
1162 651 1323 701 sanemrum
1336 663 1400 701 cum
1414 646 1581 718 quibusdam
1599 645 1728 714 venisset,
1746 651 1809 702 tan·

105 730 245 799 calari,
276 731 360 786 nimis
385 738 555 802 compernem
574 738 628 798 est,
658 729 854 784 emstimarunt
871 726 942 781 enim
970 730 1033 786 dem
1060 738 1124 802 post
1150 733 1253 788 multas
1284 733 1459 790 velitationes
1490 733 1647 804 respondit:
1684 735 1749 803 Epo
1777 733 1808 787 in

105 817 232 873 homines
258 818 378 888 improbi
394 825 421 872 et
444 818 474 872 in
497 817 650 873 sceleribus
668 816 728 871 suis
744 817 942 887 perdurantes,
966 819 1100 890 precibus
1128 820 1197 874 mea
1214 838 1271 874 non
1290 819 1368 874 soleo
1391 827 1503 873 sandes
1521 820 1671 889 inuocare,
1696 821 1748 874 sed
1766 818 1808 872 in·

105 905 170 960 sola
197 911 367 974 sanewrum,
396 906 541 975 quaesibi
559 911 701 975 patronos
726 904 890 972 deleperunt
918 907 944 954 et
969 906 1141 961 uocationem
1165 907 1259 976 diripe
1284 909 1326 960 ad
1350 906 1440 977 ipsum
1462 909 1573 972 Deum,
1598 907 1683 976 idque
1709 906 1738 960 in
1757 922 1807 959 no·

105 989 243 1061 tripietis,
268 1007 303 1045 ne
330 991 424 1045 dicam
442 991 582 1060 profanis
607 990 772 1045 ceremoniis
790 990 944 1056 coluerunt,
970 993 1044 1047 mine
1065 991 1185 1058 otrntt,
1212 994 1264 1049 ltoc
1287 993 1362 1048 enim
1378 993 1465 1048 tutius
1484 1009 1543 1048 esse
1561 993 1695 1048 existimo.
1731 992 1808 1062 (ctu

107 1078 306 1134 intercessione
334 1085 360 1132 et
382 1078 546 1148 patrocinio
571 1077 682 1132 ueniam
704 1076 760 1130 sibi
777 1083 804 1130 et
820 1075 944 1144 pratiam
970 1079 1071 1136 sunder
1089 1079 1300 1151 npudJssuilns
1319 1079 1347 1135 in
1369 1079 1469 1152 exiguo
1488 1080 1534 1137 vel
1552 1080 1645 1151 potius
1664 1079 1740 1135 nullo
1756 1097 1807 1134 nu-

107 1166 190 1234 apud
208 1165 301 1218 Deum
321 1180 381 1219 esse
395 1171 539 1234 paratam,
570 1180 644 1235 quae
656 1161 821 1233 perniciosa
841 1161 945 1231 opinio,
970 1182 1046 1222 mero
1069 1173 1209 1234 censetur,
1244 1166 1320 1222 unde
1351 1166 1537 1222 Bellsrminus
1571 1164 1633 1222 libr.
1667 1165 1704 1222 de
1729 1165 1809 1222 laicis

108 1258 244 1322 mantum
261 1251 344 1306 etiam
357 1252 428 1320 fieri
439 1251 547 1322 potuit,
565 1250 725 1305 commentis
742 1249 944 1304 miraculorum
971 1254 1057 1324 capit.
1074 1255 1114 1310 19.
1133 1270 1167 1308 ex
1185 1254 1309 1324 proteum
1327 1259 1423 1308 conus
1440 1253 1532 1324 ipsum
1547 1253 1680 1325 disputat,
1697 1252 1808 1308 interim

108 1339 337 1404 confirmabatur.
388 1339 471 1393 Alter
500 1355 580 1394 error
619 1345 673 1408 est,
712 1338 790 1407 quod
821 1336 946 1391 homiues
972 1346 1088 1411 consul,
1107 1357 1172 1396 sum
1189 1339 1394 1412 augustissimis
1407 1339 1619 1410 imperatoribus
1631 1339 1808 1395 Perdinsndo

109 1425 193 1480 etiam
220 1442 276 1479 non
310 1425 382 1480 mali
412 1434 503 1479 certos
534 1424 591 1479 sibi
613 1431 725 1478 sanctos
744 1432 877 1492 tenatiam
891 1439 945 1493 pa·
971 1432 1000 1482 ct
1022 1426 1213 1483 Maximiliano
1230 1427 1268 1482 11.
1298 1427 1384 1482 fuisse
1407 1427 1594 1497 carissimum,
1625 1426 1701 1497 quod
1725 1430 1807 1482 testa·

109 1519 207 1567 trcnos
232 1519 258 1565 et
281 1513 387 1567 tutores
409 1512 587 1581 deteperunt,
613 1510 643 1564 in
664 1527 758 1564 eorum
777 1509 886 1564 mritis
903 1516 945 1562 at-
972 1519 1032 1568 tum
1049 1513 1157 1570 iaciant
1178 1529 1272 1569 sorum
1292 1513 1390 1568 literae
1407 1512 1538 1584 operibm
1558 1510 1706 1569 Cassandri
1726 1527 1808 1584 ρηο-

110 1615 163 1667 mu
181 1598 378 1653 intercessione
392 1599 461 1669 plus
476 1615 560 1667 mum
583 1597 614 1651 iu
631 1596 739 1652 atrius·
756 1595 855 1650 meria
873 1598 945 1660 tntu·
971 1599 1042 1656 fixae
1072 1606 1099 1655 ct
1129 1599 1159 1655 in
1183 1599 1335 1672 epitaphio,
1365 1600 1439 1673 quod
1470 1598 1602 1656 coloniae
1645 1599 1674 1653 in
1705 1598 1809 1670 templo

110 1686 184 1740 ciam
197 1693 364 1755 posuerunt,
383 1693 466 1755 atque
486 1687 559 1740 auso
579 1685 661 1739 uniw
679 1684 732 1739 illc
751 1682 946 1738 advocationis
972 1685 1067 1742 Sancti
1094 1685 1234 1741 Francisci
1260 1692 1362 1755 exstat,
1387 1690 1503 1742 vocatur
1526 1685 1670 1754 theolopus
1691 1686 1722 1740 iu
1743 1702 1809 1754 per-

15 1779 32 1819 t.
51 1776 97 1820 171-
112 1770 221 1826 ίἼινίαιί
253 1771 349 1842 afficio
381 1772 528 1826 obscurato
556 1778 668 1825 amictos
699 1777 782 1840 atque
815 1769 945 1840 inprimis
972 1775 1136 1828 scrutandis
1158 1772 1249 1828 sacris
1270 1772 1377 1826 Bibliis
1395 1778 1422 1825 et
1441 1773 1631 1841 supendendis
1649 1778 1809 1826 sanctarum

114 1857 259 1927 Virpinem
296 1865 414 1912 matrem
444 1858 473 1911 in
506 1857 587 1911 illius
615 1857 706 1912 laeum
735 1856 944 1926 substituerunt,
969 1867 1085 1930 patrum
1111 1859 1294 1914 monumentis
1312 1866 1393 1928 atque
1405 1858 1552 1912 sententiis
1567 1858 1809 1929 diligentissimus,

111 1944 167 1998 sino
185 1961 241 1999 non
262 1946 415 2010 defuerunt
432 1943 489 1998 oiri
503 1943 586 1997 etiam
604 1944 741 2012 celebres,
772 1943 822 2013 qui
838 1958 944 1996 assere·
971 1947 1021 2016 qui
1045 1946 1097 1999 boc
1115 1945 1226 1999 nomine
1245 1952 1304 1999 tum
1317 1945 1427 2013 pietate
1458 1944 1599 2014 animique
1617 1945 1808 1999 moderatione

110 2038 182 2100 rent,
213 2031 247 2086 id
265 2032 343 2102 qaod
361 2032 465 2086 Hester
483 2036 609 2085 Assuero
626 2030 766 2099 promisit,
795 2046 824 2083 se
838 2030 946 2099 petenti
971 2035 1068 2088 clarus
1093 2035 1130 2088 ab
1150 2031 1340 2087 invictissimis
1361 2032 1577 2102 imperatoribus
1602 2033 1637 2086 de
1655 2031 1808 2087 conation-

111 2117 262 2173 dimidium
277 2118 360 2187 repni
375 2118 517 2186 daturum,
537 2117 567 2171 in
580 2116 682 2172 Maria
700 2117 862 2187 completum
877 2131 945 2184 esse,
971 2121 1018 2174 dis
1039 2120 1170 2175 articulis
1195 2119 1225 2173 in
1248 2120 1387 2191 relipione
1408 2119 1592 2175 controuersia
1616 2119 1758 2173 αααααῑειια
1782 2126 1808 2173 et

111 2206 141 2258 in
168 2222 253 2276 quam
271 2204 352 2259 Deus
377 2204 459 2273 rapui
482 2204 541 2274 sui,
571 2204 649 2273 quod
660 2203 775 2272 judicio
792 2209 819 2255 et
837 2200 944 2255 misai-
971 2207 1001 2260 in
1025 2208 1122 2261 aulam
1147 2207 1274 2261 adscitm
1297 2207 1364 2273 fuit.
1402 2205 1472 2260 Item
1498 2206 1543 2260 uir
1560 2206 1641 2260 uario
1659 2206 1808 2260 doctrinae

110 2291 212 2376 cordia
230 2297 352 2360 condat,
386 2290 561 2359 dimidium,
578 2290 630 2344 ltoc
651 2297 692 2344 est
709 2288 945 2358 misericordiam,
970 2309 1070 2361 penore
1090 2301 1252 2364 praestans.
1296 2292 1469 2348 Comnltatio
1495 2292 1582 2363 ipsius
1605 2297 1720 2346 vocetur
1737 2292 1808 2348 leber

110 2378 299 2444 transtulerit,
331 2378 424 2432 altem
443 2377 524 2446 repni
540 2383 624 2447 parte
644 2375 701 2430 siti
715 2382 831 2430 retenta.
870 2374 945 2429 Hinc
970 2380 1122 2450 perutilis.)
1158 2379 1263 2435 suarez
1287 2383 1355 2435 tom.
1374 2384 1398 2434 2.
1417 2395 1514 2434 comm.
1541 2377 1571 2432 in
1588 2377 1686 2433 Thom.
1705 2377 1808 2449 disput

109 2465 159 2519 t'ilt'
175 2464 252 2519 tituli
275 2464 385 2536 passim
406 2463 519 2533 Vt'rpt’nt'
535 2463 646 2530 tributi,
671 2463 770 2531 rapina
789 2462 875 2527 coeli,
902 2477 944 2514 re·
972 2472 1013 2524 23,
1032 2471 1139 2538 quaest,
1159 2471 1200 2521 37,
1228 2470 1294 2522 sect,
1313 2470 1338 2521 3,
1360 2465 1483 2536 quaerit,
1514 2483 1553 2520 an
1578 2483 1633 2519 non
1653 2465 1748 2533 maior
1770 2465 1808 2520 sit

110 2553 179 2622 pina
202 2559 242 2606 est
272 2559 362 2608 mata
393 2551 620 2616 numeratae,
651 2549 725 2613 uita,
751 2565 816 2619 spes
837 2556 944 2618 nadre,
968 2553 1079 2618 fiducia
1105 2551 1253 2622 majorpse
1279 2550 1339 2605 Dei
1365 2552 1475 2621 pluria,
1521 2551 1548 2607 si
1578 2551 1737 2606 immediate
1766 2553 1809 2605 ad

110 2641 159 2694 lus
184 2640 334 2708 eccleuue,
367 2640 507 2695 adeocma
536 2644 562 2691 et
586 2636 747 2691 mediatrix.
788 2634 866 2699 Quat
892 2635 947 2689 etei
972 2643 1063 2695 Deum
1081 2640 1298 2694 accederemus!
1323 2638 1474 2709 respondet
1491 2655 1571 2703 raro,
1596 2639 1738 2693 interdum
1756 2638 1808 2693 boe

110 2727 283 2782 commodam
310 2725 568 2796 interpretationem
595 2723 762 2792 admittant,
794 2738 827 2775 ea
852 2729 944 2776 tamen
963 2728 1068 2794 facere
1090 2727 1190 2780 bonum
1216 2741 1275 2780 esse
1300 2743 1336 2780 uc
1356 2723 1520 2794 expediens,
1549 2732 1641 2777 tamen
1660 2727 1738 2794 qued
1754 2724 1806 2780 ali·

110 2833 166 2869 neu
192 2829 302 2884 semper
330 2813 455 2867 omnibus
476 2810 646 2882 praesntim
670 2809 788 2863 rudibus
815 2815 841 2862 et
858 2808 943 2878 impe·
970 2815 1084 2884 pando
1101 2829 1157 2883 per
1183 2811 1328 2882 Virpinem
1350 2810 1478 2865 diarium
1502 2812 1678 2876 accedamus,
1703 2827 1761 2865 esse
1780 2811 1808 2866 ei

109 2900 175 2954 ritis
185 2899 315 2956 occurrit.
343 2897 441 2960 anime
455 2897 532 2967 quod
548 2903 634 2950 totum
646 2894 817 2966 psalterium
834 2894 943 2950 sublato
966 2900 1105 2972 placitum
1143 2908 1169 2954 et
1196 2916 1253 2970 per
1281 2917 1310 2954 ss
1341 2899 1504 2954 effluentem
1536 2896 1674 2969 (agnoscit
1707 2897 1802 2969 igitur,

110 2987 210 3056 ubique
229 2983 349 3041 Domini
370 2982 480 3037 nomine
502 2982 533 3036 in
552 2997 651 3037 nomen
671 2981 802 3036 dominae
824 2998 943 3035 eommu-
970 2991 1128 3041 sanctorum
1159 2985 1360 3042 invocationem
1386 3001 1442 3041 non
1468 3000 1528 3040 ass
1555 3001 1664 3056 semper
1690 2983 1807 3054 proinde

111 3081 198 3128 tatum
224 3072 335 3141 leps'tur.
384 3068 459 3133 Quin
486 3077 512 3122 st
536 3085 568 3122 co
594 3075 704 3123 uentum
728 3075 781 3132 est,
809 3075 841 3121 ut
859 3067 944 3121 etiam
970 3087 1023 3126 nec
1040 3071 1202 3143 simpliciter
1221 3072 1425 3139 neomeniam).

114 3159 242 3215 Christus
265 3160 329 3230 jam
356 3158 386 3211 in
417 3157 494 3212 coelo
520 3173 642 3225 repuens
665 3157 750 3210 matri
767 3156 944 3226 subjiciatur,
1004 3163 1062 3215 434.
1105 3158 1277 3218 Antitheses.
1320 3157 1426 3215 Novitii
1461 3173 1552 3228 papae
1583 3155 1741 3211 defensores
1779 3159 1808 3212 et
1820 3177 1952 3224 mnus„

111 3248 249 3318 puncto
274 3247 304 3300 in
327 3244 472 3300 nonnullis
494 3244 620 3298 ecclesiis
645 3244 776 3299 canitur:
802 3244 863 3298 Ora
887 3260 944 3297 ma·
970 3245 1132 3317 dogmatum
1155 3246 1298 3317 papalium
1323 3244 1521 3300 incrustaturas
1543 3242 1621 3298 varia
1646 3240 1921 3314 excogitantum·

111 3342 189 3399 trem,
206 3332 276 3402 jube
296 3333 384 3387 Filio.
419 3331 503 3386 Item:
534 3331 648 3397 Ofetia
662 3347 824 3401 puerpera,
845 3337 944 3385 nostra
972 3333 1130 3402 emplastra,
1151 3330 1253 3403 quibus
1274 3329 1327 3385 hoo
1346 3329 1425 3385 ulcus
1443 3334 1549 3401 tegant,
1588 3336 1609 3386 1.
1630 3329 1805 3411 Quandoque
1818 3293 1932 3392 iiiiii&

107 3421 196 3492 pians
218 3420 341 3484 scetem,
369 3420 434 3486 iure
458 3418 559 3472 matris
581 3418 692 3488 impera
710 3418 875 3472 Redemteri
891 3421 944 3472 eta.
971 3418 1129 3489 disputant,
1159 3426 1270 3472 sanctos
1292 3434 1349 3470 non
1375 3416 1504 3470 invocari
1529 3415 1661 3485 relipiosc
1685 3433 1719 3469 ac
1741 3406 1904 3488 sup-221⁰&

115 3507 211 3563 Tertio
238 3523 436 3576 nonnunquam
464 3521 545 3558 error
571 3504 678 3559 uendit
704 3504 734 3558 in
753 3504 861 3559 meritis
879 3522 942 3558 san·
965 3505 1099 3575 pliciter,
1130 3505 1183 3558 scd
1207 3510 1313 3557 tantum
1332 3502 1513 3572 compellari,
1541 3510 1571 3556 ut
1593 3509 1672 3557 orent
1687 3519 1745 3571 pro
1764 3520 1806 3557 ee·
1819 3500 1931 3592 affin,

112 3601 233 3659 storum,
260 3594 359 3664 picibus
382 3591 512 3647 nonnulli
527 3592 728 3658 sanctificandi
741 3600 767 3645 et
786 3591 947 3647 redimendi
971 3591 1059 3646 etesia
1088 3589 1241 3658 militante,
1277 3587 1351 3642 ande
1378 3586 1518 3643 invocmio
1550 3595 1709 3644 sanctorum
1738 3587 1805 3660 ipsis

111 3681 166 3735 mm
194 3681 313 3735 tribuere
339 3681 482 3750 videntur,
512 3680 589 3749 quod
609 3679 667 3733 soli
693 3679 806 3734 Citristo
831 3680 897 3732 Deo
920 3686 945 3733 et
970 3677 1041 3733 nihil
1063 3676 1140 3732 alind
1165 3680 1437 3747 aequamentum,
1464 3692 1519 3746 quo
1541 3681 1668 3747 optemus
1688 3674 1804 3731 necmi-

112 3767 220 3821 lamini
242 3765 394 3838 proprium
416 3773 470 3834 est,
499 3769 534 3820 de
558 3767 639 3836 cujus
653 3766 831 3836 plenitudine
852 3756 946 3820 omnes
972 3771 1057 3822 tatem
1076 3770 1198 3819 nostram
1215 3768 1374 3817 sanctorum
1386 3761 1516 3833 precibus
1539 3761 1653 3832 includi,
1671 3760 1714 3817 vel
1734 3779 1806 3816 com·

112 3855 312 3925 accepimuset
329 3854 410 3924 cujus
429 3854 515 3907 abice
532 3852 629 3907 amiati
646 3870 748 3907 sinum.
793 3851 902 3914 Quaem
916 3852 947 3905 in
972 3851 1141 3916 monefactio
1168 3848 1306 3922 quaedam
1331 3849 1482 3905 &monens
1501 3855 1626 3917 sanctos,
1649 3854 1682 3903 ut
1701 3847 1806 3903 faciant

113 3941 250 3996 sunites
267 3940 556 4011 aliptidlup'usmodi
571 3941 693 4009 tepatur,
710 3939 744 3993 id
760 3941 802 3992 ad
821 3940 946 4009 ecempla
972 3939 1001 3994 in
1019 3938 1118 4008 coelis,
1142 3936 1215 4008 quod
1232 3937 1292 4007 jam
1314 3935 1434 4002 faciunt,
1451 3942 1483 3990 ut
1501 3934 1554 3990 hac
1571 3933 1680 3990 ratione
1697 3937 1805 3999 sancto

113 4037 140 4082 et
157 4045 259 4098 preces
278 4029 458 4091 referendum
476 4036 529 4092 ert,
546 4034 572 4081 et
587 4028 628 4080 ad
642 4043 703 4081 eum
722 4027 947 4082 communicatio·
972 4043 1034 4080 rum
1055 4023 1192 4079 invocatio
1211 4038 1267 4077 non
1283 4028 1340 4076 tam
1359 4022 1396 4077 sit
1413 4021 1517 4091 oratio,
1544 4038 1626 4092 quem
1645 4019 1804 4076 celebratio.

113 4133 174 4170 nem
198 4116 371 4180 meritorum,
398 4131 469 4184 quae
483 4129 539 4184 per
557 4131 586 4169 se
606 4114 672 4184 ipsa
689 4131 744 4169 non
760 4113 945 4182 sanctificant,
974 4112 1130 4168 Cassander
1153 4111 1182 4164 in
1205 4109 1353 4166 consultat.
1381 4106 1489 4164 articul.
1509 4112 1551 4163 21.
1568 4123 1633 4178 pag.
1651 4112 1709 4162 964.
1728 4123 1805 4178 oper.

113 4205 164 4258 sed
180 4203 414 4273 sanctificationis
434 4203 593 4273 beneficium
612 4218 645 4257 ec
667 4201 750 4256 unico
769 4201 876 4256 Christi
892 4219 947 4256 me·
972 4205 1055 4254 vocat
1071 4196 1335 4268 interpellationem,
1357 4211 1414 4266 pua
1431 4195 1527 4249 beatos
1545 4193 1613 4249 illos
1629 4192 1759 4263 spiritus,
1777 4201 1808 4248 ut

113 4292 168 4345 rito
197 4297 223 4345 et
249 4293 313 4359 fide
338 4291 366 4343 in
398 4290 490 4361 ipsam
513 4289 664 4359 impetrant
687 4299 737 4343 etc.
774 4288 829 4342 Est
853 4295 879 4342 et
901 4289 947 4343 tte
972 4303 1022 4341 noe
1042 4286 1072 4339 in
1089 4286 1142 4339 ltoc
1161 4282 1259 4339 sntio
1274 4282 1490 4352 pereprinantes
1505 4280 1636 4350 precibus
1653 4281 1713 4333 suis
1728 4282 1809 4350 apud

113 4393 194 4429 error
209 4376 288 4430 baud
304 4378 478 4447 infrequens,
504 4376 583 4444 quod
600 4374 736 4429 uderibue
754 4382 781 4428 et
797 4377 947 4447 anteportis
973 4373 1075 4435 Deum,
1094 4371 1177 4440 cujus
1191 4370 1256 4440 jam
1276 4369 1409 4423 scrutate
1420 4367 1571 4435 fruuntur,
1589 4367 1732 4437 adjurent,
1761 4368 1806 4420 ob-

113 4464 218 4517 sanrtie
240 4465 447 4534 propemodum
474 4463 609 4533 nepleetis
631 4478 716 4517 novos
740 4469 766 4516 et
791 4462 947 4531 insepultos
971 4476 1113 4513 secramus
1138 4463 1191 4514 etc.
1223 4459 1258 4511 de
1283 4472 1341 4526 pua
1361 4461 1391 4507 ut
1411 4453 1519 4507 nullum
1537 4454 1701 4506 mandatum
1720 4470 1807 4524 neque

112 4551 211 4621 culpus
238 4551 379 4604 hominum
404 4550 551 4605 ardentius
573 4556 599 4602 et
621 4548 771 4619 impensius
794 4549 884 4619 colat,
910 4551 946 4604 de
972 4546 1126 4614 esemptum
1145 4551 1238 4612 cenet,
1263 4560 1318 4613 quo
1338 4541 1373 4595 id
1388 4540 1454 4605 fieri
1466 4541 1613 4610 jubeatur,
1638 4540 1679 4594 ita
1697 4541 1806 4596 nullum

114 4655 230 4708 porum
261 4637 408 4691 sanctitate
440 4636 584 4690 obscurius
612 4642 735 4705 constat,
766 4642 791 4690 et
815 4635 947 4690 nonnulli
971 4633 1150 4686 interdictum
1177 4631 1248 4702 lapi,
1279 4646 1333 4700 quo
1358 4628 1391 4683 id
1412 4628 1476 4693 lieri
1496 4628 1687 4698 prohibeatur.
1735 4626 1806 4683 Item

108 4739 164 4792 per
182 4723 364 4779 revelationes
382 4729 488 4775 tantum
507 4722 695 4791 innotuerunt,
715 4729 797 4792 alque
818 4722 892 4775 adeo
910 4723 946 4775 de
970 4719 1054 4773 ritum
1072 4716 1307 4788 interpellationis
1331 4724 1492 4770 sanctorum
1510 4733 1566 4770 non
1584 4716 1804 4788 aspernandum.

113 4810 295 4879 quibusdam,
325 4827 364 4861 aa
389 4824 512 4877 unquam
533 4807 565 4861 in
586 4826 681 4863 rerum
706 4815 809 4863 natura
827 4808 945 4878 fuerint,
971 4822 997 4876 p.
1016 4810 1082 4861 eut:
1107 4805 1173 4859 Non
1198 4811 1239 4858 est
1255 4819 1380 4871 amesae,
1409 4808 1440 4855 ut
1459 4803 1526 4856 dum
1545 4802 1597 4856 tes
1613 4804 1697 4856 modo
1714 4802 1808 4855 sancti

113 4896 211 4950 mnito
230 4896 384 4962 dubitatur,
406 4911 523 4966 quorum
544 4896 648 4950 cubum
660 4897 797 4966 fipmenta
813 4895 945 4951 buteria-
971 4892 1197 4965 interpellantur,
1216 4891 1252 4944 iis
1265 4888 1393 4943 cordium
1410 4886 1557 4957 inspectio,
1575 4905 1648 4958 puae
1666 4889 1724 4942 seli
1741 4890 1805 4942 Dee

113 5001 175 5036 rum
198 4990 224 5036 et
248 4983 419 5053 imposturae
443 4980 644 5036 miraculomm
662 4980 780 5053 mirifice
799 4991 945 5049 auserunt,
966 4979 1093 5049 propria
1118 4988 1174 5048 est,
1204 4976 1386 5032 attribuatur.
1434 4973 1471 5029 Et
1497 4979 1607 5045 postes:
1636 4975 1699 5029 Hoc
1722 4974 1805 5044 pium

114 5089 186 5140 auae
208 5073 341 5140 fipmenta
358 5071 444 5124 etiam
461 5075 664 5138 compertorum
683 5075 843 5124 sanctorum
861 5071 945 5127 bisto-
971 5075 1063 5121 sotum
1090 5074 1117 5119 et
1145 5063 1317 5120 desiderium
1340 5077 1394 5116 non
1415 5068 1509 5132 potest
1532 5077 1588 5114 non
1617 5077 1676 5115 esse
1693 5068 1805 5130 pratum

113 5158 175 5212 rias
201 5163 435 5228 conspurcarunt,
460 5171 529 5224 quas
551 5154 668 5225 quisque
689 5172 743 5225 pro
768 5172 819 5210 suo
843 5157 947 5227 affectu
972 5155 1046 5221 Deo,
1064 5170 1118 5223 pto
1135 5169 1187 5206 nos
1199 5153 1241 5205 ad
1253 5149 1343 5220 ipsius
1355 5147 1580 5204 misericordiam
1592 5147 1805 5217 implorandam

114 5252 280 5298 commentus
307 5251 353 5298 est.
396 5244 459 5296 Huc
486 5240 570 5295 etiem
601 5242 710 5308 referri
732 5248 841 5312 potest,
871 5246 949 5313 quod
973 5243 1014 5295 ad
1036 5241 1164 5294 thronum
1187 5236 1299 5306 pratiae
1323 5235 1385 5306 ejus
1405 5236 1581 5304 accedentes,
1610 5241 1720 5288 sanctos
1737 5250 1804 5306 quo-

113 5331 193 5403 mtlpi
210 5330 352 5401 imperitia
370 5330 482 5384 diuinos
498 5329 617 5384 tonores
633 5328 738 5382 sanctis
757 5328 899 5396 attribuat,
917 5339 947 5386 ut
973 5343 1025 5398 que
1044 5325 1152 5381 Christi
1168 5323 1242 5380 Filii
1261 5323 1322 5392 ejus
1341 5321 1462 5376 membra
1484 5321 1735 5389 condeprecatores
1752 5323 1804 5375 ed·

114 5434 175 5470 cum
194 5416 306 5486 templa,
325 5433 404 5486 arae,
431 5415 581 5487 samnitia,
599 5415 768 5484 sacadotia,
787 5422 861 5485 uota,
879 5417 949 5481 festi
971 5412 1116 5468 seiscimus
1146 5425 1229 5482 eoque
1240 5411 1327 5480 sacto
1344 5424 1405 5463 eam
1421 5408 1505 5473 tidem
1521 5412 1719 5477 protestamur,
1749 5423 1805 5477 prta

115 5505 176 5556 dies
194 5521 249 5556 non
267 5510 374 5559 tantum
392 5504 559 5574 memoriae,
585 5508 616 5555 ut
632 5506 737 5555 ueteres
754 5502 948 5574 apustunur,
973 5518 1020 5556 eos
1048 5502 1129 5571 apud
1146 5501 1237 5553 Deum
1261 5498 1353 5554 meere
1380 5496 1512 5564 nobisque
1541 5493 1672 5550 curuatis
1695 5493 1805 5549 stmulo

113 5591 165 5648 sed
181 5589 285 5648 tenori
300 5595 327 5645 et
345 5589 435 5646 nebu
449 5596 611 5650 saeuorum
622 5595 788 5646 sommae
797 5596 946 5663 putantm
972 5589 1135 5660 coniunctos
1160 5602 1220 5645 esse
1243 5585 1392 5643 audimus.
1431 5582 1532 5653 Itapss
1556 5588 1614 5638 msa
1632 5580 1701 5636 tusc
1720 5581 1807 5639 inter·
