4104 6014
911 254 1121 315 nnuosrn.
1795 272 1856 332 343

156 413 312 470 vocationis
336 414 470 470 honorem
494 413 562 485 ipsis
586 429 645 470 esse
664 412 860 484 emerendum,
889 413 994 469 ahasa
1021 418 1133 469 sanctos
1166 415 1292 473 virentes
1321 416 1468 490 religiosae
1496 417 1666 474 adorationis
1699 420 1776 475 cultu
1800 435 1857 474 non

156 516 259 579 mere
283 499 320 555 ad
344 500 483 572 speciem,
513 500 549 556 ab
573 499 787 555 indeterminato
811 500 847 555 ad
865 500 992 556 delemi-
1020 515 1081 557 esse
1099 501 1294 567 honorandos,
1313 503 1363 558 sed
1383 509 1523 559 externam
1541 505 1722 561 reverentiam
1740 505 1807 578 ipsis
1825 513 1856 561 ut

156 591 254 642 natum
272 585 411 642 affirmate
429 592 527 643 centn
540 587 647 658 logicas
661 586 774 657 regulas
785 586 991 657 procederetur.
1019 586 1072 642 Dei
1096 586 1196 658 legatis
1217 594 1246 644 et
1270 589 1367 643 amicis
1388 607 1449 646 esse
1466 590 1657 646 exhibendam.
1678 597 1702 648 3.
1725 592 1854 648 lustinus

157 673 274 740 Qualem
293 673 366 730 eninr
385 674 516 729 honorem
533 673 636 728 sancus
657 672 795 728 defunctis
814 681 842 729 et
854 674 992 744 possimus
1018 673 1047 727 in
1067 674 1139 744 apol.
1163 680 1187 730 t.
1214 676 1379 747 angelorum
1404 677 1492 731 cultui
1516 676 1626 732 videtur
1652 677 1754 734 lavere.
1796 679 1856 734 Sed

10 769 82 813 svnt.
96 769 142 813 rto.
156 767 185 817 st
205 761 356 817 debeanms
372 760 487 828 deferre,
508 777 542 815 ex
561 759 705 830 Scriptura
724 760 851 831 superius
870 760 924 814 fuit
943 762 990 817 de·
1017 761 1113 829 illum,
1139 760 1243 833 inquit,
1273 764 1366 816 Deum
1384 764 1500 818 Patrem
1526 771 1552 817 et
1577 765 1639 834 ejus
1659 765 1782 832 Filium,
1805 766 1856 835 qai

155 850 344 901 monstratum.
382 845 624 901 Memories'illas
644 851 810 915 sanctorum,
829 847 990 917 praesertim
1018 849 1091 901 amu
1121 865 1225 919 aesque
1249 849 1318 904 hoec
1347 851 1445 905 docuit
1474 859 1500 904 st
1527 852 1651 907 oliorum
1680 852 1853 921 sequentium

140 928 309 1004 'martyrum
329 932 357 987 in
377 932 518 1003 primitiva
535 931 658 1000 ecelesia,
674 930 782 1003 absque
794 932 991 1003 superstitione
1016 932 1203 1003 similiumque
1227 937 1359 990 bonerum
1383 937 1549 1006 enqslorum
1573 936 1723 991 exereitum
1742 943 1768 990 et
1789 938 1853 1009 Spi-

155 1026 184 1076 et
201 1019 333 1091 religiosa
350 1037 445 1075 eorum
463 1019 637 1075 irroratione
653 1018 808 1073 celebratae
826 1019 855 1072 in
872 1019 990 1074 ecclesia
1016 1020 1103 1072 ritum
1133 1023 1327 1091 propheticam
1355 1023 1473 1077 colimur
1499 1030 1583 1092 atque
1612 1027 1767 1077 adoramus
1792 1040 1852 1077 oer-

152 1105 274 1162 fuerunt.
306 1106 376 1161 Cum
389 1104 506 1161 enimin
523 1105 659 1176 principio
675 1103 844 1159 collectionis
858 1104 990 1160 ecclesiae
1017 1107 1106 1174 toque
1123 1115 1149 1161 et
1166 1125 1198 1161 re
1217 1124 1266 1162 seu
1284 1109 1402 1163 veritate
1419 1125 1594 1174 crememur,
1612 1110 1698 1179 idque
1719 1111 1852 1178 omnibus,

152 1193 332 1264 imperatores
355 1191 475 1247 Romani
502 1190 594 1247 adhuc
621 1190 723 1247 ethnici
747 1208 877 1263 magnam
901 1191 989 1247 saevi·
1016 1193 1066 1260 qui
1085 1194 1193 1247 discere
1210 1195 1318 1264 colunt,
1339 1202 1369 1248 ut
1386 1195 1462 1250 docti
1476 1195 1651 1264 institutique
1671 1213 1781 1262 sumus,
1807 1213 1850 1250 co·
1925 1234 1929 1242 .

152 1281 221 1334 tiam
240 1281 374 1335 adrerm
396 1277 566 1336 Christianos
593 1284 764 1344 exercerent,
793 1295 826 1333 ac
852 1278 932 1332 multi
952 1278 988 1332 ob
1011 1279 1094 1346 piore
1122 1281 1269 1334 tradimus.
1316 1280 1526 1351 Respondemus
1557 1297 1636 1348 vero,
1666 1282 1786 1351 primum
1814 1299 1848 1338 ex

153 1365 296 1420 doctrinae
312 1364 514 1421 confessionem
532 1365 657 1436 quotidie
675 1365 900 1428 trucidarentur,
924 1380 988 1419 eeu·
1016 1365 1130 1421 Irenaeo
1160 1371 1189 1421 et
1214 1365 1415 1437 antiquissimis
1444 1367 1625 1438 scriptoribus
1653 1368 1849 1425 ecclesiasticis

152 1457 282 1517 suerunt,
315 1450 427 1506 crebras
457 1450 661 1507 exhortationes
695 1451 800 1521 populo
830 1449 987 1505 Christiano
1015 1459 1157 1518 constare,
1190 1453 1266 1524 quod
1291 1454 1382 1507 cultus
1409 1453 1570 1525 angelorum
1597 1470 1630 1510 eo
1651 1460 1775 1524 tempore
1794 1472 1848 1508 non

151 1553 212 1594 esse
230 1538 408 1604 necessarias,
428 1542 461 1592 ut
478 1537 555 1591 nulla
569 1534 754 1606 periculorum
772 1537 880 1592 ratione
892 1536 988 1592 habita
1014 1538 1099 1592 fuerit
1117 1538 1144 1592 in
1163 1539 1282 1593 ecclesia
1299 1544 1436 1610 receptus,
1454 1539 1503 1594 sed
1520 1540 1549 1594 in
1568 1538 1714 1595 haereticis
1727 1545 1848 1596 mustus.

151 1625 180 1678 in
197 1622 371 1679 confessione
389 1621 533 1677 doctrinae
551 1622 725 1677 Christianae
746 1627 905 1678 constantes
925 1640 986 1692 per·
1013 1624 1141 1679 Secundo
1159 1626 1287 1682 Justinus
1313 1626 1394 1694 dicit,
1422 1644 1452 1682 se
1475 1627 1548 1680 tanc
1570 1627 1671 1693 fidem,
1700 1643 1784 1696 quam
1804 1642 1848 1680 ex·

151 1710 295 1778 sisterent,
312 1708 386 1763 unde
405 1725 464 1762 mos
484 1708 658 1763 introductus
676 1707 740 1776 fuit,
758 1715 791 1762 ut
810 1709 919 1779 quoties
938 1725 985 1778 po·
1013 1711 1105 1782 ponit,
1136 1730 1154 1765 a
1172 1713 1327 1781 majoribus
1345 1713 1496 1781 didicisse,
1525 1713 1585 1783 jam
1602 1729 1667 1767 vero
1687 1713 1848 1783 angelorum

150 1796 234 1869 pulus
262 1796 298 1851 ad
330 1796 475 1851 conciones
502 1795 667 1865 audiendas,
700 1800 874 1850 sacramenta
896 1796 984 1865 perci·
1012 1797 1118 1851 cultum
1141 1815 1196 1851 non
1225 1798 1318 1867 potuit
1344 1798 1532 1868 amajoribus
1551 1798 1672 1868 discere,
1699 1816 1761 1854 eum
1782 1815 1848 1871 apo·

151 1883 263 1954 piends,
280 1899 377 1953 preces
392 1888 420 1938 et
438 1883 591 1953 gratiarum
611 1881 734 1937 senones
752 1880 813 1937 Deo
831 1881 985 1936 offerendas
1011 1883 1090 1953 stoli,
1115 1901 1231 1955 quorum
1251 1885 1336 1938 aetati
1355 1885 1483 1940 lustinus
1502 1883 1556 1940 fuit
1575 1885 1705 1952 vicinior,
1729 1885 1846 1940 eundem

150 1970 324 2037 conveniret,
353 1969 466 2024 nomina
492 1976 650 2024 sanctorum
669 1974 836 2038 martyrum,
868 1967 917 2038 qui
935 1985 984 2039 pro
1011 1969 1197 2040 repudiarint,
1221 1976 1252 2023 ut
1269 1970 1394 2040 superius
1411 1971 1590 2026 ostendimus.
1628 1969 1732 2039 Tertio,
1752 1970 1775 2025 si
1794 1970 1845 2025 du·

149 2056 267 2112 veritate
294 2072 382 2127 usque
402 2055 438 2109 ad
459 2053 623 2125 sanguinem
641 2061 828 2123 certaverant,
855 2059 984 2110 antece
1011 2055 1077 2109 stini
1102 2056 1187 2110 verba
1215 2056 1377 2126 angelorum
1405 2056 1510 2110 cultum
1537 2055 1707 2124 stabilirent,
1735 2055 1844 2111 latriam

127 2187 130 2192 .
151 2143 332 2199 lebrationem
352 2141 535 2198 eucharistiae
554 2141 751 2211 recitarentur,
769 2158 802 2196 ae
815 2157 909 2195 eorum
928 2158 985 2196 cer·
1010 2139 1064 2194 iliis
1082 2140 1259 2196 deferendam
1272 2158 1332 2196 esse
1345 2140 1501 2211 probarent.
1534 2140 1630 2196 Verba
1642 2142 1716 2195 enim
1727 2142 1844 2196 colimus
1858 2147 1936 2190 ¹V111·
1955 2146 1998 2190 1⁹¹·

151 2229 269 2298 tamma,
298 2229 373 2284 vitae
403 2227 575 2297 innocentia,
603 2228 688 2284 robur
715 2227 780 2284 fidei
805 2243 838 2282 ac
862 2227 984 2298 reliquae
1012 2232 1040 2280 et
1065 2229 1234 2295 adoremus,
1265 2227 1366 2297 quibus
1391 2227 1572 2281 invocationis
1591 2225 1696 2281 cultum
1716 2226 1845 2282 lustinus

150 2315 266 2370 virtutes
291 2315 404 2386 publice
417 2321 712 2381 commemorarentur,
729 2321 762 2368 ut
780 2313 911 2384 exemplis
929 2312 984 2366 illis
1012 2313 1158 2381 describit,
1184 2313 1281 2368 eadem
1300 2313 1409 2369 ratione
1426 2315 1462 2368 ad
1482 2313 1574 2368 Deum
1593 2313 1718 2382 Patrem,
1735 2312 1847 2376 Filium,

151 2402 249 2472 reliqui
267 2400 303 2455 ad
320 2400 502 2456 imitationem
524 2399 589 2453 fidei
608 2405 637 2454 et
653 2399 801 2468 virtutum,
825 2398 984 2469 cumprimis
1012 2399 1144 2469 Spiritum
1171 2416 1192 2454 s.
1221 2406 1249 2452 et
1277 2399 1392 2470 angelos
1419 2401 1502 2469 juxta
1525 2398 1686 2453 Bellarmini
1712 2398 1846 2469 interpre-

149 2487 321 2543 constsntiae
347 2487 376 2539 in
401 2484 574 2541 confessione
602 2485 787 2540 excitarentur
817 2502 850 2541 ac
880 2484 983 2539 anima·
1010 2485 1143 2541 tationem
1162 2485 1330 2554 reseruntur,
1350 2486 1486 2557 quinimo
1505 2485 1598 2557 angeli
1616 2485 1706 2541 medio
1725 2485 1786 2541 loco
1805 2486 1845 2540 in·

148 2578 288 2629 renturet
305 2572 386 2627 simul
404 2573 465 2626 Deo
491 2572 599 2643 gratiae
622 2578 787 2642 agerentur,
817 2571 891 2643 quod
912 2570 983 2624 salu·
1010 2577 1053 2627 ter
1073 2572 1173 2626 Filium
1200 2578 1228 2627 et
1247 2571 1379 2642 Spiritum
1402 2591 1423 2628 s.
1444 2573 1627 2626 nominantur.
1666 2571 1780 2639 Quarto,
1799 2589 1846 2627 ve·

147 2661 220 2715 taria
245 2659 294 2714 illa
319 2674 425 2729 organa
446 2658 580 2713 eeclesiae
609 2657 732 2713 dedisset
754 2675 788 2714 ac
816 2658 916 2727 spiritu
932 2674 983 2711 suo
1010 2675 1057 2711 rus
1082 2674 1115 2712 ac
1140 2658 1277 2729 genuinus
1304 2657 1371 2713 dicti
1397 2676 1492 2713 sensus
1511 2664 1565 2723 est,
1593 2658 1738 2713 eeclesiam
1755 2656 1845 2714 colere

147 2748 177 2801 in
201 2745 333 2815 martyrio
359 2744 469 2799 eosdem
495 2744 698 2813 confirmasset,
730 2744 850 2814 denique
874 2749 907 2797 nt
928 2741 982 2814 piis
1010 2745 1100 2800 Deum
1119 2744 1231 2800 Patrem
1252 2751 1280 2799 et
1297 2744 1399 2799 Filium
1418 2744 1477 2815 (qui
1500 2761 1550 2799 nos
1571 2748 1600 2799 et
1618 2745 1732 2816 angelos
1750 2759 1863 2800 veram·

148 2830 277 2904 precibus
298 2848 316 2886 a
334 2831 395 2886 Deo
414 2838 562 2901 peteretur,
585 2835 617 2884 ut
643 2829 805 2901 superstites
824 2845 936 2900 quoque
954 2829 983 2883 in
1009 2831 1157 2886 invocandi
1171 2831 1226 2887 Dei
1245 2831 1381 2886 rationem
1400 2830 1537 2898 docuerit)
1555 2836 1584 2884 et
1602 2830 1737 2900 Spiritum
1755 2831 1845 2886 colere

146 2919 270 2976 veritatis
305 2918 476 2973 confessione
510 2917 582 2972 tueri
620 2921 649 2971 et
684 2916 812 2986 spiritum
848 2915 981 2985 martyrio
1009 2916 1216 2989 propheticum,
1243 2923 1275 2972 ut
1304 2917 1344 2971 sic
1374 2916 1461 2971 verba
1485 2916 1547 2985 illa,
1579 2933 1652 2988 quae
1677 2916 1712 2971 de
1737 2914 1845 2986 angelis

148 3007 264 3078 dignum
281 3004 386 3059 eisdem
403 3003 499 3075 largiri
519 3002 593 3058 velit.
624 3003 707 3063 Unde
723 3002 874 3072 Dionysius
887 3002 933 3056 lib.
947 3003 982 3056 de
1010 3009 1107 3073 agunt,
1118 3021 1173 3058 non
1185 3002 1345 3058 describant
1355 3001 1501 3074 religiosae
1513 3001 1683 3057 adorationis
1694 3001 1845 3072 objectum,

147 3090 298 3148 ecelenast.
317 3088 451 3144 hierarch.
471 3105 531 3159 cap.
551 3095 576 3147 3.
596 3095 714 3160 quatuor
732 3106 830 3143 causas
848 3093 981 3153 recenset,
1008 3088 1059 3144 sed
1082 3089 1146 3144 Filii
1165 3088 1218 3144 Dei
1246 3088 1384 3157 officium,
1409 3088 1438 3142 id
1467 3088 1543 3160 quod
1569 3105 1602 3144 ex
1629 3087 1738 3144 Graeco
1765 3092 1844 3143 textu

147 3185 260 3250 propter
272 3192 341 3248 quas
359 3177 389 3231 in
408 3175 593 3231 eucharistiae
610 3176 849 3231 administratione
864 3176 982 3231 recitata
1008 3175 1198 3246 manifestum,
1227 3176 1276 3248 qui
1303 3176 1345 3230 sie
1369 3175 1457 3232 habet
1485 3192 1550 3248 pag.
1574 3180 1615 3232 43.
1643 3175 1709 3230 edit.
1738 3173 1843 3230 Oomm.

145 3264 249 3320 meins
277 3279 313 3319 ex
340 3261 427 3317 sacris
455 3261 559 3316 tabulis
586 3279 681 3319 eorum
704 3262 831 3333 nomina,
863 3262 910 3333 qui
935 3263 981 3333 pie
1008 3261 1067 3317 aar
1097 3262 1202 3316 ἐκεῖνόν
1229 3281 1258 3316 rs
1287 3266 1334 3316 sai
1359 3261 1409 3317 τόν
1432 3264 1497 3338 παρ’
1525 3261 1612 3317 αὐτοῦ
1634 3262 1698 3316 sibu
1724 3257 1844 3317 rasim

146 3356 298 3421 sancteque
328 3349 456 3403 vixerunt
491 3355 519 3403 et
551 3349 580 3402 in
611 3348 733 3404 Domino
765 3349 980 3404 obdormierunt.
1008 3354 1054 3402 καὶ
1074 3349 1224 3411 διδάξαντα
1243 3347 1315 3422 ἡμᾶς
1333 3351 1419 3403 suive
1446 3353 1492 3403 καὶ
1517 3346 1564 3403 siu
1592 3352 1645 3404 ssia
1667 3345 1759 3402 ἄλλων
1778 3347 1843 3402 ἑπο-

145 3437 254 3504 Primo,
271 3444 302 3490 ut
321 3436 441 3490 uiuentes
458 3436 499 3488 od
512 3436 696 3489 imitationem
712 3443 936 3504 provocarentur
955 3445 981 3488 et
1006 3440 1100 3509 μένων
1124 3441 1170 3490 καὶ
1200 3437 1422 3508 ἱξομοιουμένων
1441 3437 1559 3508 ἀγαθῶν
1577 3434 1705 3506 ἀγγέλων
1723 3433 1843 3509 στρατὸν

146 3526 188 3577 ad
206 3522 361 3592 esemplum
384 3523 525 3575 beatorum
542 3530 637 3575 scaete
656 3523 748 3575 uisere
766 3530 793 3575 et
805 3523 855 3592 pie
873 3524 904 3576 ia
921 3525 981 3576 Do·
1007 3517 1119 3592 πνεῦμά
1147 3540 1175 3574 rs
1203 3522 1233 3575 τὸ
1262 3519 1440 3594 προφητικὸν
1468 3521 1610 3595 σεβόμεθα
1639 3525 1685 3575 aui
1717 3538 1841 3594 προσκυ-

146 3611 222 3663 mino
254 3609 329 3663 mori
359 3610 541 3676 duracmum
579 3608 716 3675 secundo,
749 3617 779 3662 ut
813 3611 906 3662 suncti
935 3609 982 3663 illi
1008 3609 1125 3681 reaper,
1145 3624 1216 3679 quas
1235 3607 1402 3681 Sylburgius
1422 3608 1462 3662 sic
1479 3607 1615 3665 reddidit:
1640 3608 1724 3663 Hune
1741 3609 1842 3678 operm,

143 3695 381 3766 praedicarentur
400 3712 456 3748 noa
475 3710 533 3746 esse
549 3694 664 3762 mortui,
691 3696 742 3747 secl
759 3694 816 3747 viui
834 3695 933 3764 utqui
949 3712 982 3749 ss
1008 3701 1034 3749 et
1055 3695 1105 3763 qui
1127 3695 1162 3747 ab
1182 3711 1215 3748 eo
1232 3695 1306 3747 uenit
1327 3704 1410 3763 utque
1427 3695 1484 3747 ista
1500 3712 1551 3748 mos
1576 3695 1745 3748 stallorum
1766 3695 1841 3749 obse-

146 3789 233 3837 morte
261 3783 302 3835 ad
324 3782 412 3835 citam
434 3797 498 3834 uere
520 3780 646 3834 diuinum
672 3789 698 3834 et
721 3782 867 3835 eoelmtem
892 3791 981 3837 essent
1008 3781 1149 3851 queuts'um
1173 3789 1443 3852 esusqrsetorumque
1468 3783 1509 3834 ad
1526 3782 1696 3836 uoluntatem
1717 3782 1778 3850 eius
1797 3782 1841 3834 bo-

146 3868 296 3936 translsti5
332 3867 427 3935 tertio,
450 3875 481 3920 ut
505 3868 710 3933 ostenderetur,
733 3884 782 3922 eos
799 3884 859 3921 esse
878 3869 909 3922 iss
927 3885 981 3922 me·
1008 3884 1107 3922 norum
1126 3868 1289 3938 angelomum
1307 3869 1456 3922 sancitum
1476 3867 1580 3935 docuit,
1603 3867 1712 3921 Filium
1732 3875 1758 3919 et
1778 3866 1842 3939 Spi-

146 3955 238 4010 mers'o
263 3955 342 4024 apud
361 3956 453 4007 Derim
479 3961 505 4007 et
526 3953 674 4007 eeclesiam
692 3954 836 4017 fidelium·
873 3959 981 4026 quarto,
1007 3955 1094 4008 ritum
1115 3953 1309 4025 propheticum
1328 3953 1445 4007 colimus
1464 3961 1490 4006 et
1508 3955 1673 4006 adoramus.
1710 3959 1733 4006 l.
1754 3951 1842 4023 Chry·

147 4043 262 4110 quondo
290 4039 430 4093 altoribus
458 4045 523 4092 suat
551 4038 685 4109 imposito
710 4040 884 4094 cremabilia
909 4059 982 4108 sym-
1008 4039 1122 4098 sostomi
1151 4040 1255 4095 dietum
1279 4039 1307 4093 in
1334 4038 1426 4093 homil.
1453 4040 1490 4094 de
1514 4037 1623 4093 Sanctis
1647 4038 1779 4093 durantio
1815 4046 1842 4093 et

147 4127 226 4195 bola,
246 4142 301 4195 per
323 4141 395 4193 quus
417 4124 543 4178 Christus
562 4125 698 4192 sumum,
721 4127 816 4179 stetim
834 4128 917 4180 adest
934 4129 981 4181 de·
1008 4126 1128 4182 Maximo
1153 4144 1171 4180 a
1188 4125 1355 4181 Bellarmino
1373 4132 1416 4180 est
1430 4128 1597 4194 corruptum.
1634 4123 1691 4180 Ubi
1714 4123 1787 4178 eninr
1812 4124 1841 4178 in

146 4213 263 4282 scriptio
282 4219 456 4276 sanctorum,
479 4217 510 4263 ut
527 4210 667 4264 indicetur
685 4211 836 4266 indiuidua
854 4213 981 4281 ipsorum
1008 4212 1203 4284 Chrysostomo
1232 4212 1335 4283 legitur
1365 4211 1487 4264 tumulos
1517 4210 1685 4274 incusamus,
1721 4210 1842 4265 tumulos

147 4298 308 4368 conjunctio
335 4304 362 4351 et
387 4297 584 4350 admatbsima
611 4313 672 4349 cum
702 4297 814 4352 Christo
840 4300 908 4353 unio
928 4305 981 4353 ete.
1007 4302 1186 4366 edomemus,
1204 4298 1242 4352 ibi
1258 4296 1442 4353 Bellarminus
1463 4295 1532 4367 legit
1549 4295 1672 4349 tumulos
1684 4297 1842 4353 ederemus.

147 4388 300 4457 Progressa
317 4383 449 4453 temporis
467 4381 585 4437 invaluit
604 4383 788 4448 consuetudo,
816 4389 849 4438 ut
865 4401 982 4456 corpora
1009 4393 1032 4442 5.
1051 4386 1196 4441 Sermones
1222 4384 1257 4438 de
1278 4382 1395 4445 sanctis,
1424 4381 1472 4452 qui
1491 4381 1649 4452 Augustino
1672 4381 1842 4446 tribuuntur,

146 4491 196 4528 seu
222 4472 337 4528 exuviae
360 4477 516 4526 sanctornm
539 4470 573 4525 iis
599 4470 629 4525 in
646 4471 730 4540 loeis,
756 4469 805 4525 ubi
825 4473 980 4528 communio
1007 4472 1037 4526 in
1059 4470 1160 4543 quibus
1178 4468 1358 4524 Beatissimns
1378 4467 1479 4522 Petrus
1502 4465 1620 4538 genibus
1647 4467 1801 4539 provolutis
1825 4485 1842 4524 a

146 4559 352 4627 celebrabatur,
376 4562 591 4628 reponerentur,
614 4562 643 4611 et
662 4563 694 4611 ut
711 4556 748 4611 ad
765 4559 893 4629 sepulcra
910 4575 980 4613 mar·
1008 4557 1132 4628 gentium
1150 4554 1329 4608 multitudine
1346 4553 1456 4607 adorari
1477 4551 1593 4618 dicitur,
1620 4571 1675 4608 non
1694 4560 1760 4609 sunt
1778 4553 1842 4623 yesi·

145 4651 240 4716 tyrum
263 4645 367 4714 templa
395 4651 424 4698 et
449 4643 548 4698 altaria
570 4660 625 4697 non
644 4643 711 4712 ipsis
729 4643 833 4698 sanctis
851 4645 900 4699 sed
919 4645 980 4700 Deo
1007 4659 1075 4709 σιοι,
1100 4642 1148 4697 sed
1168 4642 1402 4713 ψευδεπίγραφοι.
1437 4645 1461 4696 6.
1487 4640 1530 4694 De
1549 4639 1683 4712 Gregorio
1707 4649 1736 4696 et
1757 4641 1842 4696 Bern-

146 4732 386 4796 eonstituerentur,
407 4745 478 4799 quae
494 4735 588 4783 tamen
603 4729 695 4783 omnia
706 4729 828 4783 nondum
841 4731 980 4799 evincunt,
1007 4730 1102 4798 bardo,
1115 4729 1162 4799 qui
1178 4726 1377 4798 posterioribus
1391 4726 1617 4796 seculis,fquibus
1631 4727 1843 4796 superstitiones

60 4867 68 4876 .
148 4816 294 4888 religiosae
312 4815 481 4869 adorationis
499 4813 605 4868 cultum
625 4814 795 4885 martyribus
813 4822 880 4870 tunc
893 4816 980 4870 fuisse
1004 4817 1132 4887 jamdum
1152 4815 1180 4868 in
1198 4812 1316 4869 ecelesia
1335 4811 1518 4881 invaluerant,
1538 4811 1701 4880 floruerunt,
1718 4829 1774 4866 non
1793 4813 1841 4866 ad·

146 4902 276 4958 delatum.
315 4907 339 4956 2.
368 4900 510 4965 Quaedam
530 4901 682 4971 loquuntur
700 4902 735 4956 de
750 4900 867 4972 honore,
899 4920 981 4973 quem
1009 4903 1122 4957 modum
1140 4900 1241 4955 soliciti
1261 4917 1364 4956 sumus.

145 4988 301 5043 viventibus
326 4985 430 5040 sanctis
453 4985 493 5055 pii
517 4984 710 5041 exhibuerunt.
743 4987 914 5043 Athanasius
932 4987 980 5043 lib.
1042 4995 1100 5045 440.
1136 4987 1270 5052 Quintum
1289 4993 1483 5058 argumentum
1499 4985 1582 5040 sumit
1600 5003 1633 5039 ea
1656 4984 1840 5052 inuocatione,
1853 4998 1874 5040 a
1888 4998 1997 5039 manvu

146 5074 181 5129 de
205 5073 345 5145 virginit:
371 5072 405 5127 ss·
427 5072 507 5125 homo
525 5073 617 5139 justus
638 5076 723 5128 aedes
741 5082 806 5127 tuas
822 5075 980 5145 intraverit,
1006 5077 1125 5145 templis,
1148 5075 1238 5138 fastra,
1261 5073 1340 5136 uotis,
1365 5072 1533 5140 imaginibus
1558 5079 1584 5124 et
1609 5071 1686 5136 aliis,
1711 5087 1783 5140 qttae
1800 5073 1842 5124 ad
1853 5051 1996 5151 mma,

146 5179 208 5215 eum
226 5162 326 5215 timore
344 5167 370 5213 et
388 5168 508 5213 tremore
526 5177 673 5215 occurrens
692 5163 739 5216 illi
756 5162 891 5215 adorabis
904 5162 982 5215 lurni
1006 5163 1110 5216 cultum
1135 5168 1295 5214 sauctorum
1318 5160 1459 5227 pertinere
1485 5175 1541 5210 noa
1566 5157 1603 5210 sit
1628 5156 1750 5211 dubium.
1786 5156 1840 5212 Re·
1855 5153 1996 5255 ffiffgssffiffig

145 5250 187 5301 cd
208 5249 295 5317 pedes
319 5247 408 5301 illius.
445 5245 634 5316 Hieronymus
662 5248 691 5301 in
714 5249 772 5302 vita
796 5249 901 5303 Paulae
925 5266 980 5304 me·
1006 5247 1187 5320 spondemus:
1216 5245 1297 5298 Haec
1322 5243 1415 5298 omnia
1438 5243 1467 5297 in
1493 5250 1650 5297 sauctorum
1675 5241 1808 5298 honorem
1825 5258 1902 5323 aste.

144 5338 249 5399 morat,
267 5332 366 5402 ipsam,
393 5348 456 5387 cnm
479 5331 611 5387 inviseret
631 5334 773 5402 eremitas,
804 5335 923 5402 sinqulis
941 5339 983 5389 od
1007 5334 1148 5406 primitiva
1174 5331 1292 5387 ecclesia
1319 5329 1451 5401 apostolis
1476 5329 1569 5383 vicina
1596 5328 1682 5383 fuisse
1707 5335 1842 5400 usurpata

140 5421 229 5490 pedes
248 5418 443 5487 provolutam,
473 5419 514 5471 ita
533 5434 580 5472 eos
597 5421 729 5472 vermari
745 5422 873 5486 solitam,
904 5439 939 5475 cc
956 5423 983 5475 si
1006 5418 1117 5475 facilius
1136 5417 1244 5482 dicitnr,
1264 5432 1346 5487 quarn
1365 5415 1505 5488 probatur.
1543 5408 1585 5468 Ex¹
1597 5415 1742 5487 Scriptura
1759 5417 1842 5487 longe

144 5507 175 5560 in
192 5507 313 5575 singulis
332 5505 474 5561 Christum
500 5506 645 5559 adoraret.
678 5505 744 5560 lam
774 5523 838 5562 vero
863 5513 981 5574 constat,
1008 5508 1099 5562 minus
1111 5501 1293 5561 demonstrari
1315 5509 1415 5575 potest,
1433 5504 1462 5557 in
1475 5502 1606 5558 honorem
1619 5509 1646 5558 et
1660 5503 1765 5559 cultum
1779 5519 1841 5562 sau·
