4104 6014
216 272 255 328 46
816 256 938 316 Locus
954 253 1158 315 VIOESMUS
1174 253 1321 314 SEXTUS

215 434 266 490 per
283 415 494 472 cinefactionem
510 415 594 487 plene
611 413 759 487 expurgari
776 412 870 484 possit
912 412 989 468 Deus
1013 407 1188 497 inllimbum
1211 416 1321 484 patrum
1345 418 1395 467 aut
1419 426 1567 482 puerorum
1585 409 1644 465 sine
1666 409 1804 481 baptismo
1823 409 1903 465 dece

162 492 166 501 ’
215 510 295 560 utero
325 502 427 558 lormat
449 518 566 574 corpora
590 501 712 573 peccetis
734 499 851 568 interm,
880 500 957 555 Deus
982 498 1200 603 cm-qdentium
1228 498 1419 555 confirmatum
1449 498 1515 554 dare
1539 497 1670 561 voluerit,
1702 513 1766 551 cum
1791 496 1902 551 disertis

217 595 309 646 serrat
352 589 499 659 impiorum
534 605 652 660 corpora
694 587 816 659 peccatis
852 584 1164 655 contaminata,¹uerbis
1182 602 1215 642 ea
1233 586 1325 641 omnia
1345 585 1479 655 repudiet

217 678 293 732 Deus
320 694 353 731 ex
383 680 472 731 morte
501 675 649 732 suscitabit
675 690 792 745 corpora
829 672 1050 733 damnandorum¹
1108 678 1149 729 69.
1183 673 1278 744 Atque
1300 672 1369 726 haec
1391 670 1427 727 de
1452 669 1594 741 proposita
1613 668 1799 724 controversie
1827 668 1902 723 dicta

219 762 341 835 peccatis
360 762 471 833 penitus
488 768 627 833 cooperta,
646 776 737 832 neque
755 766 848 816 tamen
859 759 946 815 ullam
963 775 997 815 ex
1014 775 1048 814 eo
1073 759 1135 823 siut,
1154 760 1189 815 de
1208 776 1264 831 qua
1281 757 1418 814 coronidis
1436 757 1498 813 loco
1515 761 1633 821 notetur,
1653 761 1675 811 1.
1693 771 1753 810 esse
1770 771 1832 810 earn
1845 772 1903 811 rem

216 848 308 904 labem
327 847 472 918 contrahit,
490 848 556 918 quia
573 846 799 918 distinguendum
812 845 956 914 creatoris,
982 860 1047 900 con·
1073 845 1245 915 qssasstiorris
1274 862 1330 899 uon
1359 844 1440 909 fidei,
1469 859 1502 898 ac
1526 841 1644 913 proinde
1679 841 1904 897 dissentientibus

216 934 364 991 servatoris
383 950 416 989 ac
435 933 635 989 resuscitatoris
665 932 830 990 beneficium
863 930 900 987 ab
928 930 1047 987 hominis
1072 948 1127 986 non
1144 946 1226 1002 posse
1242 930 1386 987 haereseos
1405 929 1497 984 dicam
1514 927 1615 994 scribi3
1644 934 1670 986 2.
1686 931 1816 993 τοπικῶς,
1848 945 1903 985 non

217 1023 316 1092 creati,
349 1021 505 1078 conservati
522 1037 555 1075 ac
572 1020 729 1076 resuscitati
748 1019 823 1075 vitio.
863 1026 887 1074 5.
912 1017 1047 1085 Ulterius,
1072 1022 1165 1072 eutem
1183 1018 1382 1077 inuisissimis
1392 1017 1427 1072 de
1438 1015 1681 1086 eadieseriposae,
1700 1032 1763 1070 curn
1775 1021 1904 1070 neutrum

217 1127 281 1166 cum
299 1125 416 1180 corpora
433 1107 542 1163 illorum
561 1107 786 1164 resuscitatorum
804 1105 925 1160 nondum
943 1104 1047 1159 fuerint
1072 1104 1101 1158 in
1114 1104 1264 1176 Scripturis
1282 1119 1408 1174 expresse
1420 1101 1563 1158 definitum
1576 1118 1609 1157 ac
1622 1101 1742 1157 dochum
1757 1104 1854 1167 exstet,
1866 1119 1903 1156 au

217 1194 359 1266 apeccati
375 1193 469 1248 radice
487 1198 623 1265 purgata,
645 1210 679 1247 ex
695 1208 728 1247 eo
748 1191 918 1263 colligimus,
940 1190 1047 1246 enimes
1073 1190 1178 1245 scilicet
1202 1189 1359 1245 resuscitati
1383 1188 1424 1242 illi
1442 1187 1498 1243 vivi
1516 1189 1544 1243 in
1568 1188 1673 1245 coelum
1692 1188 1833 1254 translati,
1866 1205 1904 1242 an

218 1282 302 1337 etiam
331 1279 453 1335 nondum
479 1278 565 1333 fuisse
593 1295 611 1332 a
635 1276 745 1348 peccati
771 1276 835 1332 labe
857 1282 991 1349 purgetne
1013 1292 1047 1330 ac
1073 1293 1139 1331 sero
1168 1276 1268 1331 iterum
1300 1276 1401 1330 mortui
1431 1274 1541 1330 fuerint.
1590 1280 1615 1332 3.
1646 1274 1787 1330 Posterior
1810 1280 1903 1328 temen

221 1366 362 1422 liberatas.
399 1364 497 1437 Neque
515 1364 587 1419 enim
605 1362 742 1434 permittit
756 1363 867 1434 justitia
884 1362 991 1426 divina,
1016 1365 1048 1416 ut
1073 1362 1224 1431 sententie,
1262 1361 1335 1434 quod
1362 1360 1461 1416 attinet
1485 1360 1517 1416 τὸ
1539 1361 1597 1430 ὅτι,
1628 1360 1798 1431 probabilior
1822 1360 1903 1416 nobis

218 1453 314 1509 anime
340 1469 358 1506 a
375 1457 489 1522 peccato
506 1466 578 1522 pura
595 1465 628 1504 ac
647 1449 736 1505 bbere
753 1448 783 1503 iu
806 1466 907 1521 corpus
932 1452 1047 1519 peccato
1073 1449 1199 1513 videtur,
1229 1446 1274 1503 cui
1301 1463 1358 1502 non
1387 1446 1477 1502 solum
1500 1447 1664 1503 recentiores
1683 1444 1904 1517 quamplurimi,

216 1524 349 1594 infectum
373 1536 451 1593 uelut
475 1536 505 1590 in
529 1551 669 1591 carcerem
685 1540 851 1590 venenatum
876 1535 1047 1590 detrudatur.
1075 1535 1125 1590 sed
1144 1535 1227 1590 etiem
1246 1532 1360 1605 quidam
1377 1550 1410 1588 ex
1426 1532 1565 1589 veteribus
1589 1539 1746 1604 assurgunt.
1793 1532 1903 1587 Tertul-

218 1625 380 1688 Praeterea,
412 1623 435 1677 si
466 1620 574 1676 animae
605 1620 715 1676 illorum
740 1620 858 1676 fuissent
887 1636 904 1675 a
940 1619 1047 1691 peccati
1074 1621 1165 1676 lienus
1195 1619 1243 1677 lib.
1273 1620 1308 1677 de
1333 1625 1476 1676 resurrect
1503 1619 1594 1675 carnis
1619 1636 1644 1674 c.
1673 1624 1715 1676 33.
1738 1636 1767 1689 p.
1791 1624 1850 1674 333.
1869 1619 1904 1674 de

218 1710 329 1765 macula
358 1724 469 1779 prorsus
489 1712 642 1778 purgatae,
674 1705 825 1777 reliquum,
853 1706 927 1778 quod
950 1705 980 1759 in
1004 1704 1047 1759 his
1075 1707 1243 1763 resuscitetis
1262 1723 1279 1760 e
1298 1706 1408 1763 Christo
1435 1705 1546 1762 scribit:
1577 1707 1643 1760 Nou
1660 1706 1690 1760 irs
1708 1706 1829 1776 pluriam
1853 1722 1904 1760 uec

216 1796 296 1852 terris
315 1799 474 1865 exegemnt,
490 1792 564 1848 vitae
581 1793 701 1863 spatium
718 1794 754 1847 eb
772 1794 846 1848 omui
864 1797 978 1864 peccato
998 1791 1047 1845 im·
1075 1793 1386 1863 incorruptibilitatem,
1411 1795 1462 1847 ssd
1487 1794 1518 1846 io
1544 1800 1658 1847 mortem
1677 1793 1767 1846 uliam
1785 1793 1904 1846 murita-

217 1898 313 1937 munes
331 1879 539 1950 transegissent,
558 1879 625 1949 quis
647 1879 755 1950 peccati
774 1879 940 1951 principium
959 1884 1001 1933 est
1018 1877 1048 1931 in
1075 1881 1184 1934 bantur.
1221 1878 1395 1950 Epiphanius
1418 1877 1448 1932 iu
1473 1894 1564 1933 encor.
1588 1879 1641 1933 col.
1662 1884 1746 1934 1⁰06:
1781 1878 1836 1933 liti
1855 1877 1903 1944 (ab

217 1969 312 2024 anima
336 1964 510 2037 intelligendi
540 1981 574 2020 ac
605 1965 715 2020 volendi
750 1964 884 2021 facultate
913 1964 1047 2035 praedite,
1075 1966 1139 2022 Elia
1157 1970 1185 2021 et
1200 1965 1310 2021 Elisaeo
1327 1965 1462 2033 suscitati)
1485 1966 1534 2018 uti
1555 1972 1780 2033 resurrexerunt,
1804 1982 1904 2018 sursise

216 2071 272 2109 non
297 2054 327 2108 in
351 2068 466 2124 corpore
490 2066 587 2106 sensus
614 2068 647 2105 ec
672 2058 763 2106 motus
791 2067 841 2122 per
865 2067 894 2105 se
921 2057 1047 2121 experte.
1074 2053 1179 2108 mortui
1195 2060 1268 2108 suut.
1304 2052 1479 2124 Augustinus
1498 2050 1579 2122 epist
1597 2056 1638 2108 43.
1664 2051 1700 2106 ad
1719 2051 1780 2105 Deo
1798 2050 1904 2122 gratias

216 2141 281 2198 Jam
313 2155 379 2195 vero
404 2138 467 2194 illos
494 2138 672 2194 resuscitatos
697 2139 734 2194 eh
759 2139 833 2193 omni
853 2138 960 2209 peccati
984 2136 1048 2193 labe
1073 2138 1268 2210 presbyterum
1286 2155 1312 2209 q.
1334 2143 1356 2194 1.
1377 2137 1414 2192 ed
1436 2137 1639 2208 quaestionem,
1672 2146 1765 2191 utrum
1788 2137 1904 2206 Christi,
1928 2126 1932 2135 ’

219 2227 354 2281 immunes
380 2224 465 2280 fuisse
486 2224 533 2278 six
549 2229 642 2295 potest
660 2224 800 2280 verisimili
819 2223 939 2295 quodem
965 2240 1048 2295 ergu-
1075 2244 1113 2281 ao
1132 2226 1238 2280 lauari
1256 2225 1422 2279 resurrectio
1430 2224 1591 2295 promissae
1601 2222 1803 2278 resurrectioni
1814 2224 1904 2291 mapsa

218 2320 310 2369 mente
326 2309 516 2367 demonstrari.
548 2315 572 2367 6.
584 2309 721 2381 Denique,
738 2327 801 2365 cum
819 2310 927 2365 animae
938 2309 1047 2365 illorum
1074 2312 1239 2367 conueniat!
1263 2310 1425 2382 respondet,
1456 2309 1561 2364 Christi
1573 2309 1670 2380 potius
1688 2326 1772 2378 quam
1798 2309 1905 2364 Lazari

217 2397 441 2457 resuscitatorum
467 2412 524 2451 non
548 2396 652 2451 fuerint
669 2396 699 2450 in
717 2408 805 2451 morte
819 2399 844 2463 {a
859 2395 967 2467 peccati
983 2393 1048 2450 labe
1073 2399 1305 2454 resurrectionem
1337 2397 1428 2451 adem
1457 2414 1622 2468 corps-usse,
1652 2397 1756 2450 addua
1785 2397 1904 2460 ratione,

217 2489 368 2557 purgatae,
400 2498 435 2537 ex
452 2498 485 2536 eo
503 2481 688 2537 verisimiliter
705 2481 836 2552 colligere
862 2482 940 2545 licet,
972 2479 1048 2552 quod
1074 2486 1143 2557 quic
1167 2488 1293 2538 Lararrss
1309 2484 1350 2536 itu
1374 2485 1542 2553 resurrexit,
1570 2490 1601 2537 ut
1623 2484 1724 2537 imaus
1745 2490 1906 2548 moreretur,

217 2588 273 2625 non
304 2569 408 2624 fuerint
433 2572 497 2639 post
524 2576 640 2623 mortem
666 2567 695 2621 in
721 2573 823 2622 statum
849 2566 956 2638 gloriae
973 2572 1001 2621 ct
1018 2566 1048 2620 in
1075 2572 1203 2626 (t'bristus
1220 2576 1312 2625 asstsm
1329 2586 1449 2640 surpere
1465 2587 1486 2625 a
1502 2569 1621 2624 mortuis
1626 2570 1692 2638 jam
1703 2587 1759 2624 uon
1776 2568 1905 2636 moritur,

218 2657 305 2712 vitam
322 2655 472 2711 coelestem
489 2654 616 2725 protinus
634 2658 775 2725 receptae,
808 2653 875 2724 quia
896 2653 926 2708 in
943 2654 1047 2707 Hiero-
1075 2661 1152 2729 qaod
1182 2658 1266 2711 stiam
1293 2656 1462 2725 promissum
1493 2663 1534 2709 est
1563 2655 1763 2709 resurrecturis
1791 2655 1821 2708 irs
1840 2655 1904 2720 lrisse

216 2744 353 2811 solymam
371 2740 515 2795 coelestem
533 2757 589 2795 aaa
607 2740 696 2794 intrat
713 2740 828 2812 aliquid
838 2739 1047 2810 coinquinatum
1074 2743 1170 2799 saculi.
1201 2742 1280 2797 Idem
1298 2740 1346 2797 lib.
1365 2746 1407 2797 22.
1426 2741 1462 2796 de
1474 2741 1526 2796 civ.
1541 2740 1594 2797 Dei
1606 2758 1630 2797 c.
1644 2747 1691 2798 28:
1705 2741 1761 2795 Isti
1773 2748 1904 2796 auctores

216 2829 306 2899 Apoa
325 2833 367 2896 tl,
383 2844 410 2882 v.
431 2832 471 2882 tr.
507 2825 599 2895 Addo,
617 2826 692 2897 quod
710 2825 828 2881 bonitati
855 2826 965 2882 divinae
990 2842 1046 2881 non
1074 2830 1160 2885 talem
1189 2827 1419 2895 resurrectionem
1442 2827 1570 2898 corporis
1588 2829 1704 2895 factam
1722 2827 1819 2896 juisse
1837 2845 1904 2881 aar·

93 2919 203 2965 ¹V1L⁷t
217 2914 284 2970 satis
300 2930 454 2985 congruum
471 2911 608 2978 videatur,
628 2911 651 2967 si
671 2929 705 2967 ex
724 2918 799 2967 statu
815 2912 921 2984 gloriae
938 2917 1048 2983 praeter
1073 2925 1190 2986 raruut,
1222 2915 1321 2985 quales
1346 2914 1464 2980 fueruat
1491 2930 1599 2982 eorum,
1630 2929 1699 2982 quoe
1716 2915 1906 2983 ,resurretura

219 3017 327 3058 omnem
359 3016 438 3054 suam
484 2999 595 3070 culpam
622 2998 651 3052 in
687 3005 790 3055 statum
819 2998 989 3055 infelicitatis
1015 3017 1049 3056 se
1075 3004 1208 3073 nouimus,
1226 3009 1253 3057 et
1270 3001 1334 3056 huie
1353 3000 1465 3070 quidem
1483 3000 1613 3054 redditos
1630 2998 1711 3067 uitae,
1730 3000 1783 3053 sed
1799 3017 1857 3054 aori
1872 3017 1904 3056 eo

217 3087 345 3143 miserim
372 3086 491 3141 tuissent
521 3084 702 3154 deturbatae,
758 3084 870 3156 uodque
900 3085 1050 3141 difficulter
1074 3092 1455 3156 modo,maoomorer·srtur
1463 3084 1904 3143 ulterius.iuenarr.Pselm.129.

218 3172 328 3229 admitti
358 3177 465 3242 potest,
496 3171 616 3226 enimam
646 3170 827 3243 glorificatam
860 3173 897 3228 ad
927 3173 1049 3229 actiones
1074 3176 1234 3234 circ.med.:
1251 3170 1354 3229 Helias
1372 3172 1550 3228 remodaus‘t
1560 3172 1905 3243 mortuumetHetisasus,

217 3260 291 3315 ritae
320 3256 447 3314 animalis
480 3272 644 3313 concurrere
666 3273 757 3329 posse.
807 3257 934 3332 Cumque
961 3261 990 3315 in
1006 3261 1047 3316 in·
1075 3265 1127 3318 sed
1141 3268 1355 3317 resurrexerunt
1370 3260 1472 3315 iterum
1495 3259 1633 3313 morituri.
1684 3259 1826 3313 Dominus
1844 3260 1905 3328 ipss

216 3346 326 3402 fernum
356 3345 421 3399 illae
454 3344 562 3399 animae
589 3345 787 3416 praecipitatae
816 3346 871 3417 dici
901 3353 1048 3418 nequeant,
1074 3367 1144 3420 quos
1167 3349 1329 3416 assmtaoit,
1361 3346 1494 3401 morituri
1514 3354 1726 3400 rememorarent
1752 3353 1802 3401 stc.
1820 3347 1906 3401 semel

218 3432 356 3505 siquidem
381 3430 568 3486 remissionem
592 3430 701 3502 peccati
721 3437 750 3487 et
767 3436 860 3487 reatus
885 3431 1048 3488 solutionem
1074 3436 1138 3493 auti
1152 3443 1230 3505 mort,
1258 3436 1310 3490 ssd
1325 3435 1366 3488 tis
1384 3432 1489 3488 mortui
1504 3440 1584 3502 suut,
1614 3449 1694 3487 nemo
1711 3441 1906 3487 recensuerat

218 3537 252 3576 er
272 3517 421 3591 hypothesi
447 3518 587 3590 loquendo
607 3519 799 3584 obtinuerunt,
829 3519 895 3575 inde
919 3519 1048 3586 inferunt,
1074 3540 1215 3594 numquam
1245 3522 1400 3577 mordemus
1428 3520 1486 3575 uisi
1518 3520 1667 3577 Domitius.
1713 3519 1905 3576 Damascenus

217 3606 293 3677 quod
321 3605 351 3659 in
378 3603 461 3660 tertio
491 3604 612 3676 quodam
640 3609 696 3659 ποῦ
722 3611 787 3661 ante
809 3605 996 3661 reductionem
1019 3607 1048 3661 in
1074 3610 1122 3668 lib.
1153 3614 1179 3669 4,
1196 3609 1266 3665 orth.
1292 3607 1341 3665 fid.
1358 3624 1418 3678 cap.
1448 3612 1472 3663 8.
1500 3612 1529 3663 2:
1565 3608 1752 3662 Resuscitavit
1781 3608 1905 3663 Christm

217 3709 318 3764 corpus
336 3691 497 3747 exstiterint
532 3691 630 3763 Neque
650 3696 693 3746 est
713 3692 788 3764 quod
805 3698 927 3762 metuas,
955 3692 1048 3748 Ponti·
1075 3700 1216 3753 Lmarum
1239 3694 1324 3750 uritur
1348 3693 1534 3766 ὑποστρέφειν
1551 3697 1689 3768 μέλλοντα
1717 3693 1906 3754 stativarum

217 3779 341 3834 ficiorum
365 3777 514 3849 hypothesi
529 3778 566 3833 de
583 3777 743 3850 purgatorio
767 3794 801 3834 ac
817 3778 903 3834 limbo
929 3779 1048 3834 fulcrum
1075 3784 1110 3837 In
1127 3781 1271 3838 harmonia
1286 3781 1322 3836 de
1339 3786 1483 3836 resurrect.
1503 3797 1565 3851 cap.
1583 3785 1607 3836 3.
1620 3797 1648 3850 p.
1664 3784 1703 3835 92
1721 3796 1755 3835 er
1766 3780 1907 3836 veteribus

217 3864 331 3937 aliquod
345 3862 486 3929 substitui,
504 3863 571 3934 quia
588 3862 815 3935 distinguendum
834 3865 906 3921 inter
924 3872 1048 3936 recepta·
1076 3868 1254 3941 produximus
1265 3867 1337 3923 hanc
1351 3865 1524 3938 allegoriam:
1539 3865 1906 3922 Linteamineetsudarium

218 3951 311 4008 culum
328 3950 497 4006 ordinarium
522 3966 557 4004 ac
576 3966 730 4019 commune,
748 3967 782 4005 ac
799 3951 1047 4008 extraordinarium
1079 3956 1206 4010 Christus
1235 3970 1382 4026 resurgens
1405 3954 1435 4008 in
1453 3956 1630 4008 monumento
1654 3951 1765 4024 reliquit
1782 3951 1846 4009 Joh.
1864 3959 1907 4019 20,

217 4045 246 4094 et
265 4037 414 4109 singulare
451 4034 689 4100 Quemadmodum
706 4052 739 4091 er
756 4037 888 4107 peculiari
910 4042 938 4094 et
955 4044 1047 4093 extra-
1077 4061 1103 4099 v.
1122 4050 1145 4099 6.
1164 4048 1193 4099 et
1217 4049 1240 4097 t.
1265 4041 1332 4113 quia
1361 4041 1397 4095 ad
1421 4040 1603 4095 immortalem
1625 4038 1711 4093 vitam
1735 4038 1905 4112 resurgebat,

217 4124 357 4180 ordinaria
374 4123 483 4177 illorum
499 4121 641 4177 hominum
660 4123 697 4177 ed
716 4123 788 4178 hanc
805 4123 891 4178 uitam
903 4125 1048 4180 resuscita·
1077 4129 1107 4184 in
1131 4146 1187 4201 qua
1214 4128 1307 4183 nullus
1325 4127 1549 4183 vestimentorum
1568 4142 1647 4193 nsus;
1679 4125 1727 4180 sed
1745 4125 1906 4182 Leumuss

217 4211 292 4267 tione
315 4209 411 4266 inferri
433 4208 545 4279 nequit,
577 4208 646 4264 alios
669 4208 753 4264 etiam
779 4209 903 4266 homiues
920 4211 957 4265 ad
976 4212 1048 4267 hauc
1077 4216 1193 4270 mortuis
1209 4214 1344 4271 excitatns
1364 4213 1446 4269 affert
1466 4230 1560 4269 secum
1578 4217 1695 4284 κυρίας,
1720 4213 1837 4279 fascias
1863 4230 1905 4267 se·

220 4297 307 4353 vitam
323 4298 421 4353 eodem
438 4295 519 4350 modo
538 4294 723 4364 revocandos,
752 4295 793 4351 ite
810 4312 844 4351 ex
869 4297 1002 4367 peculiari
1022 4305 1050 4354 et
1076 4302 1230 4373 pateruios,
1258 4309 1284 4355 ot
1311 4300 1459 4355 mdarium
1479 4298 1543 4355 Joh.
1567 4305 1612 4368 ll,
1641 4315 1669 4352 v.
1687 4305 1728 4356 44.
1746 4299 1813 4370 quia
1830 4316 1904 4356 resu-

218 4383 435 4441 extraordinario
463 4383 617 4438 animarum
646 4380 757 4437 illarum
783 4383 957 4454 receptaculo
985 4401 1048 4440 con-
1077 4387 1230 4444 scitabatur
1254 4387 1289 4441 ad
1315 4386 1386 4440 hanc
1415 4386 1559 4440 mortalem
1585 4385 1686 4456 vitam,
1715 4402 1749 4440 ao
1775 4392 1834 4441 erat
1850 4386 1904 4457 ipsi

217 4470 292 4526 cludi
324 4469 435 4541 nequit,
466 4468 582 4524 eliorum
612 4467 697 4523 etiem
724 4468 866 4523 hominum
886 4469 992 4527 animas
1019 4471 1048 4527 iu
1076 4475 1167 4530 denno
1190 4472 1371 4529 moriendum.
1418 4478 1442 4527 4.
1465 4470 1547 4538 Quod
1571 4488 1636 4527 vero
1656 4472 1687 4526 τὸ
1713 4470 1784 4526 διότι
1809 4475 1856 4526 aut
1872 4471 1903 4527 ri

216 4556 307 4613 locum
330 4555 468 4627 quendam
497 4554 691 4611 intermedium
714 4560 918 4626 postmortem
944 4556 1048 4628 colligi.
1075 4564 1132 4624 πῶς
1151 4559 1299 4624 concernit,
1317 4575 1373 4629 quo
1386 4558 1493 4614 scilicet
1509 4558 1539 4612 in
1558 4560 1614 4614 ποῦ
1631 4563 1788 4615 asservatae
1801 4558 1905 4616 fuerint

216 4643 308 4698 Lucas
328 4641 463 4697 Osiander
478 4641 508 4696 in
527 4658 623 4698 comm.
644 4647 668 4697 l.
680 4640 753 4697 Petr.
774 4646 798 4696 3.
816 4641 921 4711 statuit,
938 4644 1049 4698 quimus
1074 4648 1299 4704 resuscitatorum
1312 4645 1426 4700 istorum
1435 4645 1552 4712 animae,
1564 4646 1748 4717 antequamiu
1756 4645 1904 4715 pristinum

217 4746 330 4798 eorm,
366 4728 416 4797 qui
449 4735 506 4781 tum
545 4731 654 4783 demum
687 4729 888 4797 poeaitentiam
925 4738 1048 4802 eperunt,
1074 4733 1196 4806 corporis
1214 4732 1384 4788 domicilium
1401 4731 1611 4800 reducerentur,
1627 4750 1664 4787 en
1686 4748 1740 4787 uon
1755 4731 1859 4788 fusum
1875 4733 2001 4788 inrui:

216 4816 332 4887 meando
350 4830 441 4883 aqrsas
459 4810 563 4868 diluuii
580 4815 711 4884 inquirere
741 4832 776 4869 ao
801 4815 856 4869 sihi
873 4815 1048 4871 moriendum
1074 4819 1181 4876 meliori
1207 4825 1282 4874 statu
1308 4824 1385 4875 extra
1410 4833 1510 4889 corpus
1539 4835 1623 4891 quam
1648 4819 1677 4872 in
1706 4833 1833 4887 corpore,
1868 4834 1905 4873 an

217 4918 276 4956 esse
302 4901 446 4966 uiderunt,
474 4917 530 4954 uon
553 4900 648 4954 statim
669 4902 701 4955 irs
727 4909 903 4972 scrupeorum
929 4904 1051 4960 Domini
1074 4905 1183 4978 pristini
1200 4910 1289 4961 status
1305 4906 1349 4960 sui
1366 4904 1503 4960 socordem
1515 4903 1665 4976 potuerint,
1681 4919 1783 4971 necne,
1803 4904 1905 4976 quibus

218 4989 311 5053 frsisse
328 4987 485 5056 dminus,
511 4990 562 5042 ssd
580 4988 686 5042 albati
703 4997 838 5058 tanquam
856 4990 887 5044 irs
911 4991 1049 5060 amosis,
1076 5010 1109 5050 ex
1130 4991 1222 5049 causis
1235 5008 1324 5063 quove
1337 4990 1451 5048 consilio
1463 4991 1579 5048 iteratae
1591 4989 1673 5044 morti
1689 4988 1766 5045 Deus
1779 4990 1904 5046 homines

220 5075 294 5128 citra
310 5081 403 5128 tamer
421 5073 702 5144 mcimum,fuiase
719 5077 861 5145 Martae,
878 5080 1048 5145 usquedum
1074 5079 1136 5135 illos
1166 5078 1303 5150 subjicere
1330 5077 1461 5148 voluerit,
1491 5097 1558 5134 num
1585 5082 1702 5133 mortem
1725 5076 1837 5149 proprie
1862 5077 1904 5133 sic

218 5159 348 5216 Christus
362 5166 431 5230 post
448 5177 529 5215 suam
547 5160 709 5233 passiacum
728 5178 763 5216 ao
778 5168 895 5217 morum
918 5163 980 5219 eliis
999 5182 1049 5218 ars·
1075 5165 1192 5235 dictam,
1223 5181 1260 5220 an
1276 5182 1342 5222 vero
1359 5164 1466 5236 aliquid
1484 5161 1624 5234 irritares
1650 5162 1747 5230 morti,
1777 5163 1904 5219 immuta-

219 5249 371 5315 sumturus,
391 5249 469 5318 quod
485 5248 516 5302 io
535 5247 660 5318 qratiam
679 5266 699 5303 a
717 5249 806 5303 Patre
825 5249 939 5305 coelesti
961 5259 1049 5307 essent
1074 5252 1176 5309 tionem
1195 5252 1309 5324 scilicet,
1327 5253 1462 5310 duntaxat
1477 5251 1629 5316 subierint,
1647 5250 1677 5305 in
1697 5250 1741 5305 his
1760 5255 1789 5306 et
1811 5250 1905 5305 simili·

219 5334 337 5405 recepti,
370 5350 472 5406 easque
497 5335 608 5390 artiores
626 5333 656 5388 irs
671 5335 841 5403 paradisum
869 5339 1048 5403 transferret.
1075 5341 1127 5396 bus
1152 5344 1276 5410 praestet
1301 5346 1411 5395 cauum
1442 5337 1564 5411 profiteri
1592 5335 1792 5408 ignorantiam,
1820 5353 1905 5407 quam

218 5420 306 5478 Nemo
332 5426 426 5477 tamm
446 5437 480 5476 ex
497 5421 551 5476 hec
568 5420 679 5492 private
702 5419 832 5491 opinione
849 5420 979 5479 Osiandri
995 5425 1050 5481 col·
1075 5425 1249 5482 temerariam
1267 5425 1411 5482 venditare
1431 5424 1582 5482 scientiam.
1624 5423 1728 5495 Ecquis
1747 5422 1820 5478 enim
1846 5423 1905 5480 sinc

218 5506 305 5579 ligere
321 5513 421 5579 potest,
440 5507 516 5579 quod
534 5507 579 5563 rel
596 5507 788 5579 purgatorium
799 5507 985 5576 Pontificium,
1003 5511 1049 5568 vel
1059 5538 1064 5580 t
1076 5518 1298 5588 παραπρεσβείας
1318 5511 1474 5587 suspicione
1492 5508 1522 5565 iu
1540 5508 1750 5567 erbaordiuarii
1768 5516 1798 5566 ct
1822 5508 1905 5567 mira·
