4104 6014
238 308 298 368 ate
827 299 950 361 LOCUS
968 294 1170 360 VIOESIMUS
1190 299 1336 364 SEXTUS

237 465 269 512 ut
285 457 415 527 honores,
440 474 509 528 quos
528 458 592 513 olim
613 452 730 530 gentiles
748 455 801 512 diis
821 458 878 512 suis
898 456 1067 526 detulerunt,
1095 463 1121 508 et
1146 475 1215 528 pop.
1244 461 1333 530 Hipp.
1378 460 1434 515 His
1460 459 1593 533 accedat,
1628 460 1706 534 quod
1735 458 1790 514 etsi
1813 458 1932 529 quidam

236 544 318 598 etiam
347 544 515 615 martyribus
540 545 569 599 in
598 545 715 600 ecclesia
740 545 842 600 inerint
868 544 960 600 oblati.
996 544 1068 599 scos
1094 545 1186 597 sanct
1206 545 1303 616 aliquo
1329 563 1429 617 penae
1452 550 1655 602 miraculorum
1675 550 1815 602 interdum
1835 544 1931 613 macie

238 638 373 694 mortuos,
401 630 505 702 inquit,
534 633 674 684 Dominus
692 633 773 684 Deus
794 639 888 685 nonar
913 631 1067 700 intemplo
1094 628 1202 683 clarent
1231 649 1313 701 quarm
1331 633 1397 704 alii,
1432 642 1525 688 tamen
1544 636 1579 688 ab
1597 635 1723 688 omnibus
1740 632 1835 688 omnia
1852 631 1930 702 peti-

233 734 289 786 pro
317 716 374 770 diis
399 719 500 771 cenric
525 719 680 771 introduxit
703 736 737 771 ac
757 717 824 772 illos
842 718 955 787 quidem
971 733 1067 770 cassos
1094 726 1376 787 mancaepammus
1395 721 1431 773 ab
1449 739 1505 774 uno
1526 722 1569 775 ito
1587 740 1672 774 unum
1689 737 1747 774 ease
1769 718 1931 788 petendum,

237 804 332 872 qloru'a
359 821 499 873 canosque
528 805 671 873 reddidit,
701 805 760 858 mis
784 813 876 858 autem
900 803 1067 872 martyribus
1093 812 1124 857 ut
1144 822 1200 858 non
1225 807 1306 860 ctiam
1326 808 1511 861 euistimemus
1530 809 1648 863 alterius
1665 806 1866 861 intercessione
1883 803 1931 858 ab·

236 890 368 944 bonorem
395 891 511 944 illorum
537 888 623 944 dedit.
659 886 720 945 Pro
747 891 871 944 Pandiis
898 891 969 943 enim
994 890 1066 944 Dia·
1093 891 1179 944 tineri
1191 908 1285 960 posse.
1317 891 1543 964 Respondemus:
1565 900 1587 949 l.
1607 894 1678 949 baec
1695 892 1810 949 assertio
1823 889 1930 945 Bellar-

236 977 342 1046 siisque
359 994 393 1029 oc
411 976 567 1045 Dionysiis,
584 976 636 1030 boc
653 984 694 1030 est
710 978 792 1031 Joois
808 977 957 1045 liberique
971 975 1068 1045 putris
1094 976 1189 1045 mini„
1208 980 1284 1047 quod
1307 980 1342 1031 ob
1360 980 1483 1033 omnibus
1503 981 1609 1033 sanctis
1630 981 1723 1034 omnio
1741 985 1852 1049 petant,
1880 976 1929 1031 ad-

236 1063 456 1132 solennitatibus,
474 1064 568 1132 Petro,
585 1063 687 1131 Paulo,
709 1063 840 1127 Tbomoc,
860 1063 968 1131 Serqio,
985 1061 1068 1113 Mar·
1094 1070 1219 1117 versatur
1230 1065 1309 1134 praxi
1322 1065 1350 1118 in
1364 1073 1469 1136 papatu
1485 1065 1595 1137 publice
1606 1073 1742 1137 receptae.
1779 1069 1804 1120 2.
1820 1061 1928 1117 Eadem

237 1150 318 1214 cello,
345 1151 470 1217 Leontio,
490 1150 642 1215 Antonino,
663 1149 805 1203 Mauritio
824 1149 945 1217 aliisqrse
963 1147 1068 1200 sanctis
1094 1148 1257 1204 adversatur
1268 1149 1389 1219 Gustare,
1407 1152 1494 1222 quiin
1514 1151 1646 1207 enchirid.
1660 1169 1726 1222 pag.
1738 1155 1797 1206 413.
1810 1148 1925 1203 scribit:

236 1235 407 1303 martyribus
430 1236 612 1290 solennitates
629 1235 768 1307 populari
785 1235 866 1305 epulo
880 1242 1067 1305 peraqumm.
1096 1235 1160 1288 Non
1178 1237 1330 1290 aduersari
1344 1238 1420 1305 fidei,
1438 1238 1465 1290 si
1481 1239 1586 1292 sanctis
1603 1239 1713 1291 beatam
1732 1255 1793 1290 cum
1814 1234 1927 1288 meato

237 1321 314 1376 Idam
344 1339 403 1377 esse
433 1322 538 1377 iactum
568 1321 695 1393 agnoscit
722 1321 906 1376 Bellarminus
934 1318 969 1374 de
993 1318 1068 1374 beat.
1096 1323 1124 1374 in
1148 1323 1226 1376 coelo
1250 1323 1335 1377 ortam
1359 1325 1520 1393 (tepentibus
1544 1333 1569 1378 et
1589 1325 1657 1378 boec
1675 1324 1819 1394 inferiora
1836 1319 1930 1375 adm·

237 1416 355 1464 sanctor.
379 1425 439 1479 cap.
464 1414 506 1464 20.
536 1426 607 1480 resp.
637 1409 674 1463 ad
700 1413 724 1464 2.
757 1408 796 1462 sic
819 1407 954 1462 scribens:
988 1406 1069 1470 Quod
1095 1408 1280 1462 nistrantibua
1302 1426 1361 1478 pro
1387 1411 1549 1465 diuersitate
1570 1412 1732 1465 meritorum
1750 1410 1865 1462 dicem
1885 1406 1931 1460 cel

237 1494 343 1564 templa
367 1495 509 1549 idolorum
536 1495 604 1549 olim
628 1511 762 1548 conuersa
788 1494 844 1547 sint
875 1493 905 1546 in
934 1492 1068 1546 basilicas
1095 1494 1159 1548 loca
1181 1498 1375 1550 commendato
1401 1496 1546 1561 dieantur,
1574 1497 1618 1552 ael
1641 1500 1718 1550 dona
1737 1498 1778 1549 od
1796 1495 1929 1562 fidelium

238 1589 392 1649 martyrum
422 1589 448 1635 et
476 1581 598 1635 aliorum
626 1589 800 1648 sanctorum,
831 1588 933 1633 certum
964 1587 1005 1632 est
1037 1593 1069 1630 ex
1096 1578 1321 1635 Christianorum
1349 1583 1494 1637 auxilium.
1550 1588 1573 1638 3.
1605 1580 1789 1638 Bellarminus
1818 1586 1929 1634 contn-

242 1667 416 1721 Yleodoreto
435 1667 483 1720 lib.
502 1671 524 1722 8.
550 1671 586 1722 de
605 1667 784 1736 martyribus,
809 1673 836 1720 et
852 1667 945 1720 adbuc
963 1666 1069 1719 Romae
1096 1665 1164 1720 dicit
1182 1666 1234 1721 sibi
1258 1667 1318 1737 ipsi.
1357 1667 1451 1723 Primo
1469 1670 1540 1723 enim
1558 1668 1663 1737 scribit,
1683 1670 1776 1721 Deum
1789 1683 1884 1737 posse,
1902 1665 1932 1719 si

237 1754 349 1807 videtur
384 1754 516 1823 templum
552 1755 673 1808 omnium
701 1755 817 1808 deorum
847 1769 1008 1806 conuersum
1038 1751 1069 1803 in
1094 1753 1225 1818 voluerit,
1239 1773 1293 1826 per
1311 1756 1457 1824 moendibet
1476 1763 1636 1809 sanctorum
1654 1755 1748 1807 omnio
1768 1755 1929 1816 concedere,

239 1841 372 1911 templum
397 1843 519 1894 omnium
540 1849 699 1896 sardorum
726 1848 753 1893 et
780 1839 911 1909 templum
944 1836 1070 1892 Castoris
1096 1838 1144 1893 ubi
1173 1840 1289 1910 opponit
1318 1841 1370 1896 Dei
1395 1841 1564 1895 voluntatem
1591 1856 1624 1895 ac
1650 1846 1834 1911 potestatem,
1863 1854 1930 1893 con·

239 1935 265 1981 et
292 1927 420 1981 Pollucis
446 1929 475 1981 in
502 1928 632 1999 templum
661 1929 778 1983 Cosmus
803 1935 830 1980 et
857 1924 1013 1994 Damioni,·
1045 1931 1070 1976 ct
1096 1925 1421 1999 cedens,poseequidem
1435 1927 1525 1982 Deum
1540 1945 1590 1999 per
1603 1927 1754 1999 quemlibet
1765 1933 1926 1981 sanctornm

240 2011 399 2082 Greqorius
418 2012 465 2069 lib.
485 2016 512 2070 2.
531 2014 672 2082 dialoqor.
690 2031 753 2084 cap.
775 2017 798 2070 8.
814 2013 919 2081 scribit,
936 2031 953 2065 a
973 2009 1003 2065 S.
1016 2011 1070 2063 Be·
1096 2013 1190 2067 omnia
1205 2015 1365 2081 concedere,
1383 2031 1488 2085 negans
1508 2014 1625 2082 interim,
1642 2014 1710 2069 illud
1728 2013 1819 2084 ipsum
1836 2013 1909 2066 celle
1917 2032 1931 2078 ,·

237 2099 349 2153 aedicto
374 2117 535 2154 contusum
553 2102 650 2168 fuisse
668 2101 776 2167 fanum
795 2097 941 2168 Apollinis
958 2098 988 2150 in
1006 2112 1070 2148 ora·
1097 2117 1160 2155 mox
1178 2117 1243 2156 vero
1260 2101 1413 2172 subjungit,
1444 2102 1480 2153 ob
1500 2102 1624 2154 omnibus
1643 2100 1748 2153 sanctis
1766 2102 1860 2153 omnia
1876 2115 1928 2171 pe·

239 2188 341 2241 lorium
369 2188 461 2241 tancti
486 2187 613 2242 Martini
639 2193 689 2241 etc.
727 2184 842 2257 Regerit
869 2183 980 2255 quidem
1005 2181 1071 2236 ibid.
1097 2189 1194 2253 timus,
1225 2205 1276 2241 nac
1299 2197 1445 2257 putansa,
1479 2188 1519 2240 ita
1546 2188 1582 2240 ab
1610 2205 1666 2241 uno
1688 2189 1840 2257 petendum
1868 2202 1930 2239 esse

239 2291 309 2345 resp.
335 2275 380 2328 ad.
409 2281 432 2330 t.
460 2290 565 2343 argum.
596 2272 799 2325 Tbeodoretum
831 2271 991 2338 siqnificare
1024 2286 1070 2322 vo·
1096 2293 1197 2342 unum,
1220 2282 1251 2327 ut
1274 2292 1329 2328 non
1347 2276 1430 2328 etiam
1449 2274 1641 2341 existimemus,
1659 2273 1778 2327 nimrim
1797 2277 1930 2326 interces-

237 2363 338 2425 ransc,
367 2361 489 2430 oloriam
514 2360 631 2412 cenom
659 2373 717 2411 aar
744 2357 914 2410 crameriam
941 2355 970 2408 in
996 2372 1070 2407 nar·
1096 2363 1173 2415 sone
1198 2360 1319 2416 attinnt
1340 2377 1431 2430 posse.
1468 2360 1555 2431 Atqui
1574 2360 1597 2413 si
1614 2359 1692 2414 Deus
1710 2375 1764 2413 non
1783 2359 1843 2412 vult
1858 2358 1928 2412 dare

237 2456 328 2516 tutet,
355 2447 423 2516 auia
446 2446 551 2515 templa
579 2453 605 2498 εἰ
623 2447 701 2509 ίθθία
719 2446 834 2498 deorum
855 2459 988 2496 converte
1006 2450 1069 2495 tvai
1096 2447 1189 2503 omnia
1211 2465 1261 2519 per
1287 2447 1438 2519 quemlibet
1456 2454 1594 2516 sanctum,
1619 2463 1674 2502 uon
1696 2445 1799 2500 debent
1817 2444 1853 2500 ab
1872 2462 1930 2499 om-

238 2537 267 2589 in
298 2534 403 2603 templa
431 2541 456 2586 et
480 2536 556 2598 setta
580 2540 749 2600 martyrum,
776 2532 828 2584 ted
851 2538 943 2583 lamen
967 2546 1068 2592 emm,
1096 2535 1178 2589 nibus
1196 2535 1288 2589 omnia
1307 2535 1376 2604 peti,
1405 2541 1433 2590 et
1452 2534 1571 2589 vicissim
1589 2533 1612 2587 si
1632 2533 1724 2587 omnia
1741 2531 1777 2587 ab
1797 2532 1929 2586 omuibus

238 2639 307 2690 quos
333 2620 432 2687 reliqio
456 2635 524 2672 cero
545 2619 699 2688 permittit,
727 2625 758 2670 ut
783 2625 921 2686 martyres
938 2634 993 2670 non
1013 2632 1069 2684 pro
1096 2627 1171 2676 recte
1196 2625 1336 2691 petuntur,
1355 2638 1420 2691 ergo
1439 2619 1523 2675 etiam
1534 2620 1610 2675 Deus
1631 2619 1693 2674 vult
1710 2636 1761 2690 per
1778 2617 1932 2690 quemlibet

238 2707 296 2761 diis
320 2706 484 2774 babeamus,
511 2705 585 2758 deul
609 2704 656 2758 tili
682 2704 820 2758 habebant
844 2703 943 2756 Jovem
972 2710 997 2756 tl
1022 2702 1070 2755 ῙᾸ·
1096 2714 1221 2763 sanctum
1241 2706 1308 2762 dare
1327 2709 1426 2772 omnia,
1446 2707 1515 2761 alias
1532 2706 1604 2760 enirn
1623 2711 1792 2777 sequeretur,
1817 2704 1931 2758 invoca·

238 2796 333 2847 berum
350 2801 377 2845 ct
395 2791 476 2857 alios,
497 2793 549 2844 sed
562 2808 618 2861 pro
637 2791 707 2844 ciris
726 2790 832 2844 sanctis
848 2798 875 2843 et
890 2790 990 2842 amicis
1003 2787 1069 2849 Dei,
1096 2795 1198 2850 tionem
1223 2794 1314 2859 illam,
1343 2810 1399 2865 qun
1424 2793 1460 2847 ab
1483 2793 1610 2847 omnibus
1638 2793 1740 2846 sanctia
1766 2792 1858 2846 omnia
1881 2806 1930 2861 pe-

239 2881 288 2950 qn·
304 2897 356 2934 nos
376 2878 518 2948 eaemplie,
536 2878 642 2931 mentia
660 2885 685 2930 tt
700 2878 833 2947 precibus
850 2877 908 2929 tuit
915 2876 1069 2946 plurimum
1097 2887 1209 2949 tantur,
1239 2880 1348 2934 divinae
1377 2878 1512 2935 voluntati
1538 2886 1567 2933 et
1592 2877 1760 2933 ordinationi
1780 2877 1930 2932 adversari.

232 2969 342 3037 juvant.
379 2965 466 3037 Atqui
491 2964 596 3036 templa
621 2971 649 3018 et
676 2965 748 3018 testa
775 2964 886 3018 deorum
911 2980 966 3016 non
987 2959 1068 3016 debe·
1098 2975 1121 3024 4.
1153 2967 1318 3022 invertimus
1350 2966 1435 3037 igitur
1464 2965 1623 3020 Bellarmini
1656 2964 1850 3034 exceptionem.
1899 2962 1932 3018 si

238 3053 307 3108 bant
332 3053 454 3108 converti
478 3051 507 3104 in
532 3050 636 3120 templa
661 3056 688 3104 et
710 3049 780 3103 testa
804 3056 972 3119 martyrum,
1001 3048 1068 3118 quia
1097 3048 1183 3109 Deus
1203 3062 1231 3108 ct
1258 3060 1349 3123 potest
1376 3061 1404 3107 et
1429 3052 1488 3106 vult
1511 3070 1561 3118 per
1584 3069 1677 3107 omnes
1702 3058 1811 3106 sanctos
1835 3048 1932 3104 omnia

239 3140 489 3193 onatlsernotisatur
516 3138 552 3190 ab
582 3136 714 3203 ecclesia,
746 3136 796 3204 qui
822 3136 953 3204 ternplum
981 3135 1071 3187 alicui
1098 3141 1179 3209 dare,
1208 3140 1305 3211 utique
1330 3139 1412 3194 etiam
1433 3155 1489 3193 non
1507 3145 1571 3193 sunt
1590 3138 1741 3209 peculiaria
1758 3135 1894 3192 beneficia
1911 3152 1931 3190 a

238 3236 334 3282 sancto
359 3225 460 3296 anselo
482 3225 572 3289 feeit,
596 3230 666 3277 teste
684 3222 843 3293 Augustino
862 3220 910 3275 lib·
934 3226 955 3275 1-
974 3228 1070 3274 contra
1098 3228 1180 3282 certis
1199 3227 1301 3281 sanctis
1313 3224 1443 3297 petenda,
1465 3242 1515 3278 nec
1531 3224 1688 3279 distributio
1700 3224 1749 3277 illa
1760 3228 1930 3292 sanctornm,

238 3314 347 3369 Maxim.
379 3329 441 3383 cap.
477 3317 516 3367 ll.
552 3309 673 3381 quinimo
705 3309 765 3378 ipse
798 3307 982 3362 Bellarminns
1021 3306 1069 3360 lib.
1099 3331 1154 3385 qua
1185 3313 1268 3368 certis
1301 3313 1448 3384 provinciis
1483 3310 1687 3383 gubernandis,
1734 3309 1815 3364 certis
1849 3308 1932 3364 malis

239 3401 326 3473 ejusd.
345 3417 405 3471 cap.
422 3405 462 3454 12.
482 3398 555 3453 hunc
573 3397 704 3452 honorem
724 3396 775 3450 soli
787 3395 848 3450 Deo
859 3393 1070 3465 relinquendum
1097 3399 1332 3464 averruncandis‚
1363 3399 1444 3452 certis
1474 3397 1616 3453 beneficiis
1648 3395 1821 3452 conferendis
1851 3412 1932 3466 prae·

240 3505 299 3543 esse
318 3487 452 3558 agnoscit.
492 3486 593 3540 Omnes
606 3485 675 3552 sere
694 3491 773 3536 actus
792 3482 942 3536 mmriores
959 3480 1069 3552 (inquit)
1098 3486 1237 3552 ficiuntur,
1254 3484 1442 3555 approbanda.
1490 3484 1545 3541 Sed
1564 3484 1640 3538 Deus
1659 3488 1751 3553 potest
1768 3500 1818 3552 per
1835 3499 1932 3554 quem-

240 3590 396 3629 communes
412 3580 476 3626 sunt
497 3572 573 3626 omni
588 3570 766 3639 adorationi,
799 3576 910 3638 eccepto
930 3568 1071 3633 sacrificio
1099 3572 1167 3627 libet
1186 3578 1343 3627 sanctorum
1360 3571 1452 3626 omnia
1469 3570 1638 3634 concedere,
1657 3578 1688 3624 nt
1704 3569 1817 3624 totidem
1837 3568 1931 3624 verbis

241 3669 266 3714 et
286 3677 358 3729 quoe
382 3661 424 3713 ad
442 3659 518 3713 illud
534 3659 713 3726 referrentur,
740 3657 863 3727 templis,
890 3655 1029 3710 altaribus
1048 3663 1073 3707 tt
1099 3659 1280 3713 Bellarminus
1307 3660 1413 3714 asserit.
1462 3659 1537 3713 Deus
1563 3663 1644 3712 etiarn
1676 3656 1736 3711 vult
1760 3648 1811 3727 pe'r
1837 3673 1932 3728 quem·

240 3746 448 3814 sacerdotibus,
478 3745 566 3800 velerit
592 3745 664 3798 enim
692 3745 771 3798 Deus
798 3742 870 3796 bunc
896 3743 999 3796 wdum
1027 3759 1072 3794 aa·
1100 3745 1168 3799 libet
1187 3754 1343 3799 sanctorum
1364 3744 1639 3808 omniaconcedere,
1658 3742 1798 3798 aliusnon
1819 3749 1941 3819 possent⁴

240 3835 342 3898 crificii
366 3833 421 3887 sibi
444 3833 501 3886 soli
525 3832 654 3886 exbiberi.
693 3829 819 3885 Observa
844 3834 950 3898 autem,
975 3828 1073 3884 merito
1099 3831 1145 3903 pie
1168 3831 1260 3884 omnia
1277 3830 1313 3884 ab
1333 3829 1459 3884 omnibus
1480 3830 1550 3899 peti,
1577 3828 1650 3901 quod
1668 3836 1759 3883 tamen
1780 3835 1853 3883 recte
1871 3827 1932 3883 fieri

241 3920 370 3989 dubitari,
389 3938 425 3974 an
443 3919 507 3974 libri
519 3918 557 3972 iili
573 3919 607 3973 dc
619 3918 748 3972 curandis
764 3917 934 3972 Graecorum
949 3915 1073 3969 affectio·
1101 3917 1285 3973 Bellarminus
1309 3915 1415 3972 asserit.
1456 3917 1530 3986 Ergo
1553 3931 1607 3969 non
1632 3920 1697 3969 sunt
1713 3914 1866 3986 peculiaria
1885 3913 1933 3970 be·

238 4008 321 4062 nibus
340 4008 396 4061 sint
414 4005 596 4068 Theodorei,
623 4005 691 4074 quia
709 4019 809 4073 scopus
828 4002 947 4056 auctoris
966 4001 995 4055 in
1012 4001 1073 4056 loco
1100 4002 1199 4058 nefieia
1225 4019 1242 4057 a
1268 4002 1350 4056 certis
1374 4001 1477 4055 sanctis
1502 4001 1631 4072 petenda.
1677 4007 1701 4058 5.
1724 3999 1769 4055 De
1791 4001 1934 4055 voluntate

212 4162 216 4170 Ι
241 4095 361 4165 allegato
391 4101 434 4148 est
462 4092 665 4160 demonstrare,
702 4088 874 4144 Christianos
904 4086 1071 4158 martyribus
1101 4091 1153 4146 Dei
1174 4091 1305 4145 uniceex
1324 4088 1580 4160 scripturaram,
1600 4086 1932 4159 quippsqnaedivinam

241 4182 297 4235 snis
320 4182 363 4236 vel
387 4180 505 4236 eundem
532 4179 576 4234 vel
600 4178 683 4234 etiam
709 4177 841 4246 majorem
865 4174 996 4229 honorem
1022 4173 1068 4227 de·
1101 4176 1313 4247 patefactionem
1340 4175 1477 4239 continet,
1509 4174 1589 4229 nobis
1617 4174 1685 4228 certi
1714 4173 1781 4245 quid
1806 4179 1933 4228 constare

242 4268 323 4336 ferre,
343 4283 426 4339 quam
444 4265 562 4337 gentiles
574 4265 626 4319 diis
641 4264 705 4320 suis.
738 4262 778 4317 At
788 4261 840 4317 hoc
853 4261 958 4315 directe
968 4266 1076 4330 pugnat
1101 4269 1200 4334 potest,
1238 4263 1302 4317 ,lam
1326 4279 1392 4316 vero
1417 4262 1445 4314 in
1465 4261 1613 4331 Scripturis
1637 4260 1724 4315 altum
1751 4267 1793 4314 est
1819 4259 1933 4315 dehac

243 4371 305 4408 cum
332 4354 401 4424 illis,
433 4369 505 4425 quaa
534 4352 569 4407 de
601 4350 838 4422 iyyrlotpqaartq
871 4346 957 4402 habet
984 4347 1076 4401 Theo·
1101 4351 1154 4404 Dei
1172 4349 1313 4403 voluntate
1331 4348 1486 4416 silentium,
1505 4347 1578 4418 quod
1597 4347 1664 4401 velit
1681 4364 1699 4401 a
1717 4346 1852 4400 distinctis
1871 4362 1933 4401 sau·

242 4440 353 4496 doretus
378 4441 406 4494 in
432 4456 529 4494 comm.
553 4437 657 4493 Coloss.
679 4442 703 4492 2.
724 4436 871 4490 Praeterea
893 4434 921 4487 in
949 4433 1075 4504 catalogo
1102 4436 1153 4490 ctis
1186 4436 1318 4490 distincta
1348 4433 1483 4488 beneficia
1509 4451 1558 4503 per
1583 4449 1679 4503 preces
1703 4433 1844 4502 postulari.
1885 4433 1932 4488 Ad

241 4544 355 4597 opernm
378 4525 544 4581 Theodoreti
569 4524 645 4596 apud
663 4521 850 4593 Nicephorum
876 4520 923 4574 lib.
945 4525 983 4576 tr.
1011 4519 1075 4575 hist.
1102 4523 1235 4577 miracula
1263 4523 1410 4592 coningere
1440 4537 1494 4574 non
1524 4527 1654 4590 possunt,
1681 4519 1748 4591 qnia
1776 4518 1934 4573 distributio

242 4614 338 4669 eccles.
359 4631 420 4684 cap.
437 4620 478 4669 54.
498 4631 553 4667 non
573 4617 768 4676 memorantur,
784 4624 836 4663 nec
856 4607 930 4678 apud
944 4605 1074 4662 Photium
1102 4609 1149 4663 illa
1167 4617 1324 4664 sanctorum
1341 4625 1395 4660 non
1415 4623 1522 4675 semper
1539 4605 1637 4659 nititur
1655 4604 1793 4659 miraculis
1807 4623 1856 4675 per
1872 4605 1935 4660 illos

242 4700 271 4753 in
291 4698 467 4767 bibliotheca,
485 4698 533 4770 qui
551 4695 677 4768 pluribus
695 4695 763 4751 locis
780 4711 814 4750 ea
828 4699 959 4749 recenset.
1102 4701 1213 4749 sanctos
1230 4693 1320 4761 factis,
1337 4693 1386 4746 sed
1406 4691 1546 4746 hominum
1566 4691 1815 4761 superstitiosorum
1830 4690 1935 4761 opinia-

92 4807 170 4849 xvlll.
183 4805 227 4849 lta
278 4792 337 4842 tta.
368 4785 480 4855 Excipit
506 4783 704 4852 Bellarminus,
731 4784 824 4836 Deum
846 4798 946 4850 posse,
978 4780 1006 4832 si
1030 4797 1075 4831 oo·
1102 4779 1198 4845 nibus,
1224 4797 1257 4834 ac
1281 4780 1303 4833 si
1329 4779 1373 4833 vel
1391 4779 1507 4832 maxime
1527 4777 1668 4841 niteretur,
1696 4777 1817 4831 noudum
1841 4783 1935 4833 tamen

243 4873 341 4943 licerit,
373 4889 429 4942 per
454 4870 602 4940 quemlibet
625 4877 785 4922 sanctorum
808 4868 903 4921 omnia
927 4868 1078 4920 concedere
1104 4867 1217 4922 deberet
1234 4867 1391 4937 approbari.
1427 4864 1562 4919 Miracula
1582 4865 1654 4919 enim
1673 4864 1785 4918 illauou
1800 4862 1871 4918 fiunt
1884 4864 1936 4918 boc

243 4969 269 5014 ct
287 4961 347 5013 sine
366 4959 473 5012 sanctis
493 4957 577 5012 etiam
597 4957 686 5010 rnulm
703 4955 747 5009 uel
766 4954 861 5008 omnio
880 4955 961 5021 darc,
991 4954 1077 5007 inter·
1103 4953 1172 5022 fine,
1197 4960 1228 5007 ut
1246 4952 1404 5007 stabiliatur
1422 4957 1576 5005 sanctorum
1596 4950 1748 5018 invocatio,
1770 4948 1817 5004 sed
1837 4955 1869 5003 ut
1888 4950 1935 5005 do-

243 5049 309 5101 dum
337 5054 433 5099 tamen
461 5043 531 5098 selle
562 5044 645 5095 unius
679 5041 876 5095 intercessione
907 5039 1075 5093 miraculum
1104 5040 1193 5094 ctrina
1219 5039 1341 5110 ipsarum
1369 5036 1559 5104 confirmetur,
1584 5041 1615 5090 ut
1633 5035 1714 5090 etiam
1733 5035 1859 5106 superius
1878 5050 1935 5089 mo·

243 5133 364 5204 aliquod
388 5129 518 5200 operari,
544 5128 628 5182 aliud
649 5145 714 5182 uero
739 5127 936 5180 intercessione
957 5125 1077 5179 uberius
1103 5128 1220 5182 nuimns.
1261 5133 1284 5184 6.
1309 5126 1485 5197 Augustinus
1503 5126 1538 5179 in‘
1551 5125 1612 5178 loco
1630 5123 1749 5194 allegato
1767 5122 1836 5176 nibil
1855 5123 1935 5193 quid·

244 5221 369 5292 operari.
410 5218 477 5281 Quis
491 5224 583 5269 autem
602 5216 677 5268 nouit
695 5215 842 5268 consilium
860 5214 927 5276 Dei,
947 5219 996 5265 out
1014 5213 1076 5280 quis
1105 5231 1187 5284 quam
1207 5211 1293 5268 habet
1313 5213 1348 5265 de
1360 5212 1533 5266 invocatione
1547 5210 1595 5264 illa
1609 5216 1774 5273 sanctornm,
1792 5225 1842 5278 per
1852 5225 1935 5279 quam

244 5309 270 5360 ei
296 5307 390 5360 dicere
413 5311 523 5374 potest,
551 5320 600 5356 cur
627 5301 668 5353 ita
697 5302 796 5363 facis!
825 5300 896 5353 sicut
921 5299 1003 5352 etiam
1024 5314 1077 5366 per
1103 5316 1121 5353 a
1141 5299 1278 5354 distinctis
1297 5297 1399 5352 sanctis
1420 5297 1552 5350 distincta
1570 5301 1701 5366 petuntur
1720 5294 1867 5362 beneficia,
1886 5294 1936 5349 sed

243 5412 328 5445 unum
349 5400 482 5461 operatur
495 5392 575 5444 Deus
594 5387 681 5442 multo
701 5386 841 5440 miraculo
854 5394 942 5455 ceper
955 5385 1077 5439 ultumam
1103 5386 1163 5458 agit
1181 5387 1215 5440 de
1233 5383 1379 5450 miraculis,
1395 5399 1466 5455 quae
1484 5382 1532 5436 illo
1550 5390 1673 5452 tempore
1694 5382 1934 5452 circamartyrum

242 5482 368 5545 sortasse
381 5468 620 5548 majorenflsullm
637 5475 718 5544 cujus
735 5474 781 5526 rei
796 5491 909 5527 causam
925 5473 985 5542 ipse
998 5472 1076 5526 solus
1104 5472 1230 5544 sepulcra
1248 5470 1307 5526 fieri
1329 5470 1456 5526 solebant
1473 5469 1509 5522 ad
1529 5467 1763 5522 confirmationem
1782 5468 1933 5532 doctrinae,

243 5569 328 5632 nond,
355 5574 385 5620 ut
414 5569 495 5622 docet
517 5562 692 5633 Auqustinus
717 5559 798 5628 epist.
824 5563 883 5616 137.
905 5558 947 5613 od
972 5558 1077 5615 clerum
1102 5576 1154 5631 pro
1178 5574 1234 5630 qua
1256 5562 1371 5612 mortam
1391 5554 1468 5610 obire
1492 5571 1546 5608 non
1570 5552 1681 5611 fueram
1704 5554 1792 5611 venti.
1831 5552 1936 5626 Ubiqrse
