4104 6014
869 312 1078 396 nnuoarn.
1765 323 1826 407 21³

137 505 234 563 preces
252 489 316 547 illae
334 491 447 547 fuerunt
464 497 524 547 tum
540 493 659 563 publiea
669 493 828 547 testimonia
842 493 971 548 debeata
999 503 1025 547 et
1038 504 1124 567 pater
1142 513 1176 550 ac
1194 500 1369 564 moderator,
1397 497 1505 550 orbae
1526 496 1655 566 resume
1674 496 1735 565 ejus
1749 502 1828 565 pots·

135 577 230 650 requie
251 583 280 633 et
298 578 389 634 salute
406 579 453 649 pie
474 578 684 648 detunctorum,
702 586 761 635 tum
782 580 969 633 instituimus
997 589 1096 636 statem
1112 582 1231 657 babens,
1257 602 1273 637 o
1298 590 1460 636 nostrarum
1482 583 1641 636 animarum
1667 582 1774 635 arbiter
1792 599 1826 634 ao

137 673 162 721 et
179 665 387 720 exhortationes
410 667 560 719 uiuentium
583 666 619 720 ad
644 664 710 720 fidoi
739 665 924 722 constantiam
942 670 970 718 et
997 668 1159 736 benefactor
1176 676 1229 724 etc.
1255 670 1364 738 suscipe
1379 685 1481 738 quaeso
1500 685 1574 722 nunc
1593 669 1705 737 quidem
1725 669 1826 722 Caesa·

136 750 264 822 exempla
280 750 414 805 rimutum
439 751 468 805 in
493 750 632 807 defunctis
659 754 800 824 proposita
825 750 968 813 imitanda.
996 756 1077 811 mum.
1113 753 1222 810 Ibidem
1242 761 1335 810 muron
1353 755 1454 810 diserte
1472 754 1562 808 addit:
1584 754 1749 825 sapientum
1766 771 1825 807 uer·

134 843 193 893 tum
212 837 419 892 consolationes
438 837 605 908 lupentium,
619 843 678 893 tum
699 840 906 894 declarationes
924 837 969 906 pii
995 843 1037 896 bis
1054 844 1193 910 adducor,
1208 850 1240 896 ut
1256 845 1379 912 credam,
1395 858 1558 910 qenerosom
1580 858 1684 894 omnem
1710 840 1826 908 Deoque

135 940 204 994 erpa
238 924 386 988 defunmos
418 927 551 995 affectus,
584 943 640 995 quo
668 943 751 981 seusu
781 942 815 980 ac
840 929 968 994 respectu
995 947 1092 983 caram
1111 930 1243 993 animam,
1256 937 1443 999 posteaquam
1459 927 1588 999 corporis
1601 927 1826 980 uinculissoluta

135 1007 219 1064 stiam
247 1008 389 1081 Apologia
412 1008 591 1065 conisssionis
615 1011 798 1084 Augustanos
824 1009 968 1066 defuncto·
995 1015 1059 1068 ln‘nc
1079 1017 1238 1085 arraserit,
1254 1017 1388 1085 protinus
1412 1015 1524 1082 bonnm,
1551 1015 1628 1084 quad
1645 1030 1706 1067 eam
1725 1020 1826 1078 manet,

140 1112 201 1175 rum
221 1095 382 1151 memoriam
404 1095 464 1151 fieri
489 1096 624 1154 concedit.
664 1096 921 1153 Demonstravimus
939 1095 967 1149 id
991 1102 1208 1170 persentientem
1238 1110 1264 1155 et
1295 1102 1524 1170 contemplantem
1549 1100 1677 1153 mirabili
1701 1100 1826 1168 quadam

10 1189 122 1237 tunt.
135 1181 263 1254 superius
292 1180 319 1258 5.
336 1187 395 1239 21³.
415 1201 448 1239 ex
468 1182 603 1255 Dionysio
626 1184 765 1257 Areopag.
780 1182 968 1239 Tertullianus
995 1188 1136 1257 uoluptate
1154 1189 1238 1257 affici
1255 1196 1281 1242 et
1302 1189 1442 1242 ensuitare
1463 1192 1513 1243 etc.
1552 1185 1586 1240 In
1606 1185 1720 1258 liturgia
1738 1184 1825 1256 Chry-

136 1266 184 1324 lib.
203 1268 239 1324 de
257 1285 349 1327 coron.
369 1269 449 1328 mitit.
473 1271 628 1327 oblationes
647 1289 704 1342 pro
728 1269 871 1325 natalitiis
893 1287 967 1322 mar·
995 1274 1107 1328 sostomi
1127 1273 1256 1329 sacerdos
1276 1274 1317 1328 sic
1335 1273 1471 1345 loquitur:
1497 1272 1538 1328 ἔτι
1561 1276 1763 1347 προσφέρομέν
1781 1287 1826 1327 σοι

136 1361 227 1425 iprum
260 1363 287 1410 et
319 1355 388 1410 aliis
419 1358 563 1424 &functis
591 1358 738 1412 annuatim
766 1357 832 1424 fieri
867 1356 967 1409 solitas
996 1359 1042 1428 riu
1071 1358 1186 1432 λογικὴν
1215 1359 1314 1428 ταύτην
1342 1363 1470 1431 λατρείαν
1500 1358 1571 1429 ὑπὲρ
1596 1361 1649 1413 τῶν
1675 1360 1706 1412 ἓν
1733 1364 1825 1413 nicrss

133 1449 338 1498 commemorat
390 1442 430 1497 At
459 1443 628 1515 martyribus
655 1442 685 1498 in
712 1441 872 1516 purgatorio
898 1440 966 1495 nihil
994 1438 1215 1513 ἀναπαυομένων
1238 1452 1437 1520 προπατέρων,
1464 1450 1605 1516 πατέρων,
1638 1448 1822 1520 πατριαρχῶν,

133 1534 177 1584 sat
218 1529 332 1602 negotii.
398 1529 555 1602 Cyprianus
595 1541 644 1603 sp.
684 1536 731 1587 33:
776 1529 966 1583 Tertullianus
994 1534 1154 1605 προφητῶν,
1172 1531 1347 1602 ἀποστόλων,
1367 1532 1507 1604 κηρύκων,
1523 1531 1736 1603 εὐαγγελιστών,
1753 1550 1824 1603 μαρ-

133 1615 231 1669 scribit
258 1622 285 1670 et
304 1616 446 1684 sipniricat
468 1617 538 1672 milri
560 1618 636 1685 dies,
667 1618 770 1687 auibus*
794 1616 825 1670 in
854 1631 966 1669 carcere
993 1619 1091 1692 τύρων.
1136 1620 1176 1673 At
1199 1636 1250 1689 pro
1270 1619 1326 1674 illis
1345 1637 1401 1674 non
1418 1620 1508 1689 potuit
1527 1635 1639 1690 rogare,
1658 1627 1690 1673 ut
1709 1624 1824 1689 peccata

137 1703 212 1757 beati
232 1703 344 1766 fratres
372 1704 466 1757 nostri
495 1705 537 1758 od
561 1702 800 1758 immortalitatem
825 1698 966 1773 plurimae
994 1706 1060 1777 ipsis
1091 1705 1296 1761 remitterentur
1332 1713 1360 1760 st
1390 1722 1406 1760 e
1441 1706 1602 1777 purgatorio
1636 1705 1824 1760 liberarentur.

132 1789 230 1844 mortis
256 1790 332 1842 ardu
355 1797 501 1843 transeunt
526 1798 552 1845 et
580 1790 756 1844 celebrantur
781 1787 827 1842 bie
850 1805 869 1840 a
887 1785 966 1839 nobis
993 1791 1067 1863 Ergo
1086 1790 1358 1846 commemorationes
1376 1791 1440 1845 illae
1460 1792 1653 1847 defunctorum
1671 1808 1726 1845 non
1739 1789 1823 1844 stabi·

133 1873 288 1928 oblationes
306 1883 332 1929 et
349 1876 492 1944 sacrificia
518 1876 552 1930 ob
569 1876 845 1931 commemorationes
862 1890 965 1928 eorum.
992 1878 1064 1933 liunt
1088 1876 1286 1950 purgatorium.
1311 1876 1415 1936 Hamil.
1447 1883 1489 1933 tc.
1517 1878 1552 1932 ad
1579 1895 1644 1949 pop.
1676 1877 1823 1933 Antioche

133 1956 171 2013 Et
193 1966 304 2032 postea:
330 1962 402 2015 Dies
424 1978 519 2016 eorrsm
538 1970 686 2031 annotate,
713 1970 745 2015 ut
771 1976 965 2014 commemora·
995 1964 1073 2027 Quid
1089 1965 1144 2016 sibi
1159 1963 1256 2017 nolunt
1276 1964 1391 2031 bpmnit
1411 1981 1502 2017 nonne
1518 1964 1711 2032 plcrifieamus
1731 1964 1823 2016 Deum

133 2045 224 2101 tiones
254 2064 349 2102 eorum
372 2048 445 2102 inter
473 2048 623 2103 memorias
646 2054 802 2116 mortanum
825 2046 966 2099 edomare
993 2059 1019 2104 st
1036 2050 1085 2105 illi
1102 2049 1211 2118 pratias
1225 2051 1343 2117 ammas,
1360 2050 1508 2118 quiajam
1526 2051 1689 2113 defunctum
1709 2066 1824 2103 corona·

129 2134 284 2203 possimus.
314 2132 401 2205 Epist
420 2139 462 2191 62.
482 2134 517 2189 ds
537 2133 707 2205 martyribus
720 2133 849 2204 loquens:
870 2129 966 2186 Sacri·
993 2137 1032 2192 cs't
1062 2144 1087 2190 et
1116 2155 1135 2189 a
1162 2135 1306 2190 laboribus
1336 2134 1493 2188 absolutum
1525 2152 1611 2205 penes
1644 2152 1674 2188 se
1704 2136 1825 2188 retinet!

139 2221 207 2286 ficia
231 2238 288 2291 pro
319 2222 360 2274 eis
388 2237 510 2290 semper,
541 2229 572 2274 ut
605 2220 780 2289 meministis,
816 2219 967 2288 afferimus,
992 2222 1084 2278 homil.
1103 2226 1144 2278 tt.
1162 2222 1191 2276 in
1203 2221 1385 2277 Matthaeum:
1407 2221 1465 2275 Cur
1484 2223 1651 2284 sacerdotes,
1669 2228 1700 2274 ut
1718 2238 1772 2290 pro
1791 2236 1824 2275 eo

137 2307 246 2378 assoties
267 2315 424 2376 martyrum
447 2308 601 2377 passiones
630 2316 656 2362 et
684 2307 745 2361 dies
770 2304 966 2359 anniuersario
991 2309 1133 2379 (defuncto
1151 2307 1297 2363 amicavel
1315 2309 1445 2378 cognato)
1463 2307 1549 2360 velint
1566 2313 1658 2371 orare,
1675 2307 1825 2361 obsecrost

133 2394 391 2449 comnoemoratione
418 2395 599 2448 celebramus.
643 2391 705 2448 Has
734 2391 887 2447 oblationes
909 2407 966 2444 nou
992 2399 1057 2451 Nan
1077 2397 1186 2464 ignaro,
1205 2402 1232 2448 te
1247 2411 1458 2466 responsurum,
1482 2401 1512 2447 ut
1531 2394 1680 2456 defunmus
1699 2393 1823 2462 requam

134 2480 351 2536 instituebantur
367 2498 418 2552 pro
430 2480 485 2535 illis
502 2497 535 2535 ex
549 2478 709 2552 purgatorio
721 2477 881 2546 liberandis,
899 2476 966 2548 quia
992 2483 1184 2552 adipiscatur,
1208 2488 1239 2534 ns
1262 2479 1419 2549 propitium
1445 2480 1569 2547 iudicem
1594 2479 1726 2533 inueniat.
1768 2479 1824 2532 His

134 2571 214 2623 ⁶¹⁸¹st
239 2572 392 2639 myreis
419 2567 454 2622 de
483 2566 584 2638 quib&
612 2564 681 2622 ibid·
710 2563 867 2635 cyprlffiufl
890 2563 965 2628 dicits
993 2587 1060 2640 erpo
1079 2568 1209 2622 derebus
1223 2567 1351 2636 flendum
1369 2574 1452 2634 atquc
1470 2566 1638 2621 ululandum
1651 2565 1825 2618 arbitrorubi

134 2652 210 2725 quod
223 2653 339 2724 palmas
358 2672 376 2707 a
396 2653 518 2707 Domino
532 2661 559 2706 et
573 2668 693 2706 coronas
710 2650 819 2704 illustri
832 2650 966 2720 passione
992 2672 1082 2712 nanae
1097 2656 1183 2720 maias,
1196 2671 1280 2723 msam
1295 2655 1415 2706 manime
1433 2652 1485 2706 tibi
1497 2652 1555 2722 ipsi
1564 2653 1728 2722 repupnasi
1748 2653 1824 2705 Nam

129 2730 355 2811 promerereris&
384 2739 432 2795 ssd
462 2739 491 2793 in
515 2737 675 2794 memorium
693 2753 801 2803 eorum,
827 2735 902 2806 quod
918 2752 967 2805 Ρθῐ
993 2761 1054 2797 cum
1070 2743 1152 2796 illum
1164 2740 1267 2794 abiisse
1285 2739 1313 2792 in
1328 2747 1419 2808 prata
1432 2739 1570 2807 florentia
1588 2747 1680 2808 putes,
1697 2738 1822 2807 iacentes

134 2826 275 2883 Christum
293 2825 386 2882 oninia
402 2825 498 2880 mundi
522 2825 640 2880 adversa
664 2822 780 2878 vicerint
798 2829 827 2877 et
842 2820 967 2877 comestis
993 2837 1085 2884 samaa
1104 2829 1241 2881 adamans
1258 2826 1351 2895 ipsum
1375 2825 1495 2879 smcitas
1520 2826 1690 2895 tempestatis
1700 2823 1825 2892 fluctuat

134 2908 735 2987 gloriaocoronamadcptifuruntquaderc
746 2906 967 2963 BeatusRhena·
993 2919 1045 2971 aad
1062 2916 1190 2970 tardam
1208 2931 1265 2967 nan
1283 2913 1386 2982 tabeo,
1413 2912 1537 2982 inquies,
1561 2916 1611 2965 aaa
1631 2927 1712 2982 mrem
1731 2926 1825 2964 rerum
1836 2919 1963 2966 xvuasa

134 2998 401 3055 autumandi
418 2996 584 3053 Tertulliani
594 2996 630 3050 de
644 2996 786 3067 martyr-ib.
796 2995 837 3049 ³50
855 2993 965 3049 turibi&
994 3020 1117 3058 meorum
1136 3000 1304 3055 constituam
1321 3015 1513 3054 successorem.
1560 2998 1626 3052 Non
1644 2998 1728 3051 babes
1747 2996 1823 3049 bere-

138 3086 222 3150 anau
238 3087 321 3150 dicit,
347 3085 492 3155 sauifima
511 3101 566 3155 pro
586 3084 758 3152 uariantur
784 3082 897 3153 offeni,
926 3081 967 3134 ria
996 3092 1060 3143 den
1087 3087 1192 3158 ipsun,
1223 3088 1275 3141 sm
1300 3086 1381 3140 tates
1407 3087 1499 3156 ipsun
1521 3102 1578 3154 pra
1603 3092 1630 3137 te
1651 3085 1743 3147 Dua,
1770 3100 1826 3136 nnn

135 3174 344 3243 “iiiii‘ssdumr
372 3173 404 3225 Μ’
427 3172 537 3237 fallor,
564 3179 595 3225 υἱ
616 3188 674 3241 ΡΝ
703 3170 743 3225 θ”θ
768 3171 844 3224 idem
865 3169 966 3233 valiat,
994 3177 1106 3230 calcares
1136 3175 1234 3240 factus
1264 3174 1390 3234 fratrum
1417 3189 1546 3240 suorum,
1576 3172 1627 3224 sed
1654 3171 1752 3234 factus
1787 3178 1827 3223 est

135 3263 213 3330 wod
227 3278 284 3330 Pto
304 3259 564 3314 mmmmm
591 3275 700 3322 mm,
722 3273 789 3310 tam
807 3257 840 3310 fd
859 3257 967 3327 prioris
995 3261 1102 3316 Cluristi
1115 3261 1235 3316 coheres.
1255 3258 1328 3315 ham.
1348 3264 1389 3314 21.
1408 3257 1531 3317 inAct.:
1553 3259 1716 3326 Martyrum
1727 3274 1827 3310 memo·

137 3348 196 3403 loci
214 3363 277 3402 moa
294 3346 377 3400 citati
399 3345 486 3399 cerba
504 3352 602 3415 aperte
620 3343 775 3412 continent,
800 3343 890 3397 ueluti
901 3360 966 3412 pas·
994 3364 1039 3402 res
1058 3365 1152 3402 sumus
1176 3346 1206 3399 in
1234 3344 1373 3410 sacrificii
1400 3345 1540 3399 oblatione
1564 3344 1595 3396 in
1621 3345 1719 3409 fidem,
1750 3345 1827 3413 meod

135 3435 213 3488 mone
250 3432 309 3486 sios
341 3433 599 3486 commemoratione
621 3430 768 3499 passionis
795 3429 967 3482 occasionem
993 3453 1050 3490 aaa
1077 3434 1170 3487 aditae
1197 3441 1323 3486 martana
1349 3430 1568 3498 est.Dnminus,
1593 3429 1627 3483 id
1652 3431 1728 3498 quod
1757 3430 1825 3498 quia

138 3517 325 3572 oblationibus
353 3523 380 3569 ⁶²
398 3516 549 3579 merificat
579 3517 673 3568 danit-
719 3513 795 3576 QW
827 3530 873 3566 m
900 3513 967 3596 {⁷⁸4⁶
995 3521 1097 3576 decicit
1116 3528 1143 3574 et
1161 3519 1265 3574 occidit
1283 3526 1411 3583 mortem,
1431 3525 1456 3570 et
1473 3517 1524 3571 boc
1542 3517 1652 3586 sianum
1670 3524 1724 3583 est,
1743 3517 1825 3571 illam

136 3613 207 3659 nata
223 3604 351 3672 uidetur,
378 3604 454 3672 quod
477 3610 544 3670 post
566 3602 720 3670 symbolum
746 3602 925 3653 decantatum
943 3609 968 3652 et
995 3625 1053 3662 „aa
1083 3615 1232 3663 marsuam,
1280 3604 1389 3661 confer,
1419 3603 1492 3660 hom.
1518 3609 1560 3659 41.
1592 3602 1621 3657 in
1652 3609 1675 3659 1.
1699 3602 1761 3657 Cor.
1785 3609 1824 3659 15.

136 3698 260 3744 mutuam
267 3690 352 3759 pacis
367 3686 619 3742 consalutationem
635 3688 750 3741 nomina
759 3687 809 3756 pie
821 3686 968 3748 defuncto·
995 3693 1168 3764 Epiphanius
1185 3692 1291 3748 haeres,
1312 3698 1353 3747 75,
1378 3690 1414 3745 ad
1441 3690 1629 3762 quaestionem
1648 3689 1739 3743 Atii-ii:
1763 3691 1833 3754 Qua

136 3795 199 3830 rum
218 3775 380 3845 6011ΰωὶ1)ῑο
393 3774 423 3827 ¹⁸¹⁸
441 3775 553 3843 leitila,
572 3792 654 3843 quam
672 3775 703 3826 ὑὶ
715 3773 805 3826 ‘illari'
819 3773 967 3842 Ρθηθῦαΰίι
995 3782 1105 3835 ratione
1129 3787 1196 3850 post
1228 3787 1345 3834 mortem
1375 3776 1526 3832 nominatis
1558 3777 1673 3830 nomina
1706 3785 1824 3831 mortua·

135 3861 326 3916 rscitabaatur
344 3879 400 3914 aaa
418 3861 478 3915 tiae
500 3861 587 3914 laudo
608 3866 635 3913 οἱ
653 3860 808 3929 praeconio
824 3859 964 3922 virtulum,
995 3886 1058 3921 rum
1075 3872 1127 3922 etc.
1146 3866 1295 3935 respondet
1311 3863 1364 3919 hoe
1382 3864 1479 3918 modo:
1501 3862 1578 3924 Quid
1594 3880 1625 3917 eo
1637 3865 1729 3931 mapis
1746 3865 1825 3932 utils,

136 3951 214 4019 quod
228 3949 258 4003 in
281 3947 433 4001 niventibus
460 3947 615 4002 eluserunt.
662 3945 878 4001 Gratulatoriae
901 3962 968 4014 erpo
997 3953 1068 4024 qaia
1083 3952 1254 4007 commodius
1273 3959 1299 4005 et
1316 3951 1505 4004 admiratione
1526 3949 1657 4017 dipnum,
1675 3951 1752 4018 quoa
1767 3968 1825 4003 aaa.

133 4053 232 4106 preces
250 4041 331 4089 maai
344 4032 455 4103 polius,
480 4033 579 4102 quidm
604 4040 661 4086 lum
686 4033 750 4086 Det>
771 4031 881 4100 arabat
905 4048 969 4099 ate·
997 4043 1068 4094 dunt
1083 4047 1255 4107 praesentes,
1267 4041 1343 4107 quod
1356 4038 1393 4102 bi,
1408 4038 1458 4106 qui
1469 4038 1652 4098 decesserunt,
1671 4037 1766 4089 sinunt
1779 4041 1826 4090 snt

138 4122 212 4191 bant,
231 4123 282 4191 qui
299 4120 469 4189 martyribus
481 4135 543 4172 eam
561 4119 685 4186 aratiam
704 4127 730 4172 et
744 4124 852 4172 tantum
871 4118 969 4186 digna·
998 4127 1027 4179 ia
1040 4122 1199 4195 ἁνωιαρξιᾳ
1218 4121 1270 4178 οὐκ
1283 4128 1361 4186 stain,
1381 4125 1432 4177 aad
1445 4130 1508 4175 aaut
1523 4129 1548 4176 as
1565 4122 1659 4174 ainans
1673 4123 1753 4190 apud
1765 4124 1824 4176 00.

137 4210 221 4264 tionis
238 4208 412 4274 contulisset,
440 4214 498 4260 tum
517 4205 622 4261 simiis
650 4206 754 4258 docum
778 4204 893 4258 anuum
915 4205 971 4256 tibi
998 4213 1110 4265 minum.
1141 4209 1227 4264 Item:
1245 4207 1479 4278 Angustissimum
1490 4207 1566 4260 illud
1579 4208 1764 4275 praeconium
1782 4208 1825 4261 id·

138 4295 207 4350 dtm'
222 4295 407 4348 concordii&
427 4293 498 4346 ¹²⁰¹st
516 4291 694 4361 ssssuilsslabir
715 4308 766 4345 0⁶1⁴
779 4290 873 4343 “ditm
894 4290 971 4343 canii
998 4299 1073 4352 circo
1087 4298 1127 4364 fit,
1147 4298 1224 4363 qssod
1235 4311 1299 4364 spes
1311 4301 1352 4346 est
1366 4294 1511 4348 orantibus
1523 4310 1581 4362 pro
1594 4293 1827 4362 fratribus,uclut

140 4383 266 4449 ecclesia,
290 4380 475 4437 Gaudeamus
494 4381 523 4432 in
542 4380 673 4433 Domino.
711 4377 845 4449 Origenes
862 4376 891 4430 in
907 4375 971 4431 tob.
999 4383 1048 4452 qui
1074 4389 1139 4435 sunt
1172 4381 1201 4434 lu
1231 4379 1389 4452 ἀποδημία,
1425 4378 1501 4448 apud
1531 4378 1681 4433 Dominum
1716 4379 1829 4448 scilicet,

139 4468 158 4523 l.
182 4476 216 4524 ³:
245 4469 362 4522 Priores
387 4465 511 4519 borsines
544 4464 682 4536 (gentiles)
710 4465 785 4518 diem
815 4463 971 4516 natiuitatis
1000 4475 1023 4523 2,
1043 4466 1105 4521 Cor,
1125 4473 1155 4535 5,
1178 4484 1204 4521 v,
1225 4471 1249 4522 8,
1270 4466 1400 4534 Daaiqaa
1418 4472 1450 4517 as
1467 4465 1540 4516 iasar
1561 4465 1702 4518 cisaram
1720 4473 1747 4517 aa
1765 4484 1830 4519 aaa.

140 4554 331 4619 celebrabant,
357 4569 442 4606 unam
468 4553 553 4604 tritam
580 4551 730 4619 (liliatum
756 4556 782 4602 tl
806 4547 894 4602 aliam
908 4558 972 4616 port
998 4562 1057 4608 ctos
1076 4553 1227 4606 discrimen
1246 4552 1444 4616 consatuatur,
1466 4566 1527 4602 cum
1545 4549 1570 4602 is
1587 4549 1672 4602 uitam
1691 4550 1791 4605 babeat
1809 4569 1829 4604 a

139 4640 212 4695 banc
232 4659 288 4696 non
305 4647 450 4709 sperantes
457 4657 468 4704 ,-
493 4653 567 4690 nunc
584 4654 650 4689 uero
668 4654 719 4690 nos
740 4653 797 4689 non
817 4635 970 4688 natiuitatis
998 4658 1027 4695 aa
1057 4640 1133 4708 ipsa,
1164 4637 1195 4690 bi
1218 4654 1283 4691 aera
1306 4655 1363 4689 non
1386 4637 1444 4688 nisi
1465 4635 1502 4688 ab
1521 4635 1584 4704 ipso
1608 4641 1635 4687 et
1652 4651 1707 4702 per
1729 4637 1827 4705 ipsum,

143 4729 217 4784 ἀίαιι
237 4727 422 4794 celebramus,
447 4741 510 4777 cum
536 4725 573 4777 sit
594 4723 724 4777 dolorum
743 4731 826 4793 atque
844 4721 1120 4796 tentatio-{cyrillus
1139 4731 1257 4795 mystag.
1278 4730 1302 4778 b.
1327 4721 1474 4794 significat,
1494 4738 1548 4790 pro
1571 4721 1677 4774 saumis
1699 4724 1829 4789 patribus

140 4833 207 4869 num
226 4813 376 4878 introitus,
406 4813 457 4865 sed
475 4811 574 4863 mortis
592 4811 666 4863 diem
693 4810 878 4874 celebramus,
904 4810 972 4878 quia
998 4820 1025 4865 et
1042 4810 1181 4880 episcopis
1199 4816 1225 4861 et
1246 4809 1370 4860 omnibus
1391 4807 1532 4872 defunctis
1551 4806 1704 4861 oblationes
1722 4815 1747 4860 et
1766 4824 1830 4860 oro·

141 4919 197 4956 aaa
218 4901 376 4954 moriantur
404 4898 449 4966 bi,
467 4895 517 4966 qui
539 4895 612 4949 mori
632 4897 772 4950 uidentur.
814 4898 973 4964 Propterea
997 4900 1086 4954 tiones
1110 4897 1175 4961 fieri
1199 4895 1306 4948 solitos.
1345 4893 1433 4964 Atqui
1451 4892 1511 4947 illos
1538 4909 1632 4947 amnes
1651 4893 1679 4946 in
1699 4898 1829 4964 purgato·

141 4996 166 5041 et
182 4985 333 5041 memorias
349 4990 510 5038 sanctorum
527 4981 650 5044 facimus
663 4989 689 5036 et
700 4989 972 5050 parentumnostro·
999 4985 1072 5039 rium
1091 4981 1266 5037 descendisse
1286 4996 1367 5034 nemo
1386 4979 1493 5033 dixerit.
1532 4978 1695 5034 Ambrosius
1713 4979 1742 5033 in
1761 4987 1828 5035 orat.

143 5091 205 5127 rum
222 5071 268 5126 ael
283 5071 437 5128 amicorum
454 5069 484 5122 in
503 5067 559 5134 fide
569 5068 745 5122 morientium
762 5070 857 5123 denote
874 5085 973 5121 memo·
999 5070 1034 5127 de
1052 5068 1131 5124 obitu
1150 5065 1353 5123 Valentiniani:
1378 5064 1465 5119 Beati
1488 5066 1568 5119 ambo
1594 5064 1829 5133 (Valentinianum

139 5162 214 5215 mam
246 5160 369 5230 opimus,
397 5167 454 5212 tam
483 5157 598 5210 illorum
628 5155 784 5225 refriperio
813 5154 974 5224 pandentes,
999 5162 1027 5213 et
1048 5153 1215 5210 Gratianum
1241 5150 1400 5223 intelligit),
1427 5152 1454 5206 si
1479 5152 1550 5222 quid
1578 5166 1657 5205 meae
1687 5152 1830 5205 orationes

140 5265 226 5318 auam
245 5247 330 5301 etiam
356 5243 436 5299 nobis
460 5243 541 5313 piam
571 5240 832 5296 consummationem
859 5237 888 5291 in
916 5240 974 5302 fids
998 5243 1142 5309 valebunt,
1168 5239 1250 5294 nulla
1268 5239 1332 5292 dies
1349 5256 1399 5316 uos
1416 5239 1528 5292 silentio
1544 5236 1725 5307 praaeribit,
1749 5238 1831 5293 nulla

137 5334 324 5406 postulantes.
368 5328 521 5402 Gregorius
536 5326 729 5384 Nazianzenus
747 5325 777 5380 iu
796 5323 919 5381 emtione
945 5322 975 5379 in
1000 5328 1182 5383 inhonoratos
1201 5342 1250 5379 uos
1268 5342 1332 5379 mea
1347 5325 1477 5380 transibit
1489 5324 1590 5390 oratio,
1608 5322 1690 5377 nulla
1707 5341 1761 5377 noc
1774 5342 1830 5380 non

140 5414 254 5477 laudem
275 5417 397 5475 Caesarii
414 5435 465 5490 pro
482 5417 568 5476 fraus
593 5411 724 5468 defuncto
743 5412 795 5468 sub
813 5411 895 5467 finem
915 5427 974 5466 ors-
1000 5415 1120 5468 dcnatos
1136 5413 1235 5481 aliqua
1255 5427 1372 5481 precum
1393 5429 1521 5466 meorum
1547 5410 1718 5464 contentione
1739 5417 1831 5466 trans·

141 5509 225 5565 bonis
244 5505 284 5562 sic
309 5512 382 5561 orat:
417 5504 441 5558 O
470 5507 595 5568 Domine
620 5498 742 5554 omniurn
771 5507 798 5555 et
818 5504 930 5553 creator
949 5505 976 5552 et
1000 5507 1101 5554 curret.
1164 5497 1297 5552 Omnibsss
1333 5515 1383 5553 nos
1418 5496 1607 5551 ablutionibus
1641 5495 1830 5567 frequentabo.
1903 5569 1905 5574 Ι

139 5595 295 5665 praecipua
313 5592 399 5662 bajus
411 5591 550 5666 flami,
567 5609 585 5648 o
605 5587 686 5643 Deus
705 5594 817 5642 aarum
834 5583 976 5641 sonuum
1002 5585 1037 5640 ln
1054 5591 1119 5641 orat
1148 5584 1183 5642 do
1209 5583 1359 5641 Theodosii
1377 5583 1468 5638 obitu:
1494 5585 1545 5637 Da
1567 5582 1691 5654 requiem
1711 5582 1832 5637 Domine
