4104 6014
867 338 918 396 DE
940 336 1089 401 MOR'ffi'·
1744 345 1805 406 389

101 502 129 552 et
155 514 242 569 agens
266 499 373 570 gratias
395 499 546 571 emigrabo.
584 498 735 554 Ofelicem
754 516 788 556 ex
806 499 859 556 hac
877 478 1047 553 vituicssrue
1065 502 1123 561 tua,
1141 496 1186 551 eui
1206 497 1319 552 insitum
1337 513 1374 566 ea,
1394 512 1536 568 nunquam
1558 495 1700 551 emitteris.
1737 495 1804 566 Ipso

99 584 264 640 discessum!
285 585 309 640 O
330 585 511 641 laetissimum
531 586 614 656 diem,
632 587 706 643 diem
725 588 837 659 inquam
857 603 934 643 meae
946 562 950 671 ἶ
962 589 1096 638 evocante
1116 583 1250 656 prodibis,
1271 584 1427 654 depositum
1446 587 1562 653 repente
1579 580 1711 638 redderis.
1749 581 1801 638 ille

98 671 266 742 migrationi,
284 687 356 727 novo
374 689 435 729 meo
453 672 540 727 natali
561 673 625 740 diei,
643 673 783 744 triumpho
797 690 858 729 meo
870 690 934 728 con·
946 698 948 705 ·
961 669 1099 725 Lazarum
1120 672 1181 741 jam
1207 670 1431 742 colliquefactum
1450 674 1479 723 et
1495 673 1697 739 putrescentem
1714 668 1798 724 unico

98 764 243 813 seeratm.
293 757 355 814 Hoc
380 759 494 815 unicum
519 764 606 815 restat
631 776 664 814 ex
682 759 838 823 laboribus,
863 728 1076 831 peri-iverbulo
1101 773 1135 811 ex
1158 757 1285 828 sepulcro
1309 755 1403 810 vivum
1432 760 1462 810 et
1479 754 1561 827 plana
1579 759 1708 825 vegetum
1729 753 1800 809 erci-

97 841 168 897 culis
189 850 216 899 et
235 844 310 899 curis
328 844 456 900 omnibus
475 850 628 913 certamen,
650 847 710 917 jem
731 862 792 901 sese
811 862 873 900 mea
891 824 1044 900 reitabst
1081 844 1160 900 Idem
1178 843 1225 898 ille
1253 844 1281 898 in
1306 848 1334 897 te
1359 859 1471 915 quoque
1495 841 1643 896 excitando
1668 840 1798 897 virtutem

97 928 214 1000 damno,
237 930 313 986 salus
332 948 408 999 mes,
437 932 496 986 vita
515 947 589 1001 mea,
613 933 672 1003 iam
692 932 777 987 veluti
797 948 830 987 ex
848 932 933 1003 longa
961 946 1040 985 suam
1060 930 1196 986 ostendet.
1231 928 1370 984 Cruciaris
1384 943 1460 982 nunc
1479 928 1599 1000 quidem,
1617 927 1754 999 torqueris
1770 933 1799 982 et

96 1018 125 1069 et
153 1014 259 1070 difficili
288 1016 465 1088 navigatione
497 1023 574 1073 tutus
603 1034 664 1073 sese
691 1023 720 1073 et
747 1017 830 1088 plane
857 1022 931 1073 tran·
959 1014 1111 1087 angoribus
1137 1015 1296 1084 conficeris,
1326 1018 1495 1069 momentum
1516 1018 1572 1077 est,
1597 1014 1656 1083 jam
1681 1014 1798 1085 jamque

97 1099 200 1171 quillus
230 1107 341 1172 portus,
367 1104 427 1173 jam
452 1120 512 1160 sese
540 1121 640 1160 aurora
669 1103 735 1158 clari
764 1104 931 1174 praenuntia
959 1101 1127 1158 liberaberis.
1174 1103 1313 1159 Universa
1337 1118 1429 1157 rerum
1450 1106 1551 1155 natura
1574 1099 1711 1154 desiderio
1734 1099 1797 1154 linis

96 1185 163 1241 solis
187 1187 324 1251 ostendit,
361 1189 424 1244 Jam
451 1190 510 1260 ipse
536 1190 577 1244 sol
598 1190 726 1261 justitiae
750 1206 827 1246 meae
842 1188 930 1244 Filius
957 1190 1000 1243 sui
1021 1187 1143 1244 aflicitur
1168 1193 1197 1243 ct
1220 1188 1294 1243 bunc
1318 1193 1469 1243 extremum
1487 1186 1610 1242 mortalis
1629 1185 1795 1241 conditionis

94 1269 148 1326 Dei
163 1270 247 1328 Jesus
261 1271 388 1329 cbristus
405 1274 472 1328 mini
490 1274 604 1346 propius
622 1275 744 1329 exoritur
763 1280 791 1330 et
807 1274 929 1330 tenebris
956 1273 1029 1329 diem
1053 1274 1148 1329 videre
1173 1274 1259 1344 cupit.
1299 1273 1380 1328 'lune
1407 1272 1528 1343 quietem
1551 1273 1713 1327 recusares?
1747 1271 1793 1326 Tu

93 1357 162 1412 meis
189 1359 360 1429 praeclaram
387 1360 480 1416 lucem
506 1360 629 1432 praefert
663 1361 786 1433 mihique
813 1361 866 1416 iter
891 1360 927 1416 ad
955 1360 1054 1414 summi
1088 1360 1261 1431 imperatoris
1297 1365 1326 1414 te
1356 1375 1390 1413 ex
1420 1358 1539 1417 statione
1570 1358 1644 1414 vitae
1672 1374 1725 1414 ceu
1756 1373 1790 1413 ex

95 1447 185 1511 asna,
214 1443 240 1500 b.
268 1460 291 1502 s.
316 1450 430 1501 aeterna
459 1446 528 1502 coeli
549 1463 643 1518 regna,
672 1463 722 1502 suo
753 1447 887 1518 sanguine
911 1463 929 1501 a
953 1444 1091 1516 praesidio
1129 1445 1270 1501 evocantis
1308 1444 1440 1499 mandato
1470 1460 1525 1498 non
1555 1444 1687 1514 pareres?
1724 1444 1789 1515 Age

10 1539 79 1583 ,ιιι
93 1528 225 1601 vepribus
245 1534 275 1585 et
292 1531 411 1588 dumetis
429 1539 631 1604 perpurgatum
648 1532 790 1603 patefecit.
827 1531 927 1588 Gaude
953 1531 1053 1602 igitur,
1071 1537 1186 1603 pergat,
1206 1532 1304 1602 instet,
1324 1536 1425 1601 urgeat
1443 1530 1505 1601 ipsa
1524 1546 1612 1599 mors,
1638 1535 1667 1585 et
1690 1528 1789 1597 solvat,

93 1631 156 1671 mea
173 1616 281 1683 anima,
305 1618 373 1689 quid
395 1620 508 1690 iuquam
526 1620 609 1674 mea?
633 1618 687 1673 imo
706 1617 806 1673 Christi
826 1619 926 1674 anima.
954 1617 1027 1688 quod
1050 1624 1083 1671 nt
1100 1618 1267 1685 solveretur,
1293 1617 1348 1672 fuit
1368 1616 1600 1689 conglutinatum.
1635 1616 1710 1669 Mors
1729 1630 1786 1669 non

93 1700 186 1772 Hujus
210 1702 284 1757 enim
307 1703 428 1775 pretioso
451 1705 587 1776 sanguine
612 1705 736 1760 redemta
756 1720 797 1776 es;
825 1704 924 1776 gaude,
952 1704 1038 1774 pestis
1056 1704 1136 1774 mihi,
1169 1722 1224 1760 non
1244 1705 1360 1772 comba,
1395 1722 1450 1759 non
1469 1704 1608 1761 luctuosa.
1636 1701 1685 1757 sed
1705 1701 1786 1756 bene-

91 1787 219 1859 inquam,
256 1788 350 1845 anima
384 1795 414 1846 et
447 1792 551 1847 laetare
578 1791 609 1845 in
634 1790 695 1845 Deo
719 1791 832 1846 salutari
854 1807 924 1848 meo.
951 1788 1006 1844 ficii
1024 1790 1086 1846 loco
1105 1791 1302 1849 numerabitur.
1337 1792 1392 1847 Illa
1410 1790 1477 1845 mibi
1495 1794 1634 1861 pacemet
1650 1787 1783 1843 laetitiam

89 1872 230 1946 Egredere
266 1892 330 1930 cum
361 1874 452 1931 Lotho
488 1893 521 1931 ex
553 1877 686 1947 Sodoma,
727 1893 778 1932 nec
809 1878 923 1948 respice.
950 1892 1094 1948 nunquam
1112 1877 1262 1949 perituram
1282 1877 1389 1934 afferat
1432 1877 1492 1932 Has
1512 1891 1565 1947 ego
1583 1874 1724 1930 oculorum
1742 1879 1784 1929 te·

89 1958 190 2016 ‘lrmsi
210 1976 261 2031 per
280 1976 356 2016 mare
375 1962 505 2032 rubrum,
524 1968 557 2018 ιιι
575 1980 591 2018 e
609 1961 738 2017 manibus
754 1978 923 2033 persequen-
949 1961 1049 2018 nebras
1072 1980 1128 2019 non
1152 1964 1255 2019 invitm
1273 1964 1386 2033 subibo,
1415 1968 1447 2018 ιιι
1465 1967 1604 2017 aeternam
1622 1961 1712 2016 lucem
1732 1958 1781 2014 sd-

87 2045 158 2101 tium
182 2046 302 2102 elaberis
327 2054 356 2102 et
381 2049 409 2102 in
429 2056 530 2104 terram
549 2050 622 2104 lacte
644 2055 673 2105 et
693 2049 773 2105 melle
790 2048 921 2103 fluentem
949 2049 1070 2119 spiciam.
1105 2050 1151 2104 Τιι
1175 2050 1256 2105 modo
1275 2066 1292 2104 o
1312 2049 1388 2104 salus
1405 2066 1481 2118 mea,
1510 2048 1564 2102 lili
1582 2047 1644 2117 Dei,
1665 2046 1783 2101 Domirm

88 2132 182 2189 intres.
235 2133 373 2189 coelestia
409 2142 549 2206 spectato,
585 2136 707 2191 bumana
744 2134 921 2190 contemnito.
948 2135 1017 2192 Jesu
1037 2134 1159 2205 Christe,
1186 2135 1234 2208 qui
1258 2153 1302 2191 me
1330 2150 1363 2189 er
1388 2134 1496 2191 inferno
1515 2133 1608 2189 eruisti
1628 2131 1782 2203 mequerde

87 2218 172 2275 Coelo
194 2224 262 2274 nata
287 2236 332 2289 es,
361 2222 437 2277 coelo
462 2222 587 2278 redemta
615 2241 658 2287 ss,
685 2223 762 2278 coelo
789 2223 877 2279 electa
894 2225 923 2277 et
948 2238 1032 2276 mann
1064 2222 1159 2277 mortis
1191 2222 1299 2277 salvum
1329 2221 1437 2286 iecisti,
1470 2220 1492 2275 si
1522 2236 1645 2291 unquam
1675 2218 1782 2274 affuisti

86 2304 260 2361 sanctificata
277 2323 321 2377 es,
340 2307 417 2362 coelo
437 2306 552 2363 deberis.
589 2307 651 2362 Illic
668 2307 720 2362 tibi
737 2310 796 2379 J'am
810 2307 918 2378 pridem
947 2305 1023 2376 mihi,
1053 2324 1128 2362 nunc
1159 2308 1187 2362 iu
1214 2307 1269 2362 hoc
1298 2323 1427 2379 supremo
1455 2306 1528 2359 vitae
1554 2320 1632 2360 meae
1658 2304 1782 2359 mortalis

86 2390 240 2448 innocentis
262 2393 376 2448 mactati
396 2392 472 2464 Agni
494 2395 630 2466 sanguine
661 2393 813 2449 laetissima
839 2393 919 2448 sedes
947 2390 1066 2447 articulo
1085 2392 1223 2447 laboranti
1243 2393 1318 2450 ades.
1357 2391 1403 2446 Ad
1422 2398 1449 2447 te
1469 2390 1589 2446 animam
1608 2390 1700 2461 erigo,
1728 2389 1780 2444 tibi

85 2482 186 2548 parata
204 2482 253 2535 est.
288 2477 360 2534 Illuc
379 2480 473 2535 oculos
492 2479 593 2551 defige,
611 2480 677 2534 illuc
695 2478 803 2550 respice
819 2484 848 2534 et
861 2496 918 2535 mo·
946 2494 1045 2533 manus
1068 2479 1169 2548 tendo,
1197 2478 1247 2534 tibi
1271 2496 1355 2551 aeger
1380 2479 1425 2533 hic
1449 2483 1478 2533 et
1501 2476 1651 2549 languidus
1667 2476 1780 2548 spiritus

83 2562 183 2619 lestam
206 2563 365 2620 immundae
391 2565 483 2625 carnis
512 2565 649 2620 sarcinam
674 2564 775 2636 cupide
801 2563 918 2634 depone.
946 2563 1071 2630 ducitur,
1098 2570 1127 2620 tc
1146 2566 1253 2637 invoco,
1281 2572 1310 2621 te
1328 2566 1409 2620 unice
1425 2564 1566 2630 desidero,
1591 2562 1645 2619 tibi
1663 2564 1780 2635 suspiro,

84 2648 151 2705 Jsm
174 2648 226 2705 tibi
249 2650 381 2706 Abrabae
403 2656 482 2721 petet
507 2650 597 2720 sinus,
625 2652 684 2721 jam
708 2649 762 2721 ipsi
780 2650 849 2706 cosli
866 2665 917 2705 ceu
945 2649 981 2703 ad
1007 2656 1035 2706 te
1060 2651 1207 2723 confugio,
1233 2668 1250 2707 a
1274 2658 1302 2708 ta
1328 2668 1406 2722 opem
1431 2654 1512 2722 peto,
1533 2649 1585 2705 tibi
1603 2665 1648 2706 me
1667 2650 1779 2721 penitus

84 2732 194 2791 christo
220 2752 254 2791 ax
280 2737 418 2809 baptismo
444 2738 625 2793 adscendenti
654 2737 829 2809 panduntur,
857 2737 918 2806 jam
943 2736 1024 2790 trado
1048 2742 1201 2809 totumque.
1237 2738 1261 2794 Ο
1284 2755 1332 2793 rex
1357 2752 1434 2791 meus
1460 2742 1489 2792 et
1506 2735 1695 2799 Dammana,
1730 2736 1777 2807 qui

82 2819 134 2876 tibi
163 2821 271 2893 palmiti
290 2822 399 2879 Christo
423 2823 577 2895 perfidem
605 2823 707 2880 inserto
737 2824 917 2895 ejusdemque
943 2820 1016 2876 banc
1037 2823 1128 2879 carnis
1145 2825 1283 2880 humanae
1307 2825 1336 2879 in
1360 2828 1388 2879 te
1412 2821 1548 2877 sustulisti
1567 2821 1718 2890 miseriam,
1746 2828 1778 2877 nt

82 2914 203 2979 purgato
222 2908 357 2980 sanguine
377 2909 523 2980 paradisus
544 2910 675 2981 aperitur.
719 2908 810 2965 Sentis
829 2908 916 2965 disee
943 2906 1010 2961 mihi
1035 2908 1129 2964 aditus
1151 2911 1179 2965 in
1205 2911 1311 2967 coelum
1338 2912 1461 2981 pateret3
1487 2907 1537 2979 qui
1560 2908 1588 2962 in
1614 2924 1663 2962 ara
1687 2907 1777 2962 crucis

83 2992 169 3049 dendi
191 2994 366 3051 molestiam?
389 3002 494 3052 sustine
513 2996 672 3067 paululum,
695 3001 830 3067 punctum
847 3001 915 3051 tem-
942 2999 1066 3049 sanctam
1091 2995 1173 3067 egisti
1197 2997 1332 3062 animam,
1359 3002 1391 3051 ut
1412 3011 1465 3065 ego
1489 2994 1516 3049 iu
1536 3010 1619 3050 cruce
1634 2994 1776 3065 exspirans

82 3080 157 3151 poris
175 3086 231 3151 est,
263 3097 318 3153 quo
337 3087 365 3137 te
383 3083 511 3153 expediet
528 3083 613 3139 Deus.
652 3082 750 3139 Perfer
766 3099 868 3155 magno
888 3089 916 3138 et
942 3079 1147 3150 reviviscerem3
1172 3087 1203 3136 tn
1229 3082 1338 3137 animae
1355 3080 1592 3153 ,tranquillitatem
1610 3078 1728 3152 largitus
1746 3096 1776 3133 es

81 3166 201 3222 infracto
219 3168 356 3223 animost
377 3168 485 3224 obdura
502 3168 618 3225 fortiter.
655 3169 746 3225 Semel
766 3174 795 3223 et
810 3168 914 3224 brevis-
941 3165 1017 3235 mibi,
1037 3172 1068 3221 tu
1087 3173 1220 3223 terrorem
1238 3167 1334 3223 mortis
1354 3166 1496 3235 sustulisti,
1521 3174 1552 3221 tu
1571 3166 1648 3222 vitae
1666 3180 1773 3237 parens,

81 3253 144 3307 simi
162 3252 295 3323 temporis
315 3255 451 3309 sustinere
469 3254 593 3321 labores,
612 3259 640 3311 et
658 3256 732 3326 quod
751 3254 836 3311 semel
851 3271 913 3325 per-
941 3256 971 3306 ιιι
990 3252 1047 3306 dur
1067 3252 1142 3309 vitae
1155 3270 1190 3308 ne
1210 3253 1385 3325 derelinquas
1403 3271 1455 3311 mc.
1491 3252 1611 3309 Domine
1628 3252 1720 3317 Deus,
1738 3267 1774 3306 ne

81 3339 243 3394 solvendum
262 3343 306 3394 est
324 3337 456 3408 debitum,
473 3347 580 3397 mature
598 3341 713 3413 sineque
726 3357 840 3396 versura
852 3358 913 3412 per·
941 3337 1098 3394 discesseris
1118 3355 1205 3408 ame,
1224 3339 1325 3395 festina
1344 3339 1380 3395 ad
1396 3339 1541 3395 ferendum
1553 3338 1684 3395 auxilium
1697 3336 1773 3404 mihi,

80 3424 201 3495 solvere,
232 3442 315 3497 quarn
341 3425 446 3481 diutius
469 3426 601 3499 inhujus
620 3427 717 3483 mundi
736 3427 914 3499 improbitate
939 3423 1059 3481 Domine
1076 3424 1173 3481 salutis
1193 3442 1279 3482 meae.
1311 3425 1467 3482 Overbum
1487 3426 1593 3482 aeterni
1608 3425 1706 3495 Patris,
1729 3424 1773 3479 lac
1786 3432 1866 3474 xvru.
1879 3431 1925 3476 toa

79 3510 199 3582 versari,
222 3511 316 3568 multis
340 3511 468 3584 partibus
487 3513 586 3569 melius
606 3520 655 3572 est.
692 3513 756 3570 Non
775 3514 913 3582 morieres,
940 3527 1057 3582 quaeso,
1075 3529 1110 3567 ne
1130 3529 1253 3583 unquam
1272 3517 1436 3583 expectere
1455 3528 1516 3567 meo
1537 3516 1686 3568 evanescat
1703 3511 1773 3566 illud

80 3599 131 3656 sed
153 3598 229 3654 vives
249 3598 335 3655 vitam
352 3601 547 3672 sempiternam
566 3607 594 3658 et
611 3601 736 3657 narrabis
755 3616 838 3673 opera
856 3601 912 3655 Do·
940 3597 1070 3654 verbum:
1096 3597 1175 3654 Haec
1195 3605 1238 3654 est
1255 3599 1313 3654 vita
1330 3605 1450 3671 aeterna,
1471 3605 1504 3655 ιιι
1520 3605 1550 3655 te
1566 3614 1662 3654 verum
1681 3597 1773 3654 Deum

80 3686 157 3741 mini.
195 3684 277 3743 Unus
303 3685 361 3742 dies
385 3684 414 3742 in
430 3686 478 3743 illo
496 3687 668 3743 sanctissimo
685 3688 831 3744 beatorum
849 3704 913 3742 con·
940 3687 969 3739 et
1001 3699 1082 3756 quem
1109 3690 1142 3739 tu
1166 3684 1265 3739 misisti
1296 3685 1393 3739 Jesum
1423 3684 1578 3754 Christum,
1610 3690 1771 3756 agnoscant.

78 3770 145 3827 cilio
170 3771 298 3827 omnibus
315 3770 454 3827 humanae
471 3772 546 3829 vitae
565 3773 665 3829 seculis
684 3781 727 3830 est
743 3780 911 3845 anteponen·
941 3769 1013 3824 illud
1042 3769 1172 3835 verbum,
1201 3788 1258 3842 quo
1281 3771 1429 3840 latronem,
1458 3788 1522 3827 cum
1541 3772 1601 3843 jam
1620 3776 1772 3828 extremum

77 3858 137 3913 dus
176 3858 222 3912 'l'n
239 3873 305 3912 vero
324 3874 440 3929 corpus,
465 3859 494 3913 in
513 3875 568 3930 quo
584 3859 698 3925 alendo,
717 3860 854 3930 curando,
872 3859 913 3915 fo·
939 3855 1066 3927 spiritum
1085 3856 1212 3925 duceret,
1237 3857 1401 3913 suavissime
1420 3858 1578 3914 consolatus
1598 3876 1643 3928 cs,
1675 3862 1771 3914 sancto

79 3943 180 4012 vendo,
197 3942 347 3999 reficiendo
365 3943 447 3998 nimis
464 3946 581 4000 multum
600 3947 733 4018 temporis
751 3962 912 4002 consumen-
939 3942 1044 4013 spiritu
1067 3948 1116 3997 tuo
1139 3942 1168 3997 in
1192 3943 1276 3999 corde
1303 3960 1365 4000 meo
1388 3943 1519 4015 obsigna:
1547 3944 1639 3999 Hodie
1664 3961 1771 4000 mecum

81 4029 148 4084 dum
171 4027 238 4099 fuit,
263 4035 309 4096 tu,
335 4030 462 4102 iuquam,
489 4033 569 4102 cujus
594 4032 719 4103 pondere
743 4031 836 4087 anima
852 4048 914 4088 mea
939 4029 992 4084 eris
1016 4030 1044 4083 in
1069 4029 1208 4099 paradiso.
1246 4029 1303 4086 Pac
1326 4031 1426 4100 igitur,
1458 4036 1491 4085 ut
1513 4030 1622 4101 placide
1654 4048 1686 4086 er
1718 4031 1770 4086 hoc

78 4114 161 4171 nimis
178 4128 263 4187 saepe
280 4116 317 4170 ad
336 4124 437 4171 terram
454 4117 598 4189 depressa,
616 4118 706 4173 minus
722 4117 808 4174 libere
827 4136 858 4175 se
875 4119 911 4174 ad
940 4114 1116 4171 diversoriolo
1135 4116 1252 4188 emigret
1271 4116 1364 4171 anima
1379 4132 1441 4172 mea
1462 4123 1489 4174 et
1507 4123 1645 4172 exuemus
1658 4116 1770 4187 spiritus

77 4198 209 4257 coelestia
236 4202 326 4271 potuit
351 4202 491 4271 attollere,
517 4209 548 4258 ιιι
577 4203 676 4275 igitur,
704 4204 834 4275 quoniam
859 4205 912 4260 Dei
940 4219 1015 4258 mens
1039 4202 1212 4257 sanctissimo
1239 4207 1288 4258 tuo
1314 4208 1343 4259 et
1360 4202 1442 4274 plane
1459 4209 1576 4275 paterno
1596 4203 1679 4258 corde
1696 4205 1768 4260 exci-

77 4289 135 4343 stat
152 4287 298 4352 ιοιιιθιιιίιι,
315 4293 348 4343 ιιι
366 4288 446 4343 sicuti
465 4288 500 4345 de
520 4295 595 4344 terra
612 4294 733 4344 sumtum
751 4305 789 4360 es,
807 4291 836 4345 in
856 4296 910 4344 ter·
937 4286 1043 4357 piatur,
1066 4294 1098 4342 nt
1122 4287 1169 4359 qui
1188 4303 1222 4343 ex
1243 4294 1271 4342 te
1290 4288 1384 4358 coepit
1400 4288 1523 4353 initium,
1546 4289 1598 4345 tibi
1618 4288 1769 4349 dedicetur,

77 4388 137 4429 ram
160 4372 273 4442 redeas,
295 4373 380 4445 idque
398 4373 450 4429 tibi
467 4374 549 4431 toties
565 4379 609 4430 tot
625 4375 783 4431 morborum
803 4375 910 4447 generi·
937 4376 967 4429 in
985 4379 1013 4428 te
1029 4373 1076 4428 hic
1094 4380 1248 4446 postremus
1266 4375 1340 4429 vitae
1360 4391 1438 4430 meac
1456 4376 1579 4430 mortalis
1597 4383 1675 4432 actus
1692 4374 1769 4431 tinia·

75 4458 129 4515 bns
145 4463 175 4514 et
194 4456 306 4513 easibm
325 4457 461 4527 humanis,
480 4477 597 4533 quorum
615 4461 806 4517 brevissimum
818 4461 911 4516 hacte-
936 4468 989 4517 tur.
1025 4460 1085 4530 Da,
1111 4466 1142 4514 ut
1160 4475 1194 4513 er
1209 4458 1294 4529 hujus
1310 4460 1434 4530 corporis
1452 4461 1633 4533 compagibus
1652 4468 1680 4516 te
1699 4462 1770 4516 duce

76 4560 131 4601 nas
155 4542 312 4600 intercessit
333 4544 523 4612 intervallum,
549 4562 601 4602 ceu
626 4545 713 4617 signis
731 4546 786 4602 fuit
804 4546 910 4601 denun-
937 4563 989 4602 ceu
1008 4563 1058 4617 per
1075 4562 1150 4600 mare
1166 4545 1282 4600 rubrum
1301 4546 1390 4601 victor
1407 4561 1592 4617 perrumpam.
1618 4547 1652 4601 In
1672 4564 1770 4603 manus

74 4628 192 4699 fiotum,
219 4629 300 4685 unde
325 4634 354 4685 te
378 4630 479 4701 quieti,
503 4630 576 4687 intra
596 4630 625 4686 in
648 4631 804 4687 cubiculum
825 4637 912 4700 tuum,
937 4639 999 4688 tuas
1020 4631 1182 4686 commendo
1202 4630 1330 4701 spiritum
1350 4646 1450 4698 meum,
1470 4631 1611 4688 redemisti
1628 4650 1672 4689 me
1692 4633 1769 4689 Deus

76 4714 176 4771 claude
193 4714 302 4784 mtium,
329 4715 498 4771 abscondere
516 4716 663 4787 modicum,
683 4717 771 4773 donec
789 4723 913 4772 transeat
937 4717 1069 4774 veritatis.
1108 4716 1190 4773 Nunc
1214 4716 1300 4788 igitur
1328 4716 1364 4771 ad
1387 4716 1510 4789 requiem
1528 4725 1605 4773 tuam
1624 4720 1769 4792 ingredere

76 4799 241 4873 indignatio.
281 4799 428 4872 corruptio
446 4807 495 4856 tua
506 4802 559 4857 erit
576 4803 714 4874 purgatio,
732 4802 819 4858 mvrlto
830 4803 912 4874 prod·
938 4805 1030 4859 anima
1049 4819 1124 4867 mea,
1148 4802 1214 4874 quia
1232 4802 1368 4858 Dominus
1385 4801 1524 4859 benefecit
1543 4804 1608 4871 tibi,
1632 4806 1698 4877 quia
1718 4807 1770 4861 eri·

76 4886 132 4943 ibis
156 4886 313 4959 gloriosius,
339 4886 481 4943 seminaris
505 4889 691 4959 corruptibile,
718 4905 846 4961 resurges
872 4888 912 4943 in·
939 4891 999 4961 pnit
1024 4895 1052 4944 te
1077 4889 1112 4944 de
1129 4894 1224 4951 morte,
1243 4888 1338 4944 oculos
1356 4894 1419 4944 tuos
1440 4906 1458 4944 a
1476 4889 1623 4961 lacrymis,
1646 4892 1732 4962 pedes
1753 4911 1770 4946 a

76 4972 273 5045 corruptibile,
294 4972 438 5029 seminaris
458 4975 487 5027 iu
509 4974 674 5046 ignominia,
702 4991 829 5045 resurges
849 4991 912 5029 cum
938 4977 1018 5046 lapsu
1033 4975 1162 5031 continet
1202 4975 1370 5046 Depuguavi
1388 4976 1545 5046 praeclare,
1576 4993 1686 5031 cursum
1705 4994 1770 5033 con·

76 5059 184 5133 gloria,
202 5058 345 5115 seminaris
364 5059 510 5130 infirmum,
529 5061 651 5115 validum
668 5068 853 5133 vegetamque
871 5077 911 5114 re·
938 5062 1000 5119 ieci.
1038 5061 1119 5117 Nune
1138 5069 1248 5131 tempus
1266 5069 1323 5130 est,
1348 5066 1380 5115 ιιι
1399 5060 1427 5114 in
1448 5062 1565 5117 eumdem
1583 5069 1708 5133 portum,
1737 5081 1769 5118 ex

78 5161 184 5220 surges
221 5144 340 5202 Gessisti
362 5161 509 5217 personam
526 5146 642 5211 terreni,
667 5164 746 5217 geres
766 5162 911 5218 personam
938 5164 992 5218 qno
1014 5162 1140 5218 egressus
1158 5164 1233 5214 sum,
1262 5163 1365 5218 magna
1380 5148 1504 5217 jactatus
1523 5152 1687 5218 tempestate
1705 5165 1769 5205 eon-

77 5231 207 5289 coelestis
230 5238 258 5287 et
285 5232 314 5286 in
332 5248 415 5287 carne
431 5238 481 5286 tus
500 5232 598 5288 faciem
619 5233 672 5286 Dci
693 5232 845 5304 adspicies3
869 5249 912 5286 sa·
937 5233 1050 5305 fugiam.
1095 5232 1235 5303 Deinceps
1264 5248 1367 5287 corona
1391 5230 1519 5302 justitiae
1549 5232 1616 5288 mibi
1648 5234 1770 5305 reposita

77 5316 208 5386 tiaberis,
234 5334 297 5372 cum
321 5316 357 5372 ad
382 5317 530 5388 imaginem
554 5319 615 5388 ejus
641 5319 829 5390 evigilaveris3
860 5317 911 5372 tibi
938 5324 994 5387 cst,
1020 5334 1103 5389 quam
1129 5317 1188 5388 ipse
1212 5318 1348 5373 Dominus
1374 5319 1403 5373 in
1428 5318 1476 5373 illa
1502 5318 1547 5374 die
1570 5318 1638 5374 mihi
1663 5321 1768 5377 reddet

79 5403 185 5462 reditas
211 5403 239 5458 in
260 5403 345 5459 vitam
368 5404 536 5458 certissimus
563 5408 606 5458 est
634 5406 799 5474 propositus.
839 5404 912 5467 Quin
938 5404 1041 5459 Mende
1060 5403 1135 5473 vale,
1160 5403 1227 5458 satis
1248 5404 1393 5460 exercuisti
1413 5420 1470 5470 me,
1495 5407 1554 5475 jam
1574 5422 1647 5460 nunc
1667 5423 1770 5477 quaere

80 5489 189 5547 etiamsi
206 5507 239 5546 ex
257 5489 388 5546 universa
404 5506 495 5545 rerum
513 5494 614 5544 natura
632 5490 775 5554 emitteris,
794 5490 912 5545 Domino
938 5491 1031 5559 alium,
1048 5490 1093 5544 cui
1114 5489 1235 5545 facessas
1254 5491 1405 5561 negotium.
1437 5490 1461 5546 0
1482 5491 1571 5545 drslcis
1590 5492 1661 5547 coeli
1676 5494 1768 5565 regia!

79 5582 175 5637 bnon
196 5580 260 5643 taso,
286 5577 336 5650 qui
360 5582 403 5632 est
425 5592 455 5632 os
480 5593 513 5631 ex
532 5574 641 5632 ossibus
663 5576 719 5631 tuis
749 5582 778 5631 et
795 5591 859 5631 caro
879 5592 912 5632 ex
939 5573 1139 5631 crassissima
1162 5574 1254 5646 patria
1271 5574 1361 5633 salvet
1390 5576 1467 5633 Haec
1486 5577 1578 5635 omnia
1594 5578 1691 5652 paucis
1711 5596 1770 5637 mu·
