4104 6014
821 333 874 391 DE
896 331 1036 393 MORTE.
1732 344 1771 403 87

74 484 170 538 eume
197 487 299 540 merito
327 490 436 543 censa-i
451 490 557 547 debeat.
605 489 789 546 Bellarmiuus
806 489 869 544 libr.
889 493 914 543 3.
943 486 1025 544 Ratio
1044 492 1148 562 pendet
1164 510 1198 548 ex
1220 491 1291 563 leqn
1308 493 1421 548 diuinae
1443 493 1633 564 perfectione,
1658 509 1691 548 ax
1709 491 1772 546 ees-

76 567 115 622 de
136 569 212 626 cultu
232 578 390 629 amatorum
408 591 432 630 c.
454 580 477 631 8.
495 575 630 632 utilitates
657 577 771 632 istarum
790 575 914 648 peregri-
941 577 1131 646 losannensis
1145 579 1335 647 prohibitione
1352 587 1378 632 et
1396 595 1428 632 ιι
1447 580 1538 634 eabae
1550 580 1772 642 dioiniratione,

75 654 223 711 munuum
242 665 356 715 revocat
374 661 411 716 sd
430 662 484 717 tria
503 663 612 734 capita:
646 664 745 718 Prima
764 666 866 717 cedant
884 663 914 715 in
940 662 1121 732 nequeenim
1141 663 1210 735 legis
1230 663 1772 735 periecti0,necelectitiorumcultuum

76 740 212 796 bonorem
238 747 298 799 Dei
327 756 353 801 et
383 757 544 802 sanctornm
575 768 632 803 non
658 751 824 804 mediocrem
830 771 841 819 ,·
875 756 916 802 est
940 748 1105 819 prohibitio,
1137 768 1190 806 uec
1208 750 1299 805 cultus
1317 750 1378 805 Deo
1396 751 1468 822 grati
1488 752 1559 806 ratio
1577 751 1720 822 permittit,
1741 756 1773 804 ut

78 829 153 881 esim
172 833 355 901 manifestam
375 836 493 902 1191111,
514 837 605 889 Deam
625 844 651 889 et
669 845 781 890 sanctos
799 854 818 889 a
835 835 915 888 nolis
941 849 975 887 ex
998 836 1111 906 proprio
1134 837 1248 892 arbitrio
1273 843 1383 907 praeter
1409 843 1437 892 et
1461 844 1540 893 extra
1561 837 1676 892 verbum
1691 835 1773 900 ibone

77 915 177 983 magni
187 918 260 983 fieri,
279 936 340 973 cnm
359 920 484 975 laborem
497 929 524 975 et
533 923 665 991 pericula
677 923 808 976 itinerum
818 929 915 992 monte
941 920 1092 978 intentione
1107 940 1196 978 novus
1215 923 1316 995 aliquis
1335 924 1425 978 cultus
1455 923 1629 996 reipublice
1646 923 1771 977 institua-

76 1002 265 1072 sascipiasns,
307 1013 339 1059 nt
374 1015 536 1061 sanctornm
580 1009 718 1078 reliquias
754 1009 915 1066 inai'samns.
941 1010 995 1069 tur,
1011 1007 1056 1062 sel
1072 1009 1202 1079 privatim
1221 1009 1396 1081 suscipiatur,
1415 1016 1448 1065 ut
1466 1009 1534 1065 alibi
1552 1009 1635 1064 latius
1662 1008 1772 1064 demon·

80 1086 214 1144 &nnec
233 1099 273 1144 cst
290 1109 362 1162 opas
375 1094 566 1162 poenitentias
579 1095 829 1163 manifestioris,
848 1096 915 1164 qnia
941 1097 1052 1147 stratur.
1099 1096 1186 1167 Atqui
1213 1095 1449 1167 peregrinationes
1476 1094 1639 1151 Pontificiae
1662 1101 1772 1166 praeter

75 1174 255 1230 laboriosnm
282 1186 309 1232 et
327 1180 458 1247 poenale.
510 1182 605 1235 Tertio
628 1189 712 1248 anget
735 1183 913 1235 devotionem.
941 1183 970 1231 et
990 1187 1067 1234 extra
1086 1180 1201 1236 verbum
1221 1182 1349 1252 opinione
1367 1181 1515 1253 singularis
1533 1180 1651 1252 alicujus
1678 1180 1770 1234 cultus

77 1261 158 1316 Nam
171 1263 340 1332 promentia
358 1266 418 1320 loci
432 1268 584 1320 sanmiaic
596 1269 765 1338 dicipatest,
783 1275 914 1336 qnantum
940 1266 1137 1336 suscipiuntur.
1173 1268 1256 1340 Ergo.
1287 1268 1367 1333 Quod
1385 1269 1516 1338 opinione
1536 1268 1626 1321 meras
1647 1282 1694 1321 eas
1710 1283 1771 1320 sus-

76 1349 200 1403 inentiat
218 1351 380 1418 horrorem
399 1362 533 1422 quamam
553 1355 650 1408 ιιιιιιι
667 1355 865 1421 reverentiam,
889 1361 915 1407 et
941 1350 1059 1424 cipiaut,
1093 1361 1170 1424 patet
1195 1368 1228 1408 ex
1253 1354 1321 1426 ipsis
1340 1354 1431 1408 verbis
1450 1353 1603 1425 Stspletoui
1622 1360 1651 1408 et
1667 1352 1770 1407 Beller-

75 1434 146 1488 licst
175 1436 276 1506 abique
295 1438 351 1492 sint
370 1439 433 1493 loca
451 1439 551 1509 aliquia
569 1448 684 1505 sanna,
715 1450 807 1495 tamen
830 1456 914 1508 saepe
941 1437 1022 1503 miui;
1051 1438 1126 1510 quod
1156 1437 1201 1493 bic
1235 1439 1326 1494 cultus
1355 1440 1521 1496 destituatur
1551 1453 1680 1510 expresso
1717 1437 1771 1492 Dei

77 1521 189 1575 alicubi
207 1531 272 1577 snat
291 1523 390 1595 aliquia
417 1525 480 1580 loca
498 1527 657 1592 sanctiora,
689 1529 730 1581 ad
753 1542 826 1596 qnae
846 1525 915 1578 ntile
941 1525 1025 1580 verbo
1050 1540 1084 1579 sc
1109 1525 1256 1590 mandato,
1288 1526 1396 1596 patebit
1420 1542 1453 1581 ex
1479 1526 1648 1581 ιίιιιιιιὶοιι
1667 1540 1769 1592 ιοιιιι,

77 1614 119 1660 ese
140 1609 339 1677 peregrinari,
369 1613 414 1666 set
441 1613 470 1666 ei
499 1631 555 1667 non
572 1622 636 1667 nent
663 1614 822 1679 sanctiora,
849 1620 915 1666 nint
941 1626 1013 1680 quae
1037 1625 1087 1679 pro
1113 1610 1286 1666 stabiliendis
1309 1611 1444 1684 religiosis
1472 1611 1528 1667 suis
1544 1609 1771 1683 peregrinationi·

76 1702 172 1747 tamen
190 1694 252 1749 alia
270 1697 306 1750 ab
324 1697 385 1762 aa,
403 1712 475 1768 qm
494 1700 524 1753 in
544 1709 641 1754 nostra
654 1701 755 1770 patrio
771 1699 913 1753 invenian·
940 1695 992 1750 bus
1013 1713 1046 1750 ex
1065 1695 1208 1767 Scriptura
1224 1696 1363 1752 Pontificii
1382 1696 1534 1752 adducunt.
1575 1696 1687 1767 Excipit
1707 1695 1771 1751 Bel·

77 1788 135 1844 sar,
154 1782 382 1851 etipsancaitas
390 1785 476 1854 javat
489 1788 530 1840 aci
543 1787 721 1840 metandam
733 1786 912 1840 devotionem.
939 1781 1070 1837 larminus
1094 1781 1122 1836 d.
1150 1781 1168 1837 l.
1194 1783 1297 1836 cultam
1327 1784 1516 1837 voluntariam
1534 1783 1595 1836 dici
1611 1799 1688 1844 enm,
1723 1783 1774 1851 qni

76 1865 165 1921 Olane
187 1867 308 1940 Magnus
330 1869 554 1944 archiepiscopus
575 1873 745 1943 Upsalieusis
762 1873 791 1927 in
812 1871 912 1927 Suecia
940 1868 999 1920 sine
1029 1869 1139 1922 ratione
1166 1869 1335 1941 suscipitur,
1366 1878 1397 1922 nt
1416 1869 1443 1921 si
1458 1868 1772 1937 cabannensem

76 1951 126 2008 lib.
150 1959 188 2009 16.
207 1953 242 2008 de
260 1957 438 2026 septentrion.
457 1958 588 2030 gentibus
606 1975 629 2013 c.
652 1965 692 2014 16.
711 1959 811 2022 refert,
839 1958 913 2028 quod
939 1955 1043 2008 itnmm
1069 1957 1111 2008 ad
1135 1972 1272 2018 mensam,
1304 1956 1362 2009 nisi
1385 1956 1427 2010 lis
1452 1957 1554 2009 laverit
1577 1973 1683 2009 manns.
1732 1956 1772 2008 At

76 2054 111 2092 ex
140 2037 288 2094 devotione
312 2041 358 2095 rel
376 2048 440 2098 roto
459 2043 616 2099 volentibus
633 2061 750 2116 peregre
774 2042 912 2114 proficisci
939 2041 1044 2108 ιιιιιιι,
1070 2043 1120 2110 qni
1135 2042 1276 2096 ιιιιιιιιν
1295 2045 1359 2097 Deo
1372 2059 1429 2113 per
1446 2052 1526 2097 actas
1544 2043 1691 2106 virtatem,
1715 2060 1772 2096 non

74 2124 114 2179 ad
133 2125 288 2182 leuraam
316 2133 367 2182 aut
382 2128 596 2200 compostellam
624 2129 667 2185 vel
695 2130 796 2185 ιιιιιιι
814 2129 912 2185 urbem
939 2128 1044 2182 dicitas
1074 2129 1260 2197 voluntarias,
1293 2129 1358 2183 licet
1388 2146 1445 2183 non
1472 2128 1510 2181 sit
1523 2133 1707 2197 praeceptus,
1740 2135 1772 2181 nt

76 2227 128 2266 seu
159 2211 216 2268 alia
244 2212 321 2281 loca,
350 2220 434 2285 prout
463 2214 543 2269 multi
568 2214 745 2270 illustrissimi
778 2232 858 2286 reges
883 2222 913 2269 et
933 2222 1015 2282 patet
1044 2230 1119 2270 nuru.
1141 2220 1182 2270 39.
1210 2216 1260 2268 nbi
1277 2215 1418 2269 Dominae
1446 2215 1532 2282 jain,
1561 2213 1677 2283 impleri
1704 2221 1771 2267 rata

75 2296 198 2354 feminae
231 2299 296 2352 olim
326 2299 444 2371 proiecti
476 2301 546 2370 siut,
575 2302 687 2372 praesul
715 2303 759 2357 vel
783 2301 912 2356 sacerdos
937 2317 1031 2353 roam
1059 2319 1114 2356 non
1141 2310 1367 2372 praeceptorum.
1416 2300 1640 2372 Respondemus:
1674 2305 1697 2356 1.
1726 2304 1769 2354 est

75 2400 161 2454 super
190 2399 237 2439 eos
262 2391 292 2440 et
311 2385 452 2441 naculum
472 2404 505 2442 ec
527 2387 657 2442 baculum
682 2388 763 2443 modo
784 2386 911 2459 sequenti
937 2384 1105 2459 ambiguitas
1122 2389 1150 2441 in
1170 2388 1307 2444 vocabulo
1326 2388 1488 2456 volontarii,
1505 2387 1550 2441 vel
1569 2385 1767 2458 euimopponi·

74 2475 154 2525 stans
167 2470 333 2528 benedicere
343 2473 441 2527 solitus
454 2472 552 2529 inerit:
571 2474 778 2528 DomineJesn
794 2473 910 2541 Uiriste,
936 2478 982 2527 tur
1006 2483 1102 2529 coacto
1131 2482 1158 2529 et
1186 2476 1288 2538 incito,
1326 2475 1370 2530 vel
1397 2475 1532 2530 divinitas
1568 2475 1703 2527 mandam
1733 2490 1769 2527 ae

75 2557 208 2611 conditor
236 2560 337 2612 mnndi
363 2567 389 2613 st
427 2563 584 2628 redemtor,
618 2562 669 2630 qni
694 2561 831 2630 apostolis
854 2559 910 2613 tais
932 2561 1124 2630 praescripto.
1173 2560 1202 2618 si
1229 2561 1366 2633 inpriore
1388 2559 1590 2634 significatione
1607 2559 1768 2630 accipiebat,

71 2640 264 2716 praecepisti,
293 2653 325 2699 nt
352 2654 446 2700 euntes
472 2648 502 2701 in
528 2649 786 2716 peregrinationem
815 2647 911 2714 oirpas
936 2647 1006 2701 uibil
1022 2647 1098 2702 aliud
1118 2654 1197 2702 notat
1215 2663 1296 2720 quam
1317 2648 1422 2704 cultum
1442 2653 1640 2718 spontaneum,
1667 2645 1769 2717 quiex

76 2739 187 2786 mntnm
205 2739 357 2798 sumam,
376 2740 403 2785 te
420 2733 546 2804 supplici
562 2734 707 2789 deuotione
721 2735 857 2803 petimus,
880 2741 911 2785 nt
937 2731 1026 2787 libero
1052 2733 1150 2805 spiritu
1177 2740 1206 2788 et
1224 2741 1335 2805 promta
1353 2734 1494 2789 voluntate
1508 2731 1705 2802 proficiscitur,
1737 2739 1770 2786 ut

78 2819 206 2890 digneris
237 2819 288 2872 hos
312 2821 441 2874 sacculos
463 2829 490 2874 et
513 2824 603 2888 instes
627 2837 677 2875 sen
697 2822 810 2875 baculas
833 2822 910 2873 benc·
936 2819 1046 2874 interim
1066 2820 1215 2874 conformis
1235 2821 1272 2875 sit
1289 2820 1403 2892 regulae
1422 2820 1451 2873 iu
1466 2819 1553 2874 verbi)
1572 2818 1768 2888 praescriptae.

78 2907 188 2970 dicere,
220 2912 357 2974 quatenns
375 2906 421 2972 tn‘,
452 2908 503 2978 qai
519 2908 588 2962 illos
605 2909 636 2961 in
659 2909 771 2978 monam
785 2907 911 2977 perecri-
936 2901 1034 2961 Talem
1058 2906 1163 2962 cultum
1180 2905 1259 2962 Deus
1285 2907 1395 2962 omnino
1414 2923 1432 2961 a
1449 2905 1577 2960 fidelibus
1602 2904 1718 2976 requirit
1735 2920 1769 2958 ac

78 2993 204 3047 aniana
231 2999 258 3045 et
283 2993 330 3047 sni
357 2996 486 3064 corporis
515 2996 741 3049 mnentationem
771 2994 913 3063 receptari
937 2998 1048 3065 gratum
1073 2993 1168 3048 habet.
1215 2993 1317 3048 Psalrn.
1347 2999 1409 3062 116,
1438 3011 1464 3048 v.
1490 2998 1520 3048 3:
1548 2993 1678 3063 Populus
1704 2999 1768 3044 tans

77 3086 157 3147 sant,
187 3086 254 3132 raas
269 3079 397 3134 coelectis
415 3081 526 3149 gratim
543 3081 683 3150 roeipiant
696 3079 910 3150 pleniasdinem,
936 3089 1105 3150 spontaneas
1134 3081 1230 3150 offeret
1256 3079 1309 3133 tibi
1335 3097 1353 3132 a
1378 3080 1499 3133 victoria
1528 3087 1577 3132 tna
1607 3080 1637 3132 in
1667 3080 1768 3131 decom
1846 3070 1851 3087 ¹

78 3173 107 3218 nt
136 3165 168 3218 in
198 3164 238 3218 eis
268 3167 408 3220 monimen
442 3173 508 3220 tnue
536 3167 736 3221 benedictionis
763 3166 911 3235 percipere
937 3174 1041 3222 sancto.
1072 3165 1160 3220 Exod.
1181 3171 1222 3230 36,
1240 3183 1266 3219 v.
1287 3172 1317 3220 ιι
1338 3166 1434 3219 Omnis
1445 3164 1622 3219 uoluntarias
1633 3172 1661 3217 et
1674 3181 1766 3235 prono

75 3251 204 3322 possint,
228 3258 259 3304 nt
278 3252 514 3320 quemadmodem
539 3252 621 3322 virga
639 3254 740 3307 Aaron
759 3252 790 3305 in
807 3250 910 3319 templo
937 3253 1031 3306 animo
1050 3255 1151 3323 offerat
1170 3269 1219 3306 eas
1238 3252 1393 3306 oblamones
1407 3251 1540 3306 Domino.
1580 3256 1602 3305 1.
1619 3249 1709 3305 Paral.
1725 3254 1766 3315 13,

80 3337 199 3393 Domini
223 3339 331 3407 florens
362 3355 382 3390 a
410 3338 556 3392 rebellium
587 3339 766 3393 Jnaasaran
796 3354 910 3392 nummo
936 3356 962 3391 1.
981 3343 1011 3394 9:
1031 3339 1113 3392 Serui
1125 3341 1188 3392 Deo
1207 3339 1292 3392 corde
1305 3338 1436 3406 perfecto
1451 3339 1582 3390 stenima
1599 3336 1766 3390 volitatorio.

78 3426 167 3495 ἱριίιιι
184 3424 299 3494 stirpem
318 3424 465 3493 distincit5
499 3425 541 3477 ita
564 3432 591 3478 et
619 3426 670 3479 bos
688 3425 835 3494 signaculo
880 3423 910 3477 S.
936 3424 1035 3480 Pselm
1071 3431 1132 3494 119,
1163 3442 1188 3478 v.
1225 3429 1287 3480 tot:
1325 3425 1491 3478 Voluntaria
1517 3424 1576 3478 orie
1605 3424 1661 3476 mei
1690 3424 1766 3476 bene-

79 3510 160 3566 Petri
178 3517 295 3564 ornatos
312 3512 349 3563 ab
368 3510 494 3564 omnim
510 3512 638 3579 peccatis
661 3511 806 3575 cerateas,
834 3511 910 3579 qnod
932 3511 1046 3580 placita
1081 3513 1134 3574 fac
1170 3513 1299 3566 Domine.
1357 3509 1463 3565 Eodem
1507 3525 1589 3564 seusu
1632 3508 1767 3580 accipitur

78 3599 107 3652 in
142 3598 188 3651 die
211 3597 322 3667 judicii
351 3597 388 3650 ab
414 3597 511 3669 impiis
535 3599 665 3666 separati
689 3598 720 3650 in
737 3599 836 3651 deatra
854 3597 910 3649 sint
934 3596 1036 3653 Erech.
1056 3603 1104 3662 16,
1123 3614 1148 3651 v.
1172 3601 1210 3650 11.
1250 3598 1334 3650 Amos
1353 3602 1385 3665 1,
1409 3613 1435 3649 1.
1456 3602 1482 3652 6.
1519 3602 1542 3650 2.
1563 3597 1624 3652 cor.
1646 3601 1676 3663 3,
1698 3612 1723 3650 v.
1741 3601 1764 3652 3.

77 3693 159 3754 parte
191 3684 361 3749 collocandi,
387 3700 442 3752 per
472 3685 627 3738 Dominam
655 3692 779 3739 nostram
811 3684 909 3736 Jesnm
934 3683 1053 3739 Philem.
1070 3701 1096 3739 1.
1120 3690 1161 3740 15.
1197 3682 1225 3738 Si
1257 3683 1286 3737 in
1314 3683 1465 3754 posteriore
1492 3681 1694 3754 significatione
1721 3699 1765 3737 ac·

79 3772 365 3842 circinnatores„
401 3770 676 3842 Peregrinationibus
699 3771 909 3835 satnfactiones
934 3770 1048 3840 cipitur,
1076 3769 1217 3841 siguificat
1242 3769 1347 3825 cultum
1376 3769 1487 3841 proprio
1513 3768 1627 3824 arbitrio
1651 3776 1679 3825 et
1696 3786 1765 3824 ausu

77 3858 206 3928 palbras
225 3856 420 3926 peecatoribus
439 3856 687 3927 impositss'fuisse
705 3856 843 3911 redemtus
859 3872 908 3910 seu
935 3863 1045 3927 praeter
1063 3861 1091 3911 et
1109 3862 1186 3910 ιιιιι
1201 3856 1315 3910 verbum
1329 3856 1524 3927 excogitatum.
1549 3855 1647 3911 Talem
1659 3856 1766 3911 cultum
1860 3871 1865 3882 ·

78 3948 269 4007 commutatas,
286 3947 396 3997 constat
415 3958 449 3998 ex
466 3958 540 3998 caus.
560 3948 602 4001 33.
621 3960 648 4014 q.
671 3947 693 3999 1.
935 3942 1012 3997 Deus
1037 3942 1168 4013 reprobat
1197 3957 1230 3996 ac
1255 3941 1379 3996 damnat.
1427 3948 1451 3997 ιι
1475 3941 1618 4013 Quidquid
1637 3941 1766 4012 opinione

116 4035 173 4085 123.
209 4029 268 4084 Nos
290 4045 344 4083 nee
373 4028 611 4100 peregrinationes
637 4027 774 4096 politicas
795 4032 909 4097 propter
935 4029 1026 4084 cultus
1045 4028 1104 4083 siue
1122 4043 1251 4098 expresso
1271 4026 1325 4082 Dei
1349 4026 1482 4084 mandato
1503 4028 1666 4099 suscipitur,
1696 4027 1765 4082 illud

76 4115 192 4172 salutem
231 4112 402 4186 reipublicae
438 4113 482 4170 rel
521 4114 694 4170 commodum
734 4113 909 4168 oeconomiae
935 4116 996 4168 sine
1020 4116 1130 4169 ratione
1156 4113 1318 4185 suscipitur,
1354 4115 1420 4184 quia
1443 4131 1540 4170 norma
1564 4115 1651 4169 divini
1674 4114 1766 4169 cultus

77 4207 239 4272 susceptas,
266 4217 319 4256 nec
353 4201 560 4254 ιιιὶιιιιιιίιιι
590 4200 723 4255 divinitus
754 4200 909 4268 mandatas,
935 4208 977 4256 est
1001 4201 1091 4255 solum
1115 4206 1198 4271 atque
1223 4199 1306 4255 unice
1328 4199 1382 4254 Dei
1406 4200 1537 4269 verbum,
1567 4217 1622 4255 nou
1644 4201 1766 4256 humana

76 4285 166 4357 qualis
190 4286 245 4341 fuit
269 4285 404 4356 profectio
426 4285 616 4342 Israiilitarum
641 4286 678 4341 sd
701 4285 791 4340 locum
817 4287 908 4340 cultus
933 4287 1004 4343 ratio
1039 4303 1090 4357 per
1118 4293 1262 4357 peccatum
1292 4293 1436 4357 compta,
1478 4287 1552 4341 uude
1569 4286 1640 4357 legis
1659 4287 1765 4356 peritus

77 4372 208 4427 divinitus
235 4371 352 4427 electum
375 4373 457 4429 Deut.
480 4379 525 4437 16,
550 4390 576 4426 1.
599 4378 637 4428 16.
663 4388 714 4427 uec
734 4373 907 4442 spirituales,
937 4375 1082 4444 νιυιεχῶς,
1096 4373 1314 4441 rationabiliter,
1323 4372 1499 4443 respondisse
1510 4372 1611 4426 dicitur
1622 4371 1708 4426 Μιιι.
1725 4378 1764 4437 12,

78 4475 150 4530 quae
175 4458 204 4512 iu
224 4458 399 4529 separatione
416 4473 434 4511 a
452 4457 576 4514 falsitate
593 4457 735 4513 acceiae
762 4463 791 4512 et
808 4458 907 4529 impro-
933 4480 958 4517 r.
980 4465 1021 4518 31.
1039 4477 1102 4515 cum
1120 4477 1153 4515 ex
1171 4460 1234 4531 lege
1254 4459 1309 4514 Dei
1327 4460 1362 4514 de
1382 4476 1478 4513 norma
1494 4457 1629 4512 bonorum
1648 4475 1763 4528 operum

76 4544 162 4600 bitate
187 4544 262 4599 ritae
286 4544 441 4599 consistunt
466 4550 490 4600 2.
514 4545 576 4600 (lor.
604 4550 634 4610 6,
664 4561 689 4601 1.
715 4551 738 4600 1.
758 4546 845 4615 Apoc.
867 4550 907 4613 11,
933 4563 966 4601 ιι
991 4546 1081 4601 cultus
1109 4545 1196 4600 diriui
1226 4546 1428 4617 respondisset,
1455 4561 1488 4599 ac
1515 4543 1620 4598 Paulus
1652 4545 1765 4615 λογικὴν

75 4648 103 4686 1.
129 4636 154 4686 1.
183 4646 235 4684 nec
258 4631 433 4683 necessarias
456 4629 486 4683 iu
510 4631 613 4686 exsiliis
638 4639 763 4701 tempore
780 4645 907 4703 persecu·
936 4640 1070 4705 λατρείαν,
1089 4631 1259 4685 rationalem
1278 4633 1389 4700 cultram,
1409 4647 1426 4685 a
1444 4630 1609 4686 Christianis
1622 4632 1764 4703 requirens

77 4717 184 4773 tionum
201 4716 339 4787 patienter
356 4717 505 4786 msccptis,
535 4735 588 4772 nee
612 4719 757 4772 salutares
781 4725 807 4771 et
823 4717 907 4771 utiles
932 4721 1012 4776 Rom.
1035 4724 1079 4786 11,
1104 4736 1130 4773 1.
1158 4722 1181 4772 1.
1203 4732 1264 4787 cap.
1291 4723 1336 4786 13,
1362 4735 1385 4772 1.
1403 4722 1427 4772 9.
1453 4717 1490 4770 sd
1506 4717 1596 4789 legem
1616 4717 1696 4772 uuioa
1713 4735 1764 4772 uos

77 4804 246 4860 ιιιιιιιοιιι
276 4802 313 4856 ad
339 4802 415 4867 laea,
446 4803 475 4858 in
504 4805 606 4873 quibus
633 4821 733 4875 purum
766 4803 907 4876 religionis
934 4811 1053 4863 revocat.
1087 4810 1111 4860 3.
1130 4804 1173 4858 De
1190 4803 1349 4874 spontaneis
1366 4803 1554 4860 oblationibus
1575 4805 1605 4858 iu
1623 4804 1685 4876 ipsa
1702 4806 1765 4876 lege

79 4889 240 4945 exercitium
266 4889 344 4960 viget
368 4906 401 4944 sc
428 4889 505 4944 rivos
531 4896 641 4945 sauctus
669 4891 766 4946 audim
784 4898 812 4944 et
829 4891 908 4962 quip
934 4893 1030 4950 divina
1058 4895 1168 4946 emtant
1185 4898 1278 4945 certae
1302 4890 1503 4958 ordinationes,
1532 4891 1608 4962 quod
1626 4890 1685 4946 lieri
1702 4908 1764 4962 pos·

78 4976 155 5046 piam
176 4974 243 5029 boui
263 4975 407 5031 addiscere
424 4975 496 5044 licet,
514 4975 715 5045 improbamus,
745 4976 794 5031 sed
816 4977 908 5047 potius
934 4981 998 5047 siut,
1017 4993 1071 5049 quo
1090 4976 1171 5031 modo
1191 4984 1218 5031 et
1237 4993 1292 5048 quo
1305 4976 1334 5030 in
1346 4975 1408 5031 loco
1422 4976 1482 5032 lieri
1494 4976 1624 5046 debeant,
1641 4982 1673 5031 ιι
1686 4981 1764 5046 patet

77 5062 319 5131 commendamus,
351 5063 518 5132 Pontificius
551 5065 644 5116 autem
672 5061 908 5134 peregrinationes
935 5083 969 5122 ex
988 5063 1055 5119 Les.
1075 5070 1099 5131 1,
1116 5080 1142 5116 v.
1163 5068 1203 5119 16.
1222 5079 1245 5116 ι
1265 5067 1306 5129 11,
1325 5080 1351 5119 1.
1373 5068 1412 5119 18.
1435 5063 1516 5120 Num
1534 5069 1616 5132 11,1.
1591 5069 1660 5118 13
1681 5061 1764 5117 Deua

19 5148 207 5238 ¹⁸⁷opinione
233 5148 382 5219 singularis
400 5149 506 5214 cultus,
538 5147 735 5204 substantionis
764 5165 798 5202 ac
818 5132 1022 5247 ιιιι1ι1111,1
1042 5155 1082 5206 11
1113 5166 1179 5220 crgo
1208 5147 1274 5203 illae
1294 5165 1350 5202 non
1374 5148 1488 5204 inerunt
1513 5164 1598 5219 opera
1615 5148 1673 5202 sine
1690 5147 1764 5202 testi-

19 5191 113 5291 ¹³⁷od
151 5234 280 5306 sepulcra
316 5251 350 5289 ae
379 5235 442 5289 locs
483 5239 640 5289 sanctorum
676 5241 819 5304 susceptu
850 5230 1027 5309 totoimonio
1044 5234 1123 5290 verbi
1142 5234 1236 5290 divini

10 5351 42 5389 ..2
76 5324 189 5391 pectore
219 5321 410 5392 repudiamus,
439 5318 506 5391 quia
538 5324 603 5373 sunt
633 5328 653 5377 1.
689 5322 924 5433 ιιιριιιιιιίιιιι,1
973 5322 1185 5379 11616111
1203 5337 1403 5390 sapervacame,
1414 5323 1595 5386 frastraneae
1609 5327 1635 5373 et
1652 5319 1757 5373 otiosae
1758 5303 1893 5396 ,²0⁸⁰ffl,

10 5398 53 5442 ¹²¹·
77 5406 153 5476 quod
182 5406 223 5461 sic
247 5407 472 5463 demonstramus.
519 5404 709 5479 Quodcunque
735 5415 853 5477 praeter
883 5403 924 5461 σι’
935 5409 964 5464 id
989 5408 1064 5479 quod
1088 5408 1129 5464 sic
1146 5408 1373 5462 demonstramus.
1427 5414 1447 5463 1.
1476 5405 1619 5477 Quidquid
1639 5403 1826 5474 opinioneso
1779 5410 1874 5450 wan·

76 5499 158 5547 entra
187 5493 300 5546 aeriam
326 5493 455 5564 opinione
490 5490 639 5563 singularis
669 5493 788 5564 alicujus
817 5490 1027 5573 culmsicultus
1047 5499 1206 5565 susceptum
1226 5492 1385 5548 destituitur
1404 5492 1496 5547 diriuo
1515 5492 1654 5558 mandato,
1673 5490 1766 5546 divino

76 5578 241 5650 smcipitur,
278 5579 348 5634 illud
385 5574 606 5648 superstitiosum
637 5577 736 5638 merito
768 5581 924 5635 ιιιιιιιιι.ι
937 5579 1117 5650 promissore
1133 5580 1251 5651 probato
1264 5579 1397 5649 exemplo,
1416 5579 1485 5633 illud
1499 5586 1767 5652 estsuperracuum,
