4074 6022
656 232 709 290 De
726 226 972 293 MOR'l'UORUM
990 223 1315 290 RESURRECTIONE.
1773 231 1833 293 481

146 384 241 439 tames
257 379 357 457 cuique
374 391 535 459 resurqersti
550 393 695 462 peribunt,
727 392 796 459 quia
813 393 844 446 irs
863 389 980 445 easdem
1007 383 1082 440 ritur
1106 401 1205 457 corpus
1230 386 1259 440 in
1283 385 1419 442 clemente
1442 386 1611 458 dispersnm3
1641 385 1681 440 sic
1698 384 1728 439 in
1744 399 1836 439 resur·

147 486 273 539 cursem,
298 483 330 529 ut
346 493 534 547 quemcunque
548 477 590 533 ibi
606 479 697 533 locum
714 479 845 548 eorporis
857 482 978 538 terream,
1006 471 1129 528 rectione
1147 472 1224 528 casui
1242 474 1384 543 opposita,
1403 473 1499 528 ordine
1516 478 1610 529 tamen
1627 471 1789 543 retrogrado
1808 476 1837 524 et

146 565 259 612 casata
270 562 401 628 partium
419 564 614 634 cosqsuersts'a,
641 565 777 619 materiae
793 561 980 619 mutabilitate
1005 558 1113 613 inverso
1131 560 1186 613 tria
1203 560 1344 615 observari
1361 565 1487 631 possunt,
1508 564 1531 616 1.
1544 560 1695 628 psilotrum
1713 576 1747 613 ac
1762 557 1835 611 cirse-

144 649 295 716 certesstur,
313 650 440 716 quumvis
459 652 536 720 quod
552 651 595 705 uit
608 653 766 705 Doasiuus:
787 649 917 719 Capillus
934 664 978 701 oa·
1004 662 1068 697 rum
1091 646 1294 715 ‹iissipatcrum
1319 646 1462 714 collectio,
1492 663 1565 718 quae
1584 651 1627 700 est
1643 644 1781 718 quaedum
1799 642 1836 698 ad

142 728 214 795 pitis
230 734 318 786 vestri
334 753 390 789 aou
403 736 519 806 peribit,
538 755 595 793 555
615 741 650 791 de
669 738 855 806 turpitudine,
874 737 926 789 sed
945 736 980 789 cle
1005 746 1150 801 corporum
1175 731 1399 788 reformationem
1426 732 1618 804 praeparatio,
1650 735 1693 788 2..
1706 730 1836 800 corporis

145 832 260 872 numero
284 821 456 890 capillorum
479 824 586 879 dictum
610 826 697 880 multo
717 827 813 895 aptius
828 823 919 894 possit
936 824 978 875 s'a-
1005 833 1038 870 ec·
1057 818 1117 872 illis
1131 819 1293 888 pulveribus
1310 836 1345 873 ae
1365 820 1506 873 ciuembus
1518 818 1674 888 sonnatio,
1701 833 1773 888 quae
1794 823 1837 871 est

146 902 377 972 5115555555
388 910 462 964 oliti
472 910 559 965 dicit:
578 911 688 981 Capilli
703 912 807 981 capitis
825 910 913 965 vestri
928 927 977 962 55-
1004 904 1041 959 ad
1063 905 1216 961 animarum
1239 907 1442 976 susceptionem
1466 906 1627 978 dispositio,
1658 908 1685 962 3.
1710 907 1836 974 ejsudem

146 991 248 1044 meruli
263 1001 328 1047 aussi
345 1013 447 1054 omna,
484 996 587 1053 0011er
607 1015 649 1061 eg,
667 1015 740 1070 quae
758 998 794 1054 de
804 1014 868 1053 vero
880 997 979 1052 horum
1002 991 1124 1053 sortitalt'
1144 994 1281 1047 animatio
1306 992 1364 1048 sivo
1387 993 1497 1049 animae
1522 993 1560 1047 ad
1586 993 1656 1049 illud
1675 1010 1775 1064 eorpus
1793 1008 1836 1047 ΓΘ·

67 1089 73 1098 ·
146 1074 292 1132 verborum
316 1080 419 1137 Christi
444 1100 528 1138 sensu
550 1084 717 1140 adduximus
744 1084 871 1156 superius
889 1081 916 1157 ξ.
938 1088 978 1137 15.
1002 1074 1152 1132 formatum
1170 1078 1247 1134 velut
1265 1079 1295 1133 iu
1312 1078 1461 1149 pristinum
1480 1079 1650 1135 domicilium
1667 1079 1794 1135 reductio
1808 1087 1837 1132 et

59 1171 83 1214 x.
97 1174 132 1215 or.
146 1161 197 1217 nbi
225 1166 393 1233 monuimus,
424 1169 486 1240 pins
511 1176 619 1227 vetem
643 1172 728 1228 verba
753 1171 804 1227 iun
833 1169 870 1226 sd
888 1185 978 1224 mnr-
1004 1162 1193 1235 redintegrata
1213 1183 1277 1219 cum
1294 1182 1408 1235 corpore
1427 1166 1502 1235 unio,
1521 1183 1594 1238 quae
1612 1173 1655 1222 est
1670 1165 1771 1235 partim
1788 1181 1836 1220 ua·

145 1249 276 1307 rectionis
294 1253 442 1311 articulum
460 1257 603 1328 applicare
623 1276 657 1315 55
670 1259 782 1331 quidem
792 1274 883 1328 sensu,
903 1257 978 1330 qnod
1004 1249 1110 1320 taralis,
1128 1251 1228 1321 purtim
1245 1251 1413 1324 personalis,
1433 1268 1484 1323 per
1502 1251 1580 1307 illam
1591 1251 1768 1307 constituitur
1780 1267 1837 1306 una

146 1351 182 1390 ne
205 1336 318 1393 minima
343 1340 455 1411 quidem
480 1345 604 1415 corporis
628 1345 767 1417 particula
784 1346 821 1400 sit
839 1345 978 1418 periturs3
1004 1340 1102 1392 natura
1120 1337 1248 1409 humana,
1268 1356 1318 1410 per
1337 1339 1409 1395 hanc
1428 1357 1514 1394 unum
1534 1338 1707 1410 suppositum
1726 1345 1837 1394 etunru

145 1419 255 1477 interim
279 1441 312 1479 ex
331 1442 364 1481 ρο
381 1427 479 1484 inferri
499 1432 610 1503 nequit,
641 1433 717 1504 quod
736 1432 864 1488 hamme,
883 1451 976 1503 super.
1003 1421 1099 1492 homo;
1117 1427 1232 1497 etquis
1250 1445 1307 1482 non
1326 1427 1362 1482 ad
1382 1425 1570 1497 temporalem,
1590 1426 1640 1482 sed
1652 1424 1689 1481 ad
1701 1431 1836 1497 perpetuo

146 1505 195 1563 flui
223 1514 251 1564 et
280 1516 494 1581 excrementitii,
524 1519 686 1589 capillorum
711 1521 777 1575 item
797 1526 826 1575 ct
842 1519 977 1592 unguium
1004 1509 1165 1566 duraturam
1182 1513 1268 1568 ritem
1287 1514 1381 1568 anima
1398 1513 1506 1583 corpori
1524 1513 1624 1567 iterum
1642 1512 1739 1567 unitur
1754 1512 1836 1569 adeo·

145 1594 358 1668 superfluitates,
381 1617 455 1672 quaa
472 1610 537 1659 sunt
556 1606 650 1675 potius
667 1607 866 1677 rejectrmsntn
885 1612 914 1660 et
931 1622 976 1661 εχ.
1005 1612 1059 1666 que
1079 1597 1190 1653 vinculo
1207 1599 1392 1656 indissolubili
1416 1616 1481 1655 eum
1499 1616 1533 1654 eo
1552 1599 1745 1670 conjungitur,
1773 1599 1837 1656 ideo

144 1690 286 1740 crementa
303 1702 386 1757 quem
405 1689 529 1746 membra
543 1692 665 1763 corporis
680 1699 976 1765 etoruamcntaquae·
1003 1684 1129 1738 1181818111
1155 1685 1231 1741 illam
1256 1686 1409 1742 animarum
1434 1703 1498 1740 cum
1522 1686 1684 1757 ⁰0¹P⁰fibu⁸
1708 1703 1724 1741 θ
1746 1691 1837 1742 teme

146 1783 201 1838 que
217 1771 306 1842 megin
325 1782 445 1843 gravant
464 1782 493 1831 et
510 1786 627 1834 onerant
647 1796 730 1851 quam
748 1786 863 1850 ornant,
889 1780 918 1835 in
935 1797 977 1835 fg.
1004 1769 1117 1839 pulvere
1136 1773 1277 1828 suscitetis
1298 1774 1428 1829 unionem
1445 1773 1572 1845 sequitur
1588 1772 1674 1829 totius
1692 1773 1837 1844 compositi

146 1857 316 1914 surrectione
334 1859 390 1915 sint
409 1860 514 1917 homini
531 1865 711 1922 restituenda
1004 1857 1155 1912 mundum
1176 1864 1323 1930 ⁰⁶¹³qu
1341 1864 1603 1915 mmmmm
1621 1859 1739 1915 (111111Ῑο·
1777 1861 1836 1915 Pri·
1852 1865 1903 1905 m·
1920 1865 1951 1906 ⁵⁶²·

1005 1960 1081 1997 mum
1099 1961 1183 2015 opus,
1207 1947 1355 2016 pulverum
1375 1947 1480 2002 scilicet
1498 1964 1532 2003 ac
1549 1947 1673 2003 cinerum
1691 1947 1837 2019 dissipato·

460 2076 666 2089 ..ψ
1006 2046 1066 2084 rum
1084 2032 1282 2103 collectionem,
1300 2033 1461 2105 angelorum
1481 2032 1633 2089 ministerio
1646 2035 1837 2106 peragendum

748 2158 752 2165 .
1006 2116 1163 2189 disputent,
1191 2119 1315 2192 illudque
1344 2138 1394 2191 per
1422 2123 1665 2192 eoaqreqats'onem
1689 2123 1838 2178 electorum

429 2242 450 2303 ο
468 2243 494 2303 Δ
511 2243 538 2304 P
553 2244 626 2306 UT
660 2242 689 2306 v
1007 2223 1026 2258 5
1052 2214 1175 2275 qssatuor
1198 2210 1285 2262 oeats's
1314 2207 1412 2264 March.
1432 2213 1480 2278 24,
1504 2226 1530 2264 s.
1553 2214 1596 2266 31.
1619 2209 1834 2281 intelligendum

690 2292 697 2305 ’
1006 2291 1176 2348 arbitrantur
1202 2295 1301 2350 Scotus
1324 2303 1348 2351 t.
1374 2301 1443 2350 sent.
1466 2295 1654 2354 5151155543.
1680 2304 1786 2368 quaest.
1812 2305 1837 2354 5.

175 2394 240 2459 DE
271 2397 447 2466 FORMA
479 2401 944 2473 RESURRECTIONIS
1005 2377 1127 2434 Thomas
1147 2380 1183 2434 de
1200 2381 1346 2452 Argentin.
1366 2381 1433 2437 ibid.
1456 2382 1531 2437 unde
1549 2400 1605 2437 uon
1625 2383 1685 2439 sine
1704 2385 1836 2455 temporis

946 2455 953 2470 ’
1006 2470 1097 2520 tractu
1122 2482 1174 2522 nec
1197 2467 1256 2521 sine
1273 2467 1355 2522 locali
1374 2474 1450 2522 motu
1468 2468 1498 2521 id
1517 2469 1608 2539 ipsum
1627 2470 1786 2528 absolutum
1804 2473 1837 2528 iri

59 2574 101 2603 ns.
183 2553 225 2605 91,
257 2550 364 2607 Forma
381 2557 588 2612 sermationi„
607 2564 649 2613 <nt
666 2558 711 2613 vel
729 2560 855 2626 imerus,
873 2560 918 2614 vel
936 2575 979 2612 es.
1007 2556 1134 2620 censent,
1161 2552 1270 2624 reliqua
1294 2559 1387 2608 autern
1412 2554 1482 2623 duo,
1506 2555 1638 2612 videlicet
1662 2559 1785 2629 corporis
1804 2577 1838 2616 ex

59 2626 136 2707 {fgm
149 2641 238 2690 terrra.
278 2635 391 2695 Intcrna
418 2642 609 2698 consideratur
635 2644 679 2700 sel
707 2653 834 2716 respectu
858 2654 980 2700 asortuo·
1007 2639 1167 2709 pulveribus
1202 2649 1231 2696 et
1260 2641 1400 2696 cineribus
1432 2642 1625 2698 formationem
1656 2647 1837 2720 ejusdemque

59 2726 95 2818 1ῐῖ-
149 2740 220 2793 rum,
238 2724 282 2779 vel
299 2735 428 2797 respectu
444 2731 872 2802 ntssvmm,qu03⁸051100tdjffl
892 2733 981 2788 novis.
1006 2725 1118 2781 formati
1148 2727 1358 2798 animationem,
1395 2727 1555 2783 immediata
1585 2730 1697 2787 divinae
1727 2734 1838 2788 virtutis

80 2804 89 2820 ⁹
150 2811 235 2866 simus
273 2813 461 2885 deprehendet
496 2818 583 2874 vivon.
635 2820 737 2875 Forma
773 2821 980 2875 resurrectionis
1007 2814 1164 2884 operatione
1184 2815 1213 2869 in
1228 2821 1368 2870 momento
1379 2813 1550 2884 perficienda
1561 2822 1696 2873 statuunt.
1721 2819 1837 2875 Richar-

149 2897 257 2953 interna
280 2910 407 2970 respectu
429 2912 603 2959 mortuorum
629 2906 755 2962 consistit
782 2910 805 2962 1.
827 2908 857 2961 ia
883 2924 980 2976 corpo-
1007 2900 1059 2955 dus
1084 2907 1108 2956 4.
1133 2908 1202 2956 sent
1227 2901 1348 2957 distinct
1375 2907 1416 2957 43.
1440 2906 1492 2956 art.
1517 2907 1541 2956 5.
1567 2911 1674 2973 quaest.
1700 2911 1724 2961 2.
1751 2914 1779 2961 et
1804 2924 1837 2961 ex

148 3003 212 3038 rum
231 3002 246 3039 e
264 2993 357 3041 terrae
377 2989 495 3057 putem
515 2988 669 3048 ἀνακλάσει
684 2992 742 3048 sive
762 2995 963 3057 reformatione
969 3016 980 3062 ,·
1007 3003 1039 3042 00
1059 2985 1201 3043 Cornelius
1220 2987 1358 3058 aLupide
1375 2987 1404 3041 in
1422 3002 1518 3043 comm
1547 2995 1570 3045 1.
1589 2989 1650 3045 Cor.
1665 2997 1705 3046 15.
1724 3009 1751 3063 p.
1773 2997 1839 3050 346:

149 3074 174 3125 2,
204 3073 234 3125 i„
266 3077 417 3130 eorundem
446 3077 618 3133 ananam
646 3079 704 3134 ,170
737 3081 891 3135 animarum
917 3098 980 3136 cum
1006 3075 1120 3128 Natura
1135 3075 1224 3144 spatii
1241 3081 1268 3128 et
1284 3081 1374 3128 motus
1392 3092 1448 3129 555
1467 3078 1580 3131 videtur
1595 3080 1677 3147 pati,
1696 3088 1727 3132 ut
1742 3087 1840 3148 partes

147 3158 309 3230 corporibus
335 3162 507 3217 resuscitatis
523 3164 707 3222 redunitionn,
746 3166 903 3238 Utrumque
919 3184 979 3224 m.
1008 3161 1137 3229 corporis
1163 3162 1356 3215 resuscitandi
1379 3179 1397 3214 a
1416 3164 1505 3217 soriis
1521 3164 1593 3218 loccis
1610 3165 1638 3217 irs
1657 3182 1742 3219 usum
1759 3166 1839 3221 colls'·

148 3241 191 3297 bis
205 3261 340 3316 perquam
357 3248 522 3319 emphaticis
541 3249 708 3306 describitur
727 3251 826 3311 Erech.
846 3259 887 3322 37,
907 3272 934 3312 v.
950 3262 979 3310 5:
1007 3256 1110 3315 qnater
1132 3249 1163 3302 irs
1180 3257 1326 3315 momento,
1354 3252 1422 3320 qus’ss
1438 3267 1485 3304 res
1501 3269 1557 3304 555
1573 3258 1665 3320 potest
1682 3253 1788 3305 moseri
1803 3253 1840 3306 ab

151 3331 229 3386 Haeo
249 3333 320 3387 dicit
338 3336 477 3390 Dominus
496 3337 603 3391 esssbus
622 3340 733 3393 arietis:
760 3343 836 3396 Ecce
862 3358 913 3412 eqo
938 3344 980 3397 15-
1007 3341 1127 3388 63361110
1154 3335 1185 3388 ἕν
1217 3335 1301 3390 “liud
1323 3344 1485 3401 6411131374,
1515 3338 1583 3405 inin
1605 3338 1688 3405 Pfl'm
1713 3346 1840 3393 1141139111

148 3421 300 3474 tramittam
319 3422 348 3475 in
366 3423 564 3492 oossps'rr'tum
581 3426 737 3490 5151555115,
767 3446 792 3482 v.
811 3432 836 3483 6.
861 3438 888 3483 et
906 3431 980 3484 (labo
1005 3421 1128 3490 3114141131
1145 3423 1276 3491 11113νῖ111115
1294 3422 1343 3476 Sed
1360 3422 1572 3490 m0¹1¹i¹¹0fiffl¹²⁸s
1591 3421 1630 3494 1111
1650 3421 1836 3501 ὖπὲρφρθνέῖν

148 3525 232 3577 super
256 3525 306 3563 vos
329 3526 430 3563 aereos
453 3518 479 3564 ct
501 3529 674 3567 essccrescere
695 3515 806 3578 faciam
830 3533 980 3585 supervos
1005 3505 1075 3584 παρ’
1095 3504 1114 3560 δ’
1133 3512 1177 3562 δεῖ
1194 3515 1317 3583 φρονεῖν,
1344 3507 1413 3563 ἀλλὰ
1438 3516 1555 3583 φρονεῖν
1574 3514 1613 3570 tlt
1629 3510 1662 3563 τὸ
1682 3521 1836 3588 σωφρονεῖν

149 3610 249 3648 cama
277 3603 303 3648 es
330 3599 562 3668 supermanans
587 3599 617 3653 ts
640 3601 718 3654 5555
742 3609 830 3655 essem
853 3610 881 3656 et
906 3605 980 3659 stato
1006 3595 1085 3652 Rom.
1108 3600 1154 3658 lt,
1180 3614 1206 3650 v.
1228 3601 1251 3651 3.
1280 3613 1331 3651 nes
1354 3596 1490 3651 curiosius
1516 3601 1672 3651 serstorum
1689 3607 1836 3669 nements,

148 3683 225 3737 cols's
240 3685 380 3752 spiritum,
398 3691 423 3737 et
439 3686 536 3738 sinetis
553 3690 604 3740 etc.
640 3686 979 3758 contemsissem
1006 3700 1078 3754 quta
1096 3680 1180 3736 Pater
1206 3680 1333 3736 coelestis
1346 3682 1446 3768 ,posuit
1464 3685 1494 3738 is
1513 3687 1546 3758 τῇ
1565 3686 1624 3753 tots
1643 3686 1752 3756 ἐξουσίᾳ
1772 3687 1836 3742 Ati·

150 3769 188 3825 Ι5
202 3770 353 3825 uerissima
373 3771 420 3825 ais
440 3772 573 3826 deterre
589 3782 767 3828 surrrecturus
789 3793 864 3846 sum,
892 3794 917 3830 v.
938 3782 979 3836 26,
1010 3776 1032 3839 l,
1050 3788 1077 3825 v·
1098 3777 1121 3824 7·
1159 3769 1262 3823 suarez
1278 3775 1349 3838 part.
1371 3772 1394 3823 3.
1418 3786 1465 3839 qu.
1484 3773 1524 3824 53.
1544 3769 1647 3840 disput.
1668 3778 1709 3827 44.
1729 3780 1837 3829 rests.

150 3864 175 3909 et
194 3874 308 3911 rursum
327 3858 524 3912 circumdabor
544 3859 623 3926 pelle
641 3879 712 3918 meo.
745 3861 903 3918 Chaldaeus
920 3865 981 3921 red·
1006 3872 1062 3922 ”01¹
1082 3854 1219 3911 dubitavit
1236 3871 1367 3924 1181016181
1385 3860 1415 3910 61
1431 3856 1544 3926 quidem
1560 3857 1722 3926 1⁰⁰ti⁸⁸im⁰s
1740 3876 1837 3930 ⁶0'P0·

152 3941 223 3996 didit
246 3950 397 4011 postquam
423 3945 525 4013 irsstata
546 3947 644 4012 suerit
660 3948 748 4017 pellis
764 3967 840 4017 meu,
869 3949 923 4005 hoc
941 3959 983 4007 ont
1007 3945 1049 3997 ris
1065 3942 1255 3996 resuscitandi
1267 3950 1368 4010 partes
1388 3944 1448 3995 Dei
1463 3944 1566 3996 virtute
1592 3944 1700 4014 (utpote
1718 3945 1838 4015 infinita)

152 4029 264 4099 quando
287 4029 365 4084 Deus
389 4031 558 4100 spiraculum
576 4033 652 4088 vitae
670 4032 737 4088 mihi
756 4034 847 4090 denuo
863 4035 983 4107 inspira·
1008 4031 1043 4085 ab
1063 4038 1181 4085 ectremc
1198 4031 1240 4083 orl
1258 4038 1405 4084 extremum
1422 4029 1483 4084 siue
1499 4030 1592 4084 asae
1610 4032 1735 4086 transire
1755 4050 1841 4103 posse

152 4116 209 4185 bit,
235 4117 289 4171 erit
307 4118 371 4181 loc,
402 4119 438 4172 de
465 4137 551 4174 carne
568 4137 631 4174 men
649 4122 749 4175 dmum
766 4122 863 4177 ridete
883 4126 983 4181 Deum,
1009 4135 1044 4171 oc
1056 4117 1179 4187 proinde
1197 4117 1228 4171 in
1246 4135 1330 4171 uuum
1349 4118 1441 4172 locum
1460 4127 1596 4172 mmaeuto
1611 4119 1745 4187 temporis
1755 4121 1841 4176 mmul

153 4201 297 4268 statiores,
315 4202 423 4258 seilicet
440 4205 596 4276 Sareptena
614 4213 642 4262 st
661 4207 826 4273 auranitis,
855 4207 985 4268 dicuntur
1009 4208 1093 4263 coire.
1126 4205 1227 4259 Forma
1248 4205 1458 4260 resursmtionis
1484 4206 1591 4261 interne
1615 4214 1743 4276 serpere
1765 4210 1839 4264 viso-

152 4297 276 4344 mutuos
298 4309 364 4346 suos
385 4293 526 4361 recepisse
547 4295 583 4347 de
606 4297 809 4349 resurrectirme
833 4296 921 4356 Hebr,
944 4306 984 4370 11,
1009 4312 1071 4348 rum
1098 4291 1225 4346 consistit
1253 4292 1282 4344 in
1306 4298 1499 4347 momentanea
1523 4309 1557 4347 ac
1580 4293 1728 4349 subitanea
1745 4311 1839 4352 eorum

153 4391 179 4430 s.
198 4381 240 4433 35.
265 4394 328 4431 oum
354 4377 506 4448 prophetae
528 4379 659 4448 precibus
683 4380 801 4435 reditum
821 4383 930 4439 aninree
947 4386 983 4440 ad
1010 4379 1213 4442 immutatione,
1237 4394 1292 4449 qua
1315 4394 1372 4431 non
1390 4377 1451 4448 ipsa
1470 4395 1616 4449 corporum
1636 4381 1793 4437 substantia
1810 4382 1839 4437 in

152 4479 270 4532 corpora
286 4470 457 4519 mortuorum
480 4465 675 4534 impetrassent
699 4472 720 4520 1.
740 4466 809 4537 Reg.
833 4475 873 4540 11,
896 4477 983 4531 521,
1009 4469 1064 4523 illis
1091 4466 1260 4534 abolebitur,
1289 4464 1339 4519 sed
1361 4465 1482 4535 qualitas
1507 4467 1674 4535 mutabitur,
1704 4484 1737 4522 sc
1766 4469 1841 4540 quod

154 4549 258 4622 susq
272 4557 296 4621 4,
312 4569 335 4606 v.
348 4557 386 4606 35.
404 4551 469 4606 inde
481 4552 603 4607 Gabriel.
620 4569 700 4611 serrn.
714 4561 736 4613 t.
753 4555 783 4608 iu
801 4558 984 4629 scriperem:
1010 4552 1181 4625 corruptioni
1200 4564 1233 4606 ec
1252 4551 1333 4605 morti
1352 4558 1395 4605 est
1411 4550 1575 4623 obnoxium,
1596 4560 1723 4609 naturam
1744 4555 1841 4612 induet

154 4639 311 4707 Recurqerc
338 4637 411 4692 rsilrsl
438 4638 521 4692 aliud
546 4647 589 4694 est
612 4659 711 4709 qrsam,
740 4644 817 4712 quod
843 4653 984 4699 mortuum
1010 4643 1198 4710 incorruptam
1218 4644 1246 4692 et
1264 4638 1461 4704 immortalem,
1484 4655 1557 4710 quae
1578 4645 1600 4696 1.
1616 4638 1679 4695 Gor.
1697 4647 1736 4710 15,
1757 4660 1783 4697 v.
1799 4649 1840 4699 51.

153 4727 265 4792 fueret,
294 4727 395 4780 iterum
423 4726 566 4790 tristificari
586 4727 631 4781 cel
654 4728 777 4782 amimam
800 4731 985 4801 vivificantem
1010 4736 1039 4785 st
1056 4734 1095 4783 52.
1140 4732 1163 4786 1.
1185 4725 1312 4782 Thessal.
1335 4731 1368 4794 4,
1400 4742 1425 4780 v.
1448 4730 1489 4780 15.
1516 4731 1544 4779 et
1572 4731 1610 4781 11.
1641 4743 1712 4798 quae
1736 4725 1841 4799 dilapsi

154 4815 254 4867 iterum
281 4813 410 4880 corpori,
440 4814 519 4881 quod
545 4814 682 4883 dmeruit,
712 4815 798 4869 uniri.
832 4816 986 4890 Utriusque
1010 4815 1068 4869 sire
1096 4812 1211 4867 mutatio
1236 4819 1295 4866 tum
1324 4810 1432 4875 mortis,
1463 4816 1523 4865 tum
1547 4812 1755 4867 resurrectionis
1778 4815 1840 4869 loco

153 4898 322 4955 antecedens
340 4915 389 4954 sau
407 4897 551 4968 praevium
570 4914 639 4969 opus
656 4900 710 4954 erit
728 4901 852 4958 cirscrssm
871 4922 906 4959 ae
919 4906 985 4976 pst
1009 4901 1076 4973 ipsis
1109 4899 1179 4968 erit,
1213 4898 1249 4953 de
1284 4914 1340 4969 qus
1373 4897 1402 4951 in
1435 4896 1616 4969 sequentibus
1652 4899 1761 4970 plenius
1799 4901 1840 4955 di·

152 5003 248 5041 cerum
266 4985 470 5054 dssmpatorum
486 4984 632 5054 collectio,
661 5003 832 5059 consequens
860 5007 893 5046 ac
920 4991 985 5046 sub—
1008 5005 1110 5045 cemus.

153 5089 272 5146 sequeus
304 5072 452 5142 compositi
473 5072 614 5128 restitutio
637 5075 817 5145 ejusdemque
834 5081 984 5133 secuudum
1044 5081 1083 5131 91.
1109 5075 1211 5129 Forma
1227 5069 1435 5127 resurrectionis
1454 5079 1566 5126 esterna
1578 5071 1705 5127 consistit
1715 5072 1745 5127 in
1757 5074 1839 5130 modo
1852 5080 1984 5121 arruns.

153 5169 300 5229 utramque
316 5166 431 5229 partem
448 5167 563 5213 ameno
583 5161 705 5214 duratio.
745 5161 984 5227 Quemadmodum
1009 5168 1093 5235 etque
1111 5160 1215 5224 ordine,
1236 5175 1317 5230 quem
1333 5155 1458 5212 Christus
1477 5157 1602 5213 visorum
1619 5174 1653 5212 ac
1670 5165 1840 5218 mortuorum

154 5245 276 5302 enimin
292 5251 380 5302 morte
399 5245 517 5301 bominis
535 5245 638 5317 triplex
653 5263 734 5302 ossus
748 5248 985 5321 animadvertitur,
1006 5250 1093 5322 judex
1117 5244 1293 5309 observabit,
1324 5242 1373 5314 qui
1396 5242 1538 5315 colligitur
1563 5261 1596 5298 ex
1617 5242 1661 5298 his
1681 5244 1840 5316 Scripturas

155 5337 179 5387 1.
197 5351 280 5389 casses
298 5333 448 5403 compositi
470 5348 523 5403 per
543 5333 744 5402 separationem
763 5335 871 5391 animae
891 5353 908 5391 5
927 5355 986 5393 cor·
1009 5336 1098 5391 dictis.
1134 5331 1232 5387 Metth.
1256 5334 1302 5399 13,
1321 5347 1347 5385 v.
1366 5335 1414 5385 li:
1444 5329 1481 5382 15
1501 5332 1735 5387 consummatione
1753 5333 1844 5388 seculi

154 5435 239 5490 pore3
271 5421 297 5474 2.
320 5437 403 5475 cassis
426 5420 571 5491 emporis,
599 5422 673 5491 quod
702 5421 861 5478 dissolvitur
886 5423 915 5478 in
933 5425 987 5480 ele·
1011 5424 1098 5477 mittet
1113 5420 1209 5474 Filius
1227 5417 1348 5472 tramissis
1365 5417 1481 5487 asqelos
1504 5435 1582 5487 sitos,
1612 5427 1638 5473 et
1657 5418 1789 5489 colliqeut
1808 5422 1843 5475 de
1945 5434 1948 5443 ·

155 5511 261 5574 mentm
281 5508 310 5563 3.
328 5523 411 5561 cassis
430 5507 575 5573 materiae,
592 5506 622 5561 in
642 5524 726 5578 quem
743 5514 884 5579 postremo
902 5511 986 5567 rescia
1011 5525 1097 5578 reqao
1114 5508 1176 5577 ejus
1195 5506 1290 5560 ommia
1308 5505 1450 5560 scaudala
1468 5510 1495 5557 ct
1512 5520 1574 5575 eos,
1594 5505 1645 5574 qui
1660 5506 1774 5572 faciunt
1790 5506 1844 5562 iai·

207 5601 319 5646 (isrbsrdl
334 5600 386 5647 loci.
412 5602 471 5648 illl.
1480 5612 1511 5664 31
