4104 6014
931 342 983 402 DE
1001 342 1142 401 noum.
1839 354 1900 417 m

198 496 316 569 ideoque
347 512 443 555 eorum
475 500 625 557 celebratio
652 512 703 573 par
729 518 760 557 se
786 508 815 558 et
841 500 969 558 absolute
996 497 1034 552 lo·
1062 503 1089 550 et
1112 497 1199 552 mmai
1222 498 1362 568 §adinum
1383 516 1420 557 ac
1436 505 1613 575 mmentsans,
1636 522 1694 575 pua
1714 508 1902 561 decemntsr

198 584 310 655 quando
328 602 383 641 non
404 592 528 657 estpars
546 586 668 658 religiosi
688 586 788 643 cultus.
823 586 883 643 (iol.
902 592 925 653 2,
945 602 972 642 v.
992 590 1031 640 lt.
1061 583 1090 638 ei
1104 585 1225 641 tonores
1239 585 1295 651 sili,
1314 588 1365 658 oui
1382 589 1516 644 dmmmr
1534 591 1579 659 iis,
1598 592 1650 661 qut
1668 608 1730 646 cum
1751 594 1816 647 Deo
1831 592 1899 657 ssli-

198 670 314 741 proinde
334 686 367 726 ex
385 688 427 741 eo,
444 673 520 745 quod
538 672 610 729 festa
630 673 658 728 iu
676 671 835 729 memoriam
852 678 881 728 et
899 672 1032 727 honoram
1060 669 1131 724 citer
1148 679 1275 741 rcpnant.
1314 672 1444 730 Secundo
1461 684 1606 733 enumerat
1626 678 1761 743 amores,
1784 678 1836 747 qui
1850 678 1899 734 ‹ts-

196 762 354 813 sanctoruur
372 757 553 826 celebrantur,
572 775 629 814 non
648 764 741 829 potest
759 756 863 827 inferri,
884 757 959 829 quod
977 759 1033 812 sint
1059 752 1158 810 lentim
1179 757 1285 812 sanam
1308 760 1493 825 canonisatis,
1522 778 1592 833 quos
1611 763 1767 832 septenado
1782 780 1898 820 numero

196 841 325 914 religiose
351 842 460 899 colendi
492 848 521 900 et
547 844 704 901 invocandi.
755 849 781 900 ,5.
814 843 963 914 Quidquid
988 860 1032 897 ea·-
1058 841 1260 914 complectitur.
1296 845 1426 901 Primum
1440 848 1514 902 enim
1540 850 1592 918 pai
1612 850 1830 916 mmmmm,
1855 849 1898 905 in·

195 928 305 985 litatur
321 930 508 999 principibus,
529 930 704 1001 pareatibus,
729 931 958 1001 praoeeptorilus
979 936 1030 985 etc.
1058 930 1218 984 rcriluntur
1242 931 1273 985 in
1290 933 1452 1003 cmulopuns
1472 941 1647 1000 sanatorum,
1672 936 1700 993 lt.
1719 952 1741 990 a
1760 916 1897 993 naturus

195 1014 230 1069 id
256 1016 356 1071 nerito
386 1017 500 1081 deferri
525 1024 619 1086 potest
657 1034 691 1071 ac
720 1018 802 1071 delet
832 1018 940 1072 sancus
968 1034 1029 1071 cum
1058 1030 1093 1068 ac
1118 1015 1251 1084 jubetur,
1280 1024 1311 1071 ut
1338 1018 1374 1072 al
1398 1019 1525 1074 orandus
1541 1020 1657 1089 publice
1680 1021 1837 1076 ratmunt
1855 1038 1892 1077 ac

196 1099 309 1157 Ulrista
344 1100 505 1157 visanum.
558 1102 619 1158 Sed
652 1111 737 1172 caput
768 1104 896 1174 aperire,
937 1120 1029 1175 penna
1058 1100 1191 1155 dicantur
1220 1103 1332 1168 sancti5
1367 1107 1490 1159 secundo
1522 1106 1687 1162 invocantur
1712 1108 1743 1161 in
1766 1107 1895 1176 publicis

189 1188 318 1256 flectert,
343 1188 375 1241 in
398 1196 504 1242 tmrans
524 1203 556 1243 ss
578 1189 703 1257 adjicere
727 1197 767 1245 est
790 1190 884 1244 cultas
901 1197 1029 1244 emer-nus
1057 1186 1191 1242 ecclesiae
1223 1190 1372 1257 precilusf
1417 1191 1501 1246 tertio
1545 1193 1652 1262 templa
1685 1200 1713 1247 et
1746 1208 1817 1248 arae
1858 1194 1890 1249 in

194 1274 662 1346 ulonorlumanueprincipilus,
673 1276 848 1345 parentinae,
864 1283 1030 1346 praecepto·
1056 1289 1151 1326 eomsm
1178 1275 1341 1330 meawriam
1358 1277 1422 1330 Deo
1442 1278 1593 1347 dicantes-p
1616 1287 1719 1348 quarto
1744 1280 1891 1345 sacrificia

193 1360 274 1413 ribus
305 1361 426 1415 delatae
463 1360 544 1429 Erpa
575 1359 650 1415 idem
679 1363 786 1416 sanctia
815 1362 902 1415 tridui
930 1369 1029 1431 potest.
1056 1366 1113 1413 tam
1136 1360 1336 1431 eucaristiae,
1367 1380 1451 1432 auam
1473 1362 1592 1418 mudum
1615 1371 1641 1418 et
1655 1381 1789 1435 precum
1818 1366 1896 1435 quaa

192 1446 322 1503 cnsums
350 1446 379 1500 in
402 1445 480 1504 ench.
506 1462 572 1518 pag.
591 1451 650 1503 396.
687 1447 922 1518 tBespondemus:
947 1463 1027 1519 argu-
1055 1446 1139 1514 culpo
1166 1447 1293 1516 officium
1321 1448 1379 1503 sire
1412 1449 1499 1504 laras
1526 1451 1680 1505 canonicae
1707 1458 1894 1520 nuncupatur,

192 1538 316 1588 mentum
334 1536 378 1587 est
395 1549 413 1587 a
432 1532 594 1603 quamtione
611 1532 741 1601 alienum,
763 1533 830 1603 quia
847 1532 919 1588 inter
932 1550 982 1587 nos
1000 1541 1029 1588 et
1055 1531 1085 1584 in
1108 1531 1241 1586 lonorsm
1259 1549 1357 1588 earum
1375 1531 1440 1589 Deo
1453 1536 1568 1606 pallies
1584 1538 1757 1606 operuntru5
1792 1536 1890 1605 amato

192 1615 352 1673 Pontificius
368 1618 494 1688 qumodo
514 1624 558 1671 cst
578 1636 634 1673 non
652 1622 687 1674 de
705 1619 810 1673 honore
828 1618 958 1681 humano,
978 1619 1027 1675 sed
1055 1617 1117 1670 diss
1131 1618 1207 1684 sesti
1229 1619 1259 1671 ia
1284 1635 1379 1674 earum
1398 1622 1563 1675 memmium
1582 1622 1777 1691 odelrantwp
1813 1629 1891 1677 santo

191 1706 228 1759 dc
258 1704 336 1758 cultu
361 1704 511 1771 relipioro,
545 1703 593 1775 qui
626 1705 664 1758 sit
693 1704 815 1758 humano
846 1705 954 1774 major,
994 1710 1027 1758 ut
1052 1703 1209 1773 pinpanrar
1227 1720 1324 1759 eorum
1343 1706 1482 1777 imaginor
1499 1709 1602 1763 addua
1617 1715 1693 1763 certo
1711 1709 1834 1778 quodam
1850 1706 1893 1762 lu·

191 1791 374 1846 Bclhrminus
400 1788 537 1862 loquitur,
576 1790 650 1846 unde
675 1790 798 1847 Cotonus
833 1790 880 1846 lib.
910 1797 932 1846 t.
963 1790 1025 1847 inst.
1054 1789 1128 1842 minc
1156 1791 1187 1844 in
1216 1792 1326 1860 urnam
1351 1793 1478 1863 gloriae,
1511 1812 1595 1864 guam
1619 1794 1776 1850 labantm
1795 1793 1892 1862 coslo,-

189 1876 262 1934 cath.
289 1893 352 1949 cap.
372 1882 411 1932 lt.
444 1892 509 1948 pag.
532 1882 589 1935 100.
617 1876 748 1932 honorem
779 1876 906 1936 iactetur
922 1876 1026 1931 sancds
1054 1876 1171 1946 septimo
1198 1893 1293 1930 eorssm
1319 1878 1458 1947 reliquiae
1476 1879 1616 1951 precioris
1635 1880 1723 1935 thecis
1742 1879 1892 1935 includun-

190 1962 317 2018 debitam
334 1961 371 2018 ab
389 1962 507 2027 honore.
527 1980 609 2034 quern
627 1962 757 2035 regibus,
778 1962 958 2033 principibus,
977 1978 1025 2033 pa·
1054 1970 1101 2015 tur
1124 1970 1150 2016 et
1171 1963 1287 2031 pallies
1309 1965 1492 2020 honorantur.
1533 1964 1667 2033 (Gotones
1694 1965 1743 2024 lio.
1765 1971 1788 2021 1.
1805 1964 1892 2020 instit

191 2048 316 2104 rentibru
334 2055 386 2105 etc.
403 2047 562 2117 dofenmus,
583 2048 727 2103 manifeste
747 2047 906 2119 distinguit.
943 2046 1026 2101 Addo
1052 2046 1162 2104 cathol.
1179 2064 1240 2119 cap.
1259 2054 1299 2105 tt.
1317 2066 1381 2121 pag.
1398 2047 1459 2106 uo.
1479 2050 1559 2105 addit
1579 2059 1722 2118 octauum,
1746 2053 1826 2121 cnosi
1843 2069 1893 2124 pe·

190 2135 267 2206 quod
291 2135 329 2190 sit
357 2134 452 2205 dispar
479 2134 550 2189 ratio
578 2134 743 2189 ettenorum
765 2134 863 2188 borum
888 2138 1025 2205 genuum,
1052 2133 1162 2204 rsprini
1195 2136 1237 2187 aa
1266 2152 1360 2189 sorum
1393 2137 1558 2191 memoriam
1587 2137 1790 2193 rummandum
1820 2139 1894 2193 itare

190 2221 302 2292 quando
325 2220 362 2276 ad
387 2219 493 2276 cultum
516 2219 624 2275 civilem
650 2226 678 2273 ot
702 2224 846 2274 autunum
866 2218 1026 2275 testandum
1049 2221 1173 2290 possint,
1202 2221 1302 2289 locum
1321 2222 1352 2275 in
1371 2239 1426 2290 quo
1444 2223 1549 2292 sepulti
1565 2223 1641 2289 sint,
1668 2224 1802 2292 inrisere,
1828 2225 1894 2279 Deo

190 2324 237 2364 eos
255 2306 418 2364 adhibemus
438 2312 467 2361 et
490 2305 603 2376 quando
617 2304 827 2377 adreiigiosum
842 2305 1026 2360 invocationis
1053 2307 1155 2362 iliam
1188 2316 1253 2363 rota
1286 2310 1448 2379 persoluere
1491 2319 1517 2363 et
1550 2310 1613 2365 alia
1647 2312 1764 2380 pietatis
1793 2310 1892 2383 officia

190 2395 297 2450 cultum
318 2392 532 2466 significandum
558 2391 732 2449 adhibentur.
769 2392 851 2446 Prius
876 2390 908 2446 iit
931 2391 959 2445 iu
980 2392 1026 2447 ho·
1052 2394 1144 2458 abore,
1177 2410 1249 2463 quae
1270 2395 1377 2448 sanctis
1397 2395 1427 2448 in
1445 2397 1564 2450 molesia
1584 2397 1777 2466 tribuuntur.)
1808 2396 1894 2454 Hisce

189 2498 256 2537 nore
289 2478 468 2551 puentibus,
498 2476 687 2548 principibus,
716 2478 948 2549 praeceptoribus·
973 2483 1026 2532 eto.
1054 2479 1213 2549 praemissio
1237 2479 1320 2536 tertio
1344 2480 1529 2536 Bellarminus
1556 2482 1745 2538 demonstrare
1769 2489 1893 2552 consum,

189 2564 383 2639 praesentibus
412 2563 550 2631 exhibito,
575 2562 713 2635 posterius
732 2563 766 2618 fit
781 2563 810 2618 in
829 2564 948 2633 honore,
978 2563 1027 2636 qui
1053 2566 1121 2620 utile
1147 2582 1206 2619 esse
1227 2574 1339 2622 sanctos
1364 2569 1543 2637 emonisori,
1571 2568 1620 2623 ubi
1638 2567 1745 2639 profert
1763 2568 1832 2625 haec
1851 2584 1893 2625 ar·

189 2651 329 2710 defunctis
348 2648 452 2706 sanctis
469 2665 488 2704 a
499 2648 652 2704 Pontificiis
671 2649 825 2719 exhibetur,
844 2667 901 2722 qua
917 2649 1026 2705 ratione
1053 2658 1198 2723 gumenta,
1219 2658 1240 2708 t.
1259 2653 1341 2706 Deus
1358 2653 1420 2725 ipss
1434 2655 1531 2719 romu,
1549 2673 1568 2710 a
1584 2656 1690 2709 sancus
1707 2655 1893 2726 scriptoribus

189 2758 239 2813 per
261 2740 345 2795 hosce
368 2744 464 2810 gestus
490 2743 617 2792 externos
635 2737 750 2792 interior
768 2736 915 2810 religiosus
932 2737 1025 2791 cultus
1053 2738 1189 2791 annotari
1212 2739 1242 2791 in
1260 2738 1439 2808 para‘culari
1455 2741 1613 2810 gloriosam
1628 2742 1715 2797 citam
1733 2747 1758 2795 et
1776 2748 1890 2796 momen

189 2824 375 2899 significatur,
406 2823 480 2895 quod
512 2841 549 2881 sc.
582 2829 694 2879 uncus
724 2828 850 2878 statuant
879 2839 941 2879 esse
968 2838 1025 2877 om·
1053 2838 1157 2892 eorum,
1175 2823 1226 2893 qui
1242 2830 1365 2893 tempore
1386 2825 1513 2895 ipsonsm
1526 2827 1694 2896 florum,
1713 2833 1745 2881 ut
1759 2834 1840 2897 patet
1857 2842 1891 2881 sc

189 2912 290 2968 monim
305 2908 544 2983 sapdsoyraiosur,
564 2918 740 2981 praesentes,
756 2909 877 2981 juvandi
892 2908 1026 2964 facultate
1052 2909 1220 2965 Ecdusast.
1243 2927 1305 2980 cup.
1328 2915 1369 2965 44.
1388 2919 1415 2964 ct
1432 2928 1507 2981 seqq,
1524 2920 1551 2965 rt
1571 2928 1605 2965 sa
1622 2911 1705 2966 Actis
1733 2912 1889 2982 wottolor.

189 2997 349 3054 instructos.
377 2995 519 3063 Rationes,
532 2995 745 3068 quasOosterns
759 2995 876 3053 adducit
888 3011 954 3067 pag.
966 2998 1026 3050 409.
1052 2995 1148 3064 Ipitssr
1172 2996 1307 3050 cedimis
1333 3005 1382 3058 est,
1406 2997 1505 3051 wdem
1531 2999 1615 3051 modo
1630 2996 1702 3053 rsus
1719 2998 1822 3062 Deum,
1859 3005 1890 3053 sst

190 3083 358 3155 principium
382 3088 482 3153 pamm
509 3089 537 3137 st
553 3098 588 3137 ex
615 3081 806 3152 superioribus
828 3083 888 3135 sine
912 3079 1026 3151 negotio
1055 3080 1187 3151 deinceps
1196 3083 1259 3152 fiat.
1294 3087 1320 3140 2.
1342 3085 1480 3137 Tenemur
1497 3091 1611 3139 sanctos
1627 3084 1767 3138 lanam
1782 3091 1810 3138 et
1829 3084 1889 3140 lass·

191 3170 385 3226 dissolvuntur.
430 3169 524 3240 Atque
541 3167 612 3223 haec
630 3167 706 3223 dicta
724 3169 782 3223 sint
800 3169 834 3223 de
853 3167 1026 3223 invocatione
1054 3168 1135 3231 dare,
1152 3176 1211 3221 tum
1229 3170 1297 3239 quia
1314 3170 1464 3240 Scriptura
1482 3171 1534 3226 loe
1551 3170 1630 3239 §alst
1648 3171 1758 3225 Eccles.
1773 3173 1816 3228 44.
1833 3177 1890 3226 tam

36 3268 115 3313 xum.
129 3263 363 3322 acaemetarum,
391 3254 428 3309 de
447 3270 504 3327 qua
524 3253 547 3308 si
571 3254 634 3325 qun
656 3255 738 3325 plura
757 3254 875 3325 expetit,
894 3254 976 3309 adem
993 3270 1027 3309 ex
1053 3254 1121 3323 quia
1145 3255 1236 3307 rirtsas
1261 3255 1387 3324 ipsorum
1410 3257 1463 3311 lsoc
1489 3265 1626 3322 moretm,
1647 3264 1706 3309 tum
1726 3257 1795 3326 oasa
1809 3256 1890 3312 nols's

190 3341 291 3399 amnis
311 3340 500 3397 Olmnnicirsm
523 3341 553 3394 in
576 3341 701 3394 momine
724 3340 839 3394 cmcilii
858 3340 1027 3406 Tridentini,
1052 3340 1121 3393 utile
1145 3347 1186 3393 est
1209 3342 1251 3393 ad
1270 3340 1400 3410 plurima
1422 3341 1554 3412 beneficia
1580 3359 1674 3395 eorum
1693 3340 1890 3397 intercessione

190 3431 364 3485 Mnemon
386 3428 417 3482 in
443 3429 549 3499 disput.
578 3428 738 3498 antipistor.
774 3428 965 3482 Sclriderum
996 3413 1027 3479 in
1049 3427 1249 3494 promerenda.
1285 3427 1326 3480 At
1343 3425 1402 3479 nisi
1416 3428 1548 3496 sciamus,
1579 3428 1630 3496 qui
1645 3427 1701 3481 sint
1721 3428 1783 3482 ceri
1796 3427 1891 3482 macti

189 3515 310 3587 apodiai
339 3518 375 3569 sis
402 3516 507 3570 sanum
540 3515 728 3582 honorandis,
772 3531 829 3567 non
859 3514 1026 3568 invocandis
1054 3518 1080 3565 et
1105 3512 1156 3582 qai
1177 3528 1249 3572 non.
1277 3529 1333 3565 non
1348 3529 1498 3581 possamus
1520 3529 1567 3567 sas
1592 3513 1692 3579 colere,
1716 3520 1749 3567 ut
1771 3519 1888 3586 operta.

189 3603 257 3659 Jot.
286 3602 426 3656 Jacolssm
453 3600 654 3655 Bernhardum
688 3601 720 3654 in
746 3601 810 3656 libr.
840 3603 876 3654 <le
906 3599 1024 3654 invocat.
1052 3600 1079 3652 3.
1116 3599 1163 3651 lia
1199 3596 1312 3651 ratione
1349 3598 1525 3652 incitationis.
1584 3599 1685 3654 Sancti
1718 3600 1792 3654 enins
1825 3606 1890 3653 sans

188 3694 309 3744 sanmor.
333 3687 402 3742 edit.
433 3688 535 3754 Hapae
562 3704 629 3744 ann.
657 3689 734 3741 1611.
760 3686 971 3757 Affelmannum
994 3686 1025 3738 in
1052 3683 1180 3752 eaempla
1202 3684 1343 3752 maedam
1365 3683 1500 3737 cirtutrrm
1525 3692 1551 3738 et
1575 3699 1676 3739 nonna
1702 3692 1798 3741 rectae
1815 3685 1889 3739 citae

188 3774 319 3844 conflicta
345 3780 444 3827 contra
467 3772 570 3827 Jesuit.
608 3771 769 3828 Padeborn.
797 3772 925 3826 Rostocl.
958 3788 1023 3825 ann.
1052 3775 1079 3822 et
1107 3768 1190 3838 pansi
1216 3768 1349 3822 lucernae
1377 3771 1518 3837 quasdam
1545 3787 1564 3823 a
1584 3771 1648 3824 Deo
1677 3786 1829 3834 arcemus,
1857 3775 1888 3823 ut

189 3863 266 3915 1616.
287 3858 439 3913 Gartlsium
457 3860 495 3912 sie
513 3857 604 3914 innoc.
624 3865 747 3912 sanctor.
768 3860 1023 3912 coutraBecanssm
1052 3856 1178 3909 omnibus
1200 3853 1269 3906 aliis
1289 3854 1479 3923 praeluceant
1497 3855 1584 3912 Hebr.
1609 3862 1649 3912 13.
1688 3858 1727 3911 At
1750 3874 1807 3911 non
1822 3872 1888 3925 pos·

193 3944 290 4001 wisel.
315 3947 393 4000 1618.
420 3959 537 4015 quorum
556 3942 699 3998 laboribus
717 3949 799 4015 grata
815 3947 907 3997 mente
925 3942 954 3996 iu
973 3942 1022 3997 hu·
1051 3959 1147 3995 sumite
1166 3941 1285 3994 accmdi
1300 3941 1342 3993 asi
1363 3941 1562 4006 imitationem,
1594 3944 1652 3997 arai
1668 3944 1698 3997 in
1713 3942 1889 4013 particulari

183 4033 231 4103 jus
251 4030 422 4101 quaestionis
451 4031 566 4101 ἐργασίᾳ
594 4047 646 4084 nos
669 4027 774 4083 alicubi
795 4044 861 4083 usos
882 4044 944 4083 esse
960 4045 1022 4098 pro
1050 4028 1186 4091 sciamus,
1209 4027 1259 4095 pai
1283 4027 1341 4080 siat
1357 4027 1492 4081 imitandi
1510 4037 1537 4081 st
1557 4029 1627 4097 puisi
1643 4029 1692 4083 illi
1710 4028 1817 4096 aperiat
1836 4036 1887 4080 aut

186 4117 305 4173 fitemur.
339 4114 442 4172 Confer
465 4115 550 4172 etiarn
566 4114 726 4170 Mornseum
749 4112 799 4168 lib.
828 4118 852 4172 ³.
875 4113 910 4169 de
931 4114 1022 4170 meris.
1048 4113 1132 4183 paesi
1155 4112 1220 4166 sint.
1257 4112 1296 4165 Et
1318 4111 1435 4166 lucerna
1460 4114 1490 4167 in
1514 4114 1687 4167 candelabro
1709 4112 1781 4181 poni
1797 4112 1886 4178 dedet,

188 4201 262 4258 miss.
284 4219 346 4273 cap.
375 4205 415 4257 1³.
441 4206 470 4256 et
494 4200 627 4258 Ursinum
656 4200 684 4253 in
709 4199 837 4270 stupend.
863 4199 958 4270 templ.
977 4200 1024 4256 le·
1052 4201 1086 4254 id
1100 4200 1177 4270 qnod
1201 4200 1238 4268 fit
1263 4214 1317 4267 per
1349 4200 1594 4254 comunionem
1639 4203 1665 4256 4.
1695 4200 1743 4254 Ea
1770 4198 1886 4268 conjun·

188 4289 280 4345 suitici
299 4296 351 4345 eto
1053 4287 1158 4350 ctione,
1187 4301 1272 4354 quam
1289 4301 1351 4338 cam
1368 4285 1431 4339 illis
1447 4285 1593 4350 latemus,
1616 4286 1645 4339 si
1661 4285 1775 4354 ausam
1791 4300 1887 4338 sumu

17 4371 143 4426 ‘imm'
155 4369 176 4450 j*
224 4381 284 4433 sta.
325 4373 475 4440 Quaeritur
503 4378 528 4430 8.
564 4374 612 4427 Aa
637 4373 768 4444 pontifici
795 4372 926 4428 Romano
953 4390 1024 4427 com·
1052 4370 1176 4425 memma
1199 4370 1283 4423 anuas
1300 4371 1431 4438 corporis
1448 4377 1475 4423 st
1494 4369 1618 4422 membra
1638 4370 1756 4424 insum
1774 4386 1888 4440 conspa-

58 4426 155 4515 ἔῃσινοιι
186 4468 267 4534 petat
280 4467 407 4531 potamos
425 4459 614 4513 canonicandi
631 4461 763 4513 sanctost
793 4458 912 4523 Quando
930 4457 1024 4513 Ponti·
1052 4457 1160 4511 tiuntsu
1190 4463 1217 4510 et
1245 4458 1432 4526 conpaudsnt.
1481 4456 1602 4525 Oportet
1631 4471 1699 4527 erpo
1729 4472 1776 4510 eos
1805 4456 1886 4511 nolis

57 4528 172 4628 {gfff
189 4546 245 4602 licii
265 4546 419 4617 disputant,
442 4551 554 4599 senuas
572 4561 630 4598 essa
647 4543 830 4613 maasias,
849 4560 905 4599 nou
925 4543 1024 4599 intelli·
1052 4543 1177 4612 compati
1193 4549 1220 4595 et
1234 4558 1293 4611 pro
1313 4540 1393 4595 nolis
1407 4542 1534 4596 solicitos
1553 4557 1620 4610 esse,
1637 4543 1715 4611 quod
1725 4541 1785 4595 sine
1799 4542 1886 4597 dudio

58 4628 154 4720 mi
189 4637 262 4706 gunt
283 4638 394 4687 sanctos
416 4631 446 4686 in
470 4630 551 4687 terris
576 4629 668 4685 adhuc
694 4629 831 4700 viventes,
857 4645 909 4685 nec
929 4646 1024 4685 omnes
1044 4629 1171 4700 jaciunt,
1201 4628 1285 4681 uun
1311 4627 1343 4681 in
1368 4628 1545 4697 particulari
1570 4636 1596 4682 st
1623 4645 1639 4682 e
1665 4627 1811 4682 contrario
1834 4644 1886 4681 nos

57 4731 169 4772 sssnosr
189 4712 299 4775 sanctos
318 4717 464 4774 ddunctos
484 4735 546 4774 cum
563 4718 674 4774 Christo
691 4721 854 4789 regnantes,
871 4717 921 4772 sed
938 4732 1023 4788 pecu·
1049 4716 1111 4770 illis
1135 4715 1313 4785 conpaudere
1338 4721 1366 4768 et
1385 4728 1444 4783 pro
1468 4714 1586 4769 illorum
1607 4715 1704 4781 ploria
1732 4716 2039 4782 conparuisse.

187 4808 293 4863 liariter
310 4823 344 4862 ao
365 4806 477 4878 proprie
495 4806 557 4862 illos
576 4805 724 4861 defunctos
744 4811 863 4868 sanctos,
890 4803 1023 4874 quisunt
1050 4803 1108 4856 tiae
1131 4816 1231 4869 apere,
1260 4816 1332 4869 meae
1353 4800 1414 4853 sine
1431 4800 1611 4869 particulari
1630 4799 1730 4854 notitia
1745 4799 1814 4864 fieri
1829 4815 1884 4852 non

187 4909 206 4948 a
230 4900 334 4964 papatu
357 4889 527 4957 canonizati,
556 4891 583 4950 h.
605 4908 628 4947 e
653 4892 681 4946 iu
705 4908 850 4946 numerum
864 4896 1022 4946 sanctorum
1045 4895 1175 4958 possunt.
1218 4890 1245 4944 6.
1276 4887 1324 4940 Ea
1349 4886 1540 4942 incommodis.
1589 4888 1665 4941 Nam
1692 4883 1751 4939 nisi
1773 4883 1886 4953 iudicio

186 4977 267 5034 relati
291 4986 320 5034 et
337 4978 374 5033 ad
393 4978 594 5033 invocationem
614 4976 755 5048 publicam
776 4975 905 5031 omnibns
922 4992 1023 5046 propo·
1050 4973 1184 5029 nausias
1202 4972 1273 5027 certi
1289 4972 1383 5026 sancti
1397 4980 1622 5042 proponuntur
1639 4971 1766 5040 orandi,
1788 4968 1887 5039 facile

186 5064 241 5119 siti.
279 5060 361 5119 Hanc
392 5063 581 5136 qmsstionem
614 5063 649 5118 ds
674 5062 885 5119 canonizatione
911 5064 1024 5116 mueto-
1050 5060 1115 5125 fieri
1128 5065 1238 5129 posset,
1265 5065 1296 5111 ut
1312 5058 1438 5128 populus
1457 5073 1543 5127 saepe
1564 5065 1674 5112 erraret
1692 5064 1719 5112 ct
1737 5058 1887 5111 damnatos

186 5166 247 5205 rum
253 5156 372 5222 quatuor
380 5150 519 5222 capitibus
528 5146 646 5204 includit
652 5148 844 5218 Bellsrminus,
854 5154 875 5204 1.
885 5166 924 5203 an
932 5148 1025 5202 sancti
1035 5102 1039 5185 1
1045 5164 1104 5217 pro
1116 5146 1205 5199 matis
1224 5144 1336 5200 coleret.
1358 5147 1385 5200 2.
1404 5145 1493 5215 Oujtoe
1511 5146 1549 5199 sit
1567 5151 1680 5198 sanctos
1697 5142 1887 5197 canonisaral

180 5237 250 5304 jare
269 5237 485 5304 carminantur,
508 5235 537 5290 in
562 5251 618 5306 quo
644 5233 859 5290 demonstrando
876 5233 922 5291 tib.
946 5239 968 5289 1.
987 5233 1023 5288 de
1035 5190 1038 5323 ξ
1050 5233 1078 5289 iu
1098 5232 1180 5302 cujus
1198 5231 1371 5302 quaestionis
1388 5231 1504 5307 ἐργασίᾳ
1525 5230 1567 5285 ita
1583 5228 1761 5301 progreditur
1777 5240 1839 5299 cap.
1859 5232 1885 5284 8.

186 5322 258 5378 beat
284 5328 370 5382 sanct
394 5339 456 5392 cap.
476 5327 500 5377 7.
525 5321 567 5376 ita
589 5321 781 5393 progreditur,
809 5325 842 5375 ut
864 5319 953 5390 primo
976 5325 1082 5393 sx·;nt
1099 5322 1184 5384 notet,
1211 5317 1319 5371 duabm
1346 5318 1440 5373 modu
1466 5317 1590 5385 alipium
1612 5332 1697 5385 posse
1713 5315 1886 5370 canonicari.

186 5409 285 5481 plicet,
313 5409 386 5479 quid
410 5409 446 5463 sit
463 5407 656 5474 canonisatio,
686 5421 770 5476 quam
790 5404 857 5460 dicit
874 5404 942 5461 nihii
961 5421 1022 5462 esse
1054 5405 1115 5459 Uno
1132 5405 1217 5457 modo
1234 5404 1444 5473 arumlariter,
1476 5403 1518 5456 ita
1536 5410 1567 5455 ut
1587 5402 1678 5456 mlum
1696 5402 1726 5455 in
1745 5418 1801 5455 una
1816 5416 1886 5469 pro·

187 5494 525 5566 asumpserunt
541 5492 732 5547 testimoium
750 5491 884 5546 occisam
902 5493 939 5546 de
953 5507 1024 5547 cera
1049 5488 1144 5545 arnoia
1161 5497 1212 5543 aut
1230 5490 1355 5545 dioecesi
1370 5490 1642 5555 menusanum
1659 5497 1686 5543 st
1703 5487 1816 5542 colatum
1828 5502 1887 5555 pro

185 5581 335 5639 snam
358 5582 388 5633 st
409 5576 507 5647 pluria
532 5530 1160 5650 summissujmasmsntissssra.
1195 5575 1266 5633 Alia
1287 5574 1579 5647 modopensralitrr,
1609 5573 1887 5629 uauuuraes-
