4104 6014
295 362 355 420 440
911 350 1139 410 TRAGTATUS
1157 350 1356 412 SECUNDUS

295 509 445 579 15515555,
468 509 642 582 Epiphanius
668 511 772 567 haeres.
798 516 840 566 13.
865 509 1056 565 Theodorctus
1080 506 1128 563 lib.
1155 506 1248 562 Ilomo
1277 524 1339 561 cam
1366 509 1527 575 dormierit,
1555 527 1611 564 non
1636 515 1771 578 reserpet.
1804 525 1829 562 v.
1851 512 1891 563 11.
1938 506 2001 559 Pu·
2015 517 2048 600 1ξῇ

299 601 320 650 1.
339 594 441 651 haeret
459 595 546 652 fabul.
587 601 626 652 te.
647 597 772 667 Apelles,
792 595 980 651 Tertullianus
1000 594 1035 650 de
1052 609 1131 666 prae·
1156 599 1248 661 155555,
1274 599 1399 646 mortuus
1425 593 1506 649 tomo
1524 611 1637 648 nusum
1654 596 1746 650 515511
1763 591 1999 663 Respondemus:
2015 610 2048 651 1..

296 681 391 751 script.
415 698 475 752 esp.
500 688 542 738 51.
568 682 604 737 de
630 688 774 740 resurrect
794 698 946 753 earncap.
966 679 1131 752 311ρί5115-
1157 677 1193 732 ad
1217 676 1292 733 hunc
1317 678 1408 734 locum
1432 679 1625 749 respondimus
1653 680 1779 751 superius
1797 695 1860 750 cap.
1882 684 1906 734 1.
1926 674 1955 750 ξ.
1976 682 2000 734 3.
2014 660 2048 757 {⁴¹

297 766 360 820 nius
387 767 555 825 15555511.
585 787 612 839 p.
635 774 692 824 161.
734 768 901 825 Ρ11115515155
920 769 956 822 de
980 768 1086 823 haeres.
1103 766 1133 820 in
1157 769 1182 820 3.
1194 763 1296 820 Psalm.
1316 770 1344 834 1,
1372 782 1397 818 5.
1420 771 1450 820 55
1480 767 1546 821 Non
1565 774 1714 836 resarpuat
1733 765 1816 837 impii
1833 766 1865 819 in
1884 764 2048 834 11551151514

299 850 408 921 Apelle.
431 855 606 926 Augustinus
618 854 724 912 haeres.
740 860 779 910 33.
809 860 850 910 11).
871 851 1132 924 855555511515155·
1161 865 1248 918 neque
1285 858 1447 920 peccatores
1484 851 1514 905 in
1552 859 1632 906 55515
1665 853 1814 920 iratorum.
1869 850 2002 920 Respon-

298 939 360 993 nius
381 939 488 996 haeres.
505 948 546 996 15.
564 941 740 1012 Augustinus
757 941 864 996 haeres.
882 945 922 997 31.
941 941 1133 996 Damascenus
1160 936 1269 990 demus:
1287 930 1312 994 1.
1329 937 1359 992 Si
1378 939 1414 992 ad
1434 938 1661 994 resurrectionem
1681 938 1852 1008 corporalem
1864 937 1911 991 hic
1922 937 2002 991 locus

298 1024 333 1078 de
359 1025 463 1081 haeres.
487 1027 622 1082 Isidorius
648 1027 696 1084 lib.
721 1033 745 1083 3.
774 1026 874 1098 origin.
900 1043 960 1098 cap.
981 1033 1004 1081 5.
1022 1025 1133 1080 Ρ151155
1159 1022 1422 1093 accommodaretur,
1440 1041 1496 1079 nou
1514 1024 1543 1079 15
1560 1041 1662 1095 genere
1680 1029 1710 1079 ct
1729 1022 1925 1080 universaliter
1942 1039 2000 1079 om·

300 1109 327 1163 in
346 1111 404 1165 vita
421 1112 561 1181 pontificis
579 1113 625 1168 Pii
641 1112 665 1172 I.
701 1118 743 1169 31.
766 1113 941 1182 Oripeniani,
960 1111 1133 1182 Epiphanius
1159 1107 1237 1162 nium
1262 1108 1418 1176 hominurn,
1445 1111 1494 1164 sed
1515 1110 1543 1164 in
1563 1110 1657 1180 specio
1675 1127 1709 1165 ac
1727 1109 1931 1181 particulariter
1950 1110 2001 1164 im·

300 1196 396 1252 haeres
417 1202 456 1254 63.
474 1198 649 1269 Augustinus
672 1198 707 1253 de
734 1197 840 1254 haeres.
863 1214 924 1269 cap.
944 1202 986 1254 31.
1023 1202 1063 1252 13.
1083 1196 1132 1250 Se·
1159 1194 1266 1263 piorum
1291 1196 1520 1250 resurrectionem
1543 1202 1673 1266 negaret,
1701 1213 1756 1267 qua
1783 1197 1818 1251 de
1842 1211 1872 1251 re
1892 1195 2003 1252 diestm

300 1283 424 1336 leuciani
461 1285 504 1339 vel
542 1285 707 1349 Hermiani,
750 1283 916 1340 Philostrius
952 1283 1057 1338 haeres
1094 1289 1133 1339 55.
1159 1279 1282 1334 15155155.
1329 1285 1353 1337 3.
1379 1280 1488 1336 Psaltes
1513 1298 1569 1336 555
1593 1282 1716 1353 loquitur
1740 1282 1775 1336 de
1798 1279 2002 1337 resurreetione

301 1368 475 1439 Augustinus
512 1369 547 1425 de
578 1371 682 1426 1555555.
715 1387 776 1440 eap.
805 1376 847 1425 53.
890 1374 931 1424 33.
962 1368 1134 1432 Manichaei,
1160 1364 1357 1435 adjudicium,
1377 1367 1425 1423 sed
1445 1367 1480 1421 dc
1500 1382 1602 1423 causac
1621 1365 1747 1423 bonitate
1767 1366 1929 1436 injudicio.
1966 1365 2001 1420 In

304 1453 476 1524 Epiphanius
501 1455 529 1509 15
553 1455 659 1512 haeres.
687 1455 808 1511 Manieh.
834 1472 862 1526 p.
889 1459 945 1510 361.
969 1452 1135 1508 Philsstrius
1160 1441 1291 1507 Hebraeo
1315 1450 1388 1506 enirn
1410 1458 1452 1506 est
1479 1452 1555 1509 verb.
1579 1454 1645 1522 1311),
1665 1451 1739 1524 quod
1760 1468 1816 1507 non
1836 1451 1924 1508 solum
1945 1451 2001 1523 sig-

302 1540 330 1592 in
350 1539 470 1594 1155155.
495 1539 600 1596 haeres.
620 1546 661 1595 61.
678 1541 855 1611 Augustinus
874 1539 909 1595 dc
928 1539 1035 1596 haeres.
1060 1538 1134 1593 haer.
1160 1536 1257 1592 nificat
1276 1553 1405 1604 surpere,
1432 1538 1585 1593 sedetiam
1604 1546 1695 1607 stare,
1714 1539 2002 1607 5555151555,55515·

302 1632 342 1680 16.
370 1626 406 1680 dc
435 1625 482 1679 fid.
509 1632 594 1682 contr.
620 1626 741 1682 Manich.
769 1644 831 1697 cap.
859 1631 901 1680 33.
930 1625 977 1680 lib.
1003 1632 1027 1681 1.
1046 1628 1133 1683 contr.
1161 1622 1247 1691 mari,
1272 1622 1433 1692 pracsertim
1460 1623 1483 1676 si
1508 1623 1543 1679 ds
1568 1623 1689 1679 consiliis
1707 1628 1736 1679 et
1752 1623 2003 1680 consultationibus

302 1713 396 1765 Faust.
425 1728 485 1782 cap.
518 1718 553 1768 16.
581 1712 656 1767 eirca
684 1711 731 1767 fin.
755 1711 803 1768 lib.
822 1719 847 1767 5.
865 1717 951 1766 55515.
970 1711 1053 1768 eund.
1072 1728 1134 1780 cap.
1160 1709 1205 1763 551
1225 1708 1260 1763 ds
1279 1707 1507 1778 promissionibus
1526 1725 1559 1764 ae
1577 1709 1663 1779 votis,
1680 1709 1749 1771 itam
1768 1709 1805 1766 de
1818 1709 1925 1781 judicio
1950 1712 2001 1766 Dei

304 1796 475 1853 tunicatus
497 1796 624 1853 Choniat.
642 1797 691 1854 lib.
712 1805 737 1854 1.
758 1797 890 1854 orthtid.
909 1815 970 1868 cap.
989 1796 1134 1853 1111555-
1161 1800 1320 1864 usurpatur.
1357 1794 1438 1850 Num.
1458 1799 1500 1863 30,
1518 1812 1543 1848 v.
1566 1801 1588 1850 5.
1615 1795 1699 1851 Dent.
1721 1801 1761 1861 13,
1781 1813 1808 1852 5.
1830 1801 1871 1853 15.
1896 1795 1961 1852 ass.
1978 1803 2002 1861 ’1,

302 1884 414 1938 daretur
431 1884 466 1938 de
481 1882 585 1941 haeret.
604 1883 660 1940 fab.
698 1888 741 1940 31,
760 1885 935 1952 Hieracitae,
962 1883 1135 1955 Epiphanius
1160 1897 1186 1934 v.
1205 1887 1229 1936 1.
1253 1897 1313 1950 cap.
1337 1885 1381 1949 1-1,
1405 1898 1431 1933 5.
1453 1885 1495 1936 31.
1523 1895 1584 1952 cap.
1604 1887 1651 1951 16,
1680 1900 1705 1938 v.
1726 1889 1766 1939 10.
1794 1888 1848 1937 etc.
1897 1883 2003 1940 Sensus

302 1970 407 2026 haeres.
427 1975 467 2025 61.
482 1988 509 2038 p.
530 1969 634 2026 30315
651 1986 741 2026 aneor.
757 1989 783 2040 p.
801 1975 860 2025 561.
877 1971 1052 2041 Augustinus
1070 1969 1134 2024 hae-
1158 1966 1246 2035 igitur
1263 1971 1315 2035 est,
1333 1966 1407 2037 quod
1426 1967 1503 2036 impii
1521 1967 1550 2021 15
1565 1967 1673 2038 Judieio
1692 1966 1746 2023 Dei
1764 1985 1821 2024 non
1838 1968 2002 2034 consistant,

301 2061 415 2110 55511.
447 2054 1134 2126 1115515511.155531115555555555151555·
1161 2051 1209 2106 sed
1239 2067 1324 2106 eausa
1356 2052 1469 2118 cadant,
1500 2053 1576 2124 quod
1606 2052 1730 2109 habeant
1754 2070 1817 2109 eum
1846 2053 1900 2123 piis
1928 2070 2003 2109 eom·

302 2157 353 2195 res.
390 2146 430 2195 35.
449 2140 641 2194 Art—serrarius
667 2140 738 2209 topia
764 2147 791 2193 51
811 2142 1022 2210 prophetarum,
1041 2144 1137 2196 eontra
1161 2153 1272 2192 munem
1292 2136 1460 2205 inriorsmr,
1481 2143 1649 2194 nouantem
1667 2138 1778 2208 eriam,
1797 2139 1864 2210 quia
1881 2155 1938 2194 555
1955 2156 2003 2210 po

302 2242 384 2294 quem
409 2225 519 2295 scripsit
545 2225 721 2296 Augustinus
743 2225 790 2279 lib.
817 2230 831 2279 3
863 2243 924 2296 cap.
947 2233 972 2281 e.
1011 2231 1052 2281 36.
1071 2226 1136 2279 Pri·
1161 2228 1256 2277 tcrunt
1284 2231 1360 2277 stare
1382 2241 1479 2279 coram
1504 2225 1582 2279 Filio
1606 2226 1726 2280 15551515
1749 2224 1817 2280 Luc.
1839 2231 1887 2289 31,
1912 2242 1939 2279 v.
1960 2230 2004 2282 31.

303 2311 490 2365 5511115515155
517 2310 592 2380 apud
616 2309 740 2366 Leonem
763 2311 843 2382 epist.
863 2317 903 2368 93.
923 2328 985 2382 cap.
1006 2315 1030 2366 8.
1047 2316 1075 2365 51
1096 2315 1135 2366 13.
1165 2307 1193 2364 Si
1213 2314 1294 2363 vocat
1312 2308 1374 2364 illos
1392 2311 1470 2367 Deus
1489 2312 1520 2365 in
1536 2312 1681 2381 justicium
1699 2311 1910 2381 castigationes,
1929 2328 2004 2367 mur·

305 2403 346 2452 11.
370 2396 507 2467 Tempore
533 2396 682 2452 Theodosii
705 2397 870 2454 1555515515
887 2395 1137 2467 Constantinopoli·
1163 2400 1273 2449 murant
1297 2394 1430 2450 adversm
1449 2396 1540 2452 Deum
1565 2397 1639 2452 5115
1659 2396 1880 2467 desperationem
1900 2402 2004 2466 ruunt,

304 2489 370 2538 tans
389 2482 612 2537 demortuorum
638 2483 838 2538 resurrectione
862 2484 961 2554 ingens
985 2480 1137 2553 disputatio
1165 2480 1189 2533 si
1214 2480 1242 2533 in
1265 2497 1356 2551 agone
1384 2482 1500 2537 veniunt
1524 2482 1717 2551 injusticiam
1740 2482 1935 2552 miprotions's,
1953 2483 2004 2538 ubi

304 2568 409 2637 incidit,
449 2574 477 2622 et
514 2568 617 2639 populo
654 2569 773 2624 maxima
809 2569 923 2624 incessit
961 2566 1136 2624 concertatio.
1164 2563 1301 2620 51155551
1326 2574 1413 2622 morte
1431 2566 1560 2635 luctatur,
1578 2569 1728 2639 pavoribus
1745 2567 1934 2624 conscientias
1954 2585 2003 2640 op·

304 2654 422 2718 Quidam
444 2655 517 2708 enim
540 2674 604 2709 una-
617 2673 678 2709 cum
704 2655 884 2710 Sosiducaeis
906 2655 1136 2709 resurrectionem
1163 2650 1330 2720 primuntnr;
1358 2653 1426 2706 siin
1445 2652 1593 2708 novissimo
1613 2653 1659 2708 die
1678 2652 1795 2731 veniunt
1813 2652 2004 2723 injusticiam

300 2757 420 2810 prorsus
436 2758 492 2793 non
512 2757 571 2796 esse
590 2742 700 2810 opinati
712 2749 783 2809 surrt,
806 2742 922 2810 quidam
942 2746 1035 2795 551555
1053 2755 1136 2809 aspre
1162 2737 1409 2806 remunerationis,
1449 2743 1560 2795 5515555
1591 2738 1728 2810 supplicio
1755 2738 1930 2809 afficiuntur,
1968 2746 2004 2796 51

302 2827 426 2896 5515155,
463 2829 515 2880 sest
539 2827 722 2880 erestistcrunt
753 2834 861 2895 tamen,
892 2827 1043 2893 defunctos
1067 2827 1136 2880 5551-
1164 2821 1305 2877 Gesnerus
1325 2823 1353 2878 15
1372 2841 1468 2879 comm.
1488 2824 1533 2879 Ps.
1555 2829 1577 2881 l.
1597 2825 1727 2895 loquitur.
1769 2830 1794 2879 3.
1814 2824 1897 2880 11555
1915 2825 2002 2882 inter·

302 2922 390 2967 tatum
412 2913 453 2965 iri
475 2913 581 2982 apertis
606 2919 631 2966 et
655 2913 907 2981 irrefrapabiiibus
930 2928 1078 2966 sacrarum
1102 2913 1137 2966 ii·
1163 2910 1345 2978 pretationem
1361 2909 1482 2981 probant
1498 2910 1583 2966 verba
1601 2909 1761 2965 immediate
1775 2910 1922 2981 sequentia
1937 2927 2003 2982 pse·

302 3008 427 3053 terarum
445 2998 608 3052 testimoniis
629 2999 763 3066 adducti,
782 2999 841 3053 5115
861 3006 953 3053 tamen
970 3014 1091 3067 prorsvcs
1110 3007 1137 3052 et
1163 3004 1344 3049 5515555555
1362 2998 1475 3050 stertunt
1494 2996 1537 3052 vcl
1550 2996 1703 3052 5555151551
1715 2996 1746 3049 15
1758 2997 2003 3066 5551515555555,

303 3093 408 3139 mutato
438 3101 554 3154 corpore
585 3089 638 3140 515.
693 3083 866 3155 Nicephorus
896 3084 944 3139 lib.
975 3089 1013 3141 11.
1044 3083 1137 3140 histor.
1163 3081 1191 3134 id
1216 3082 1289 3136 enim
1314 3083 1438 3153 sequitur
1460 3101 1492 3138 55
1522 3083 1621 3152 priore.
1668 3081 1738 3138 Cum
1762 3089 1905 3154 nequeant
1928 3089 2004 3140 stara

302 3170 369 3227 ecel.
398 3175 523 3239 55515.
551 3170 579 3224 15
611 3170 697 3239 princ.
744 3176 786 3226 33.
808 3170 852 3225 De
870 3171 1001 3225 Iohanne
1020 3171 1137 3224 XXIII.
1164 3167 1324 3236 injudicio,
1344 3168 1406 3224 idco
1424 3168 2003 3240 1555551115515555555511555155155551

302 3254 563 3326 pontificoltomsno
577 3255 701 3311 referunt
717 3262 781 3311 aeta
793 3255 903 3310 concilii
912 3255 1138 3323 constantiensis,
1164 3270 1218 3308 nou
1237 3253 1395 3308 manebunt.
1431 3254 1465 3308 15
1485 3254 1538 3309 hae
1558 3255 1671 3325 quidem
1686 3255 1745 3310 vita
1757 3263 1871 3311 5515555
1883 3257 2003 3313 visibilis

303 3340 376 3410 qnod
419 3341 533 3394 51151515
576 3343 710 3395 scindente
747 3341 931 3410 pertinaciter
974 3342 1139 3407 crediderit,
1164 3340 1297 3396 ccclesiae
1321 3341 1458 3397 555555115
1483 3357 1544 3396 5555
1569 3342 1755 3412 conjungunt,
1782 3342 1833 3398 ssd
1857 3360 1915 3400 non
1935 3350 2004 3400 5551

303 3427 428 3480 animam
452 3427 571 3480 15551515
597 3442 660 3480 curn
684 3443 803 3497 corpore
820 3428 940 3482 lcumena
957 3428 1031 3483 mori
1047 3436 1073 3482 51
1093 3443 1137 3482 ca·
1165 3426 1225 3494 5155
1248 3442 1314 3481 vera
1334 3426 1442 3481 515155
1460 3426 1596 3491 membra,
1623 3427 1652 3481 iu
1672 3427 1718 3481 die
1736 3433 1830 3483 autem
1849 3429 2001 3487 novissimo

303 3513 409 3580 stinpni
427 3513 469 3566 ari
485 3512 577 3566 instar
595 3512 761 3567 animalium
780 3514 932 3581 mutorum,
949 3531 982 3568 ae
1001 3522 1138 3569 55515555
1164 3528 1181 3566 5
1206 3519 1287 3567 55515
1313 3518 1470 3568 sauctorum
1495 3530 1608 3584 prorsus
1633 3513 1846 3585 separabuntur.
1882 3521 1908 3572 1.
1927 3514 2002 3572 1155-

153 3598 1136 3657 55515515555151151515555155155551155151555555555515555.
1164 3599 1226 3654 dem
1249 3600 1370 3669 probant
1394 3601 1476 3654 etiam
1505 3600 1714 3669 antecedentia,
1744 3601 1845 3672 quibus
1865 3619 1917 3673 per
1934 3620 2000 3674 par·

303 3683 515 3740 Panormitanus
548 3683 657 3751 scribit,
693 3685 793 3738 5151155
823 3686 970 3754 pontifices
999 3688 1139 3757 eiusmodi
1162 3685 1277 3741 ticulam
1299 3686 1434 3741 illativum
1458 3688 1673 3757 conjunguntur.
1721 3687 1793 3753 Quia
1818 3689 1902 3758 impii
1933 3699 2001 3745 earu

303 3772 390 3826 sitam
410 3788 508 3841 apere,
534 3778 564 3825 st
582 3770 733 3826 5551515515
751 3788 807 3825 555
826 3773 878 3841 sit,
896 3772 963 3828 51155
982 3774 1026 3828 551
1045 3791 1138 3829 resur·
1165 3780 1300 3841 tanquarn
1315 3773 1425 3842 paleae,
1444 3791 1514 3841 precs
1521 3772 1642 3842 projicit
1659 3780 1757 3829 ventus
1768 3793 1787 3828 5
1803 3775 1882 3839 facis
1894 3782 2002 3844 terrae,

304 3857 452 3912 rectionem
477 3864 649 3911 raas-tuorum
675 3857 719 3911 cel
743 3857 828 3912 citam
852 3866 995 3913 aeternam
1015 3859 1138 3916 credere.
1165 3860 1229 3914 ideo
1255 3877 1312 3913 555
1337 3859 1486 3914 consuiant
1504 3861 1533 3914 in
1545 3859 1673 3930 jactitem,
1702 3859 1751 3916 sed
1769 3859 1856 3915 instar
1874 3860 2003 3934 quisqui-

304 3942 443 3997 Luthcrus
469 3941 499 3996 iu
531 3941 629 4012 explic.
660 3946 681 3999 1.
711 3941 773 3997 Cor.
802 3950 842 4002 15.
863 3960 924 4014 cup.
955 3961 1028 4016 quae
1050 3953 1140 4009 exstat
1166 3945 1264 4000 linrum
1282 3944 1483 4016 dispergentur.
1525 3945 1712 4017 Hieronymus
1730 3951 1760 4001 et
1776 3947 1956 4018 Augustinus
1972 3948 2002 4004 in

304 4036 369 4084 tom.
393 4033 417 4088 6.
448 4027 511 4084 den
530 4028 623 4085 Germ.
649 4046 713 4098 pag.
741 4033 798 4084 331.
824 4028 857 4084 b:
886 4030 980 4099 115511,
1000 4031 1140 4090 battitiis
1166 4048 1263 4087 comm.
1288 4038 1441 4102 exponunt,
1467 4033 1549 4101 151515·
1571 4051 1627 4088 non
1652 4040 1803 4104 resurpnnt
1823 4034 1854 4088 in
1871 4035 2001 4104 justicio,

303 4117 357 4172 555
382 4115 534 4186 1551511155
557 4115 746 4184 5551531515,
770 4116 909 4186 1551511115
934 4116 962 4172 in
981 4117 1140 4188 131ῑὶ511551
1166 4118 1184 4172 1.
1213 4134 1236 4172 5.
1265 4120 1306 4171 ad
1326 4117 1470 4186 judiciam
1492 4118 1550 4173 sivo
1576 4126 1607 4173 51
1628 4121 1803 4188 justicentur.
1843 4121 2003 4190 Rsrrrrperrt

303 4204 358 4272 151
378 4203 438 4271 oud
458 4201 633 4270 1555155115,
653 4201 829 4271 5551511155,
848 4203 960 4272 55155515
971 4204 1057 4275 erute,
1077 4206 1139 4261 ater
1165 4204 1293 4272 quictem,
1316 4206 1368 4258 sod
1394 4222 1450 4259 555
1469 4212 1500 4259 51
1523 4206 1706 4273 judicentur,
1730 4207 1797 4274 5515
1815 4208 1883 4275 jam
1899 4210 2003 4278 posns's

302 4290 357 4359 1151
377 4289 431 4346 bret
451 4289 589 4354 15555151,
608 4287 648 4343 iis
669 4288 750 4355 515155
770 4287 864 4346 11111111
886 4289 997 4359 55511111)
1019 4291 1138 4360 plasten,
1165 4292 1328 4344 artusinis
1346 4292 1481 4345 eutimii
1497 4300 1567 4346 sunt.
1603 4291 1830 4363 Theophylsetns
1848 4293 1878 4349 in
1896 4310 1961 4367 cap.
1977 4300 2003 4351 3.

304 4377 329 4441 ie
349 4375 380 4443 tp
400 4374 505 4442 111151.
543 4378 587 4430 31.
611 4373 753 4427 Libertini
775 4375 1003 4431 resurrectionem
1023 4378 1138 4433 irrident
1163 4376 1227 4432 lob.
1253 4377 1293 4431 sic
1311 4377 1473 4448 distinguit,
1492 4396 1548 4432 non
1568 4386 1713 4448 reserpent
1732 4379 1880 4451 trepton,
1899 4381 1953 4436 sed
1971 4382 2003 4438 15

302 4467 330 4514 51
350 4460 425 4514 dicta
441 4459 609 4530 Scripturas,
627 4476 698 4529 quac
717 4459 752 4514 dc
771 4476 805 4514 ca
822 4465 952 4525 15551551,
971 4467 1079 4518 tantum
1099 4465 1136 4519 ad
1163 4469 1327 4534 55555155.
1361 4465 1418 4518 Alii
1436 4464 1490 4518 hoc
1507 4464 1590 4521 modo
1606 4465 1787 4535 respondent:
1819 4467 1887 4521 Non
1902 4483 2002 4523 resur·

302 4544 408 4598 animos
431 4545 569 4614 referunt,
597 4551 668 4600 teste
690 4544 773 4600 Petro
791 4543 917 4616 Martyre
940 4547 1018 4603 class.
1038 4555 1062 4607 3.
1085 4552 1136 4606 155.
1162 4557 1235 4619 aare,
1255 4551 1272 4603 i.
1293 4569 1315 4606 5.
1333 4567 1389 4605 non
1408 4559 1561 4619 easarpcnt,
1580 4568 1629 4606 nec
1648 4552 1827 4606 eiosabnnmr
1839 4569 1928 4622 nepes·
1944 4562 2000 4610 ter-

302 4646 398 4686 comm.
420 4648 480 4700 esp.
496 4636 535 4686 15.
558 4648 632 4688 num.
651 4636 674 4686 1.
710 4631 877 4702 Interrogati
902 4633 974 4687 enirn
998 4639 1137 4704 quomodo
1161 4652 1224 4689 rom
1244 4637 1276 4689 in
1293 4640 1372 4691 5155.
1415 4635 1470 4692 Sed
1489 4636 1566 4705 prior
1584 4636 1719 4705 exprositio
1738 4644 1780 4692 est
1797 4637 2048 4708 simpliciorem

302 4715 532 4772 resurrectionem
551 4716 720 4784 inteilipant,
739 4732 838 4787 nempe
856 4716 995 4789 inquiunt,
1013 4728 1043 4773 51
1054 4722 1136 4778 tomo
1162 4720 1253 4777 textui
1277 4721 1490 4776 convenientior.
1529 4727 1552 4777 3.
1572 4721 1675 4779 l'snhn.
1696 4727 1743 4790 13,
1767 4740 1794 4776 5.
1815 4729 1862 4778 tt:
1890 4725 2048 4782 Rosos-ar

300 4804 386 4872 sciat,
411 4801 535 4856 animam
557 4820 637 4856 suern
661 4804 791 4874 spiritum
817 4805 1002 4861 immortalem
1022 4824 1080 4862 ease
1109 4817 1137 4864 ct
1162 4810 1247 4861 elatus
1270 4816 1324 4876 cst,
1349 4807 1418 4876 qnia
1443 4824 1510 4860 caro
1532 4815 1609 4874 5551,
1635 4809 1752 4875 spiritns
1771 4811 1878 4864 ondens
1897 4819 1927 4866 et
1943 4790 2045 4868 noun·

297 4897 435 4961 perpetuo
453 4888 585 4944 cicentem
603 4889 632 4942 in
652 4889 747 4953 555115,
766 4907 800 4944 ae
819 4888 958 4947 Christum
977 4903 1065 4949 morte
1084 4913 1136 4949 sua
1160 4895 1280 4950 rediens.
1317 4894 1352 4948 Si
1377 4893 1496 4960 spiritus
1519 4894 1638 4948 15551515
1664 4913 1718 4948 555
1742 4898 1914 4962 revertitur,
1933 4914 2003 4968 erpa

302 4975 491 5046 opinationem
529 4974 681 5028 5151551555
718 4992 805 5045 capue
837 4978 947 5033 ratione
982 4981 1137 5035 restituisse
1161 4998 1211 5035 nec
1236 4981 1355 5048 corpori
1381 4983 1412 5033 in
1438 4981 1641 5035 ressurectione
1669 4982 1789 5036 unietur.
1838 4981 2002 5054 Responde-

301 5064 380 5117 rrohis
404 5062 503 5130 citam,
536 5077 608 5130 quac
632 5061 662 5114 in
680 5078 711 5115 ec
733 5070 785 5128 cst,
815 5070 846 5116 ut
862 5080 914 5117 nos
932 5065 1044 5121 minime
1065 5069 1139 5121 mori
1162 5084 1238 5122 mus:
1261 5072 1282 5122 1.
1297 5065 1508 5136 intelligendum
1526 5066 1579 5121 hoe
1597 5067 1632 5120 de
1651 5066 1742 5122 reditu
1762 5067 1799 5121 ad
1817 5067 2002 5127 bancvitam.

301 5165 508 5219 cognoscamus.
549 5144 681 5202 Calvinus
714 5147 743 5201 in
772 5147 818 5203 lib.
848 5148 884 5205 de
913 5149 1040 5207 instruct.
1074 5153 1136 5208 adv.
1163 5153 1308 5208 Ordinatio
1334 5152 1447 5223 spiritus
1469 5153 1528 5208 sive
1552 5153 1645 5208 anima
1669 5153 1789 5208 hominis
1815 5169 1849 5209 ex
1873 5158 2005 5229 corporis

300 5233 405 5289 Libert.
431 5251 491 5304 cap.
510 5236 552 5290 33.
573 5231 751 5304 Bullingerus
775 5240 863 5292 contr.
884 5235 1023 5307 Anabupt.
1045 5238 1092 5295 lib.
1111 5245 1135 5294 3.
1161 5239 1322 5295 habitaculo
1352 5238 1436 5294 semel
1459 5255 1571 5309 egressa
1600 5256 1656 5293 non
1683 5239 1770 5306 redit,
1803 5246 1836 5294 ut
1861 5239 2005 5301 inhabitat

298 5337 360 5391 cap.
381 5326 418 5375 11.
1161 5325 1230 5380 illud
1255 5326 1283 5379 in
1308 5324 1360 5379 hac
1385 5324 1459 5391 5115,
1486 5341 1519 5379 ac
1543 5325 1617 5380 vitae
1635 5325 1753 5379 stamine
1773 5327 1857 5382 semel
1875 5327 2004 5402 abrupto

171 5440 241 5490 m,
335 5411 375 5462 38.
402 5407 593 5476 rlrpurncnta,
619 5423 690 5478 quae
715 5413 811 5464 eontra
828 5407 1054 5464 resurrectionem
1072 5427 1134 5479 pro·
1161 5427 1216 5464 non
1236 5410 1358 5466 ordimur
1383 5427 1483 5465 novam
1509 5408 1593 5481 hujus
1616 5410 1767 5481 corporalis
1793 5411 1869 5468 vitae
1896 5417 2003 5488 telam3

171 5495 248 5534 ments
298 5491 438 5560 seruntur,
466 5493 602 5564 quaedam
626 5497 759 5564 petuntur
787 5512 818 5551 55
847 5494 1012 5563 Scripturas
1041 5496 1135 5561 (lictis,
1162 5495 1379 5552 extraordinarie
1404 5504 1497 5550 tamen
1526 5495 1699 5566 quonrudsm
1727 5495 1841 5567 spiritus
1869 5515 2003 5560 55555555

170 5547 251 5639 iiiiii
299 5578 435 5648 quaedum
457 5596 491 5635 55
515 5580 786 5636 ratiocinationibus.
827 5585 850 5636 1.
873 5578 936 5636 Job.
964 5584 1010 5642 11,
1034 5598 1058 5634 5.
1087 5587 1135 5637 13.ο
1162 5589 1204 5639 est
1220 5580 1437 5638 adhuncvitam
1458 5581 1616 5652 1115511,
1634 5588 1715 5638 531.
1735 5582 1895 5650 151315.
1911 5592 2003 5645 11155
