4104 6014
230 230 290 288 272
822 218 946 276 Locus
964 216 1166 275 weretune
1186 218 1333 277 SEXTUS

230 379 302 432 bona
321 378 469 431 constituet
488 393 556 430 eum
599 373 706 428 Eodem
731 375 814 428 morlo
834 377 976 443 exponunt
995 369 1313 469 ipsi-'Respondemusz
1331 374 1495 447 intelligitur
1513 374 1568 430 hoo
1586 378 1623 429 ds
1642 384 1722 430 terra
1741 393 1823 445 noua,
1841 390 1927 447 quam

225 554 394 706 graderisisit
409 634 598 703 beatitudinis,
615 650 686 702 quae
698 633 728 687 in
743 547 875 702 {terdicta
887 633 946 686 Dei
958 633 1077 741 aniane!
1090 563 1257 701 Cyritlusfflin
1274 591 1337 704 cap..
1355 593 1399 691 58.
1425 635 1534 703 Esaiae,
1548 595 1696 706 'Nyssenus
1721 635 1768 692 lib.
1786 637 1821 691 de
1838 635 1925 690 beati·

228 723 448 866 ttt‘td?
458 720 901 875 lttt'tttttttltt
917 717 1522 887 litt,ltdsttttltttlt
1540 721 1925 879 tttlltltttttl

228 897 294 961 fore
312 904 343 949 ut
372 894 497 949 incaelo
524 894 649 946 borsines
676 899 727 946 aut
751 893 910 992 civitatibus
935 899 985 945 aut
1009 889 1391 1011 stipendiarentur.
1411 900 1440 950 5:
1466 895 1553 949 Beati
1569 897 1663 965 mima,
1686 897 1819 964 manniam
1844 896 1923 949 bere-

229 983 340 1037 omnino
376 983 475 1051 ostieio
507 981 724 1051 praeficiantur,
756 982 809 1034 sed
836 998 905 1050 quta
931 981 968 1032 de
1000 979 1217 1077 repe=dstabuut
1233 987 1346 1035 terram.
1377 979 1484 1043 Quodsi
1502 982 1538 1036 ad
1558 990 1668 1037 sanctos
1685 982 1715 1036 in
1733 982 1813 1038 terris
1830 982 1924 1037 viren-

230 1070 408 1168 loquebatur,
416 1086 534 1139 quorum
547 1077 587 1121 est
599 1068 770 1121 consuetudo
785 1066 976 1165 benemeritos
987 1068 1130 1193 mrosptes
1150 1065 1219 1164 illud
1237 1067 1444 1123 accommodare
1475 1067 1605 1137 velimus,
1633 1085 1730 1123 sensus
1753 1068 1820 1132 erit,
1846 1070 1925 1139 quod

229 1157 421 1226 gubernandis
435 1157 591 1226 praeficere
605 1154 771 1222 aestatibus,
782 1153 924 1222 significat
932 1152 1254 1269 praemsasmostsficent
1283 1156 1407 1207 membra
1428 1172 1494 1224 asa,
1524 1172 1597 1224 quae
1625 1163 1689 1208 sunt
1712 1163 1923 1224 superterram

229 1244 343 1311 majora
363 1243 470 1296 meritis
486 1244 560 1306 fors.
575 1242 670 1296 Eman.
697 1238 736 1295 Sa
754 1238 784 1293 in
801 1236 1063 1293 achonitarum:
1090 1235 1148 1296 Col.
1162 1242 1186 1305 3,
1204 1256 1230 1293 r.
1241 1243 1265 1294 5.
1283 1239 1359 1310 quod
1376 1241 1492 1296 terrenis
1507 1241 1708 1313 cupiditatibus
1721 1241 1923 1296 aaaarnalibus

229 1331 321 1398 Super
340 1328 436 1382 omnia
456 1329 536 1397 bona,
554 1328 606 1381 boc
626 1335 667 1380 est
679 1325 859 1393 conrepnabit
875 1342 936 1378 cum
949 1322 1062 1377 Christo
1089 1322 1233 1379 desideriis
1249 1332 1414 1397 repugnent.

230 1415 332 1486 (iuquit
357 1413 519 1485 Origenes),
547 1414 595 1467 cui
624 1413 720 1466 omnia
743 1412 832 1466 Pater
859 1411 983 1465 tradidit
1009 1416 1061 1465 eto.
1124 1415 1182 1467 ³59.
1220 1418 1244 1467 5.
1263 1414 1352 1483 Apoe.
1373 1418 1398 1480 2,
1417 1430 1444 1473 v.
1463 1419 1511 1470 te:
1536 1413 1592 1476 Qui
1608 1414 1706 1468 macrii
1723 1421 1750 1467 et
1766 1415 1817 1484 qui
1833 1406 1956 1467 custo-⁶·
1970 1406 2044 1482 ΑΜ,

229 1500 381 1556 Banadius
400 1500 447 1556 lib.
469 1505 508 1556 10.
528 1516 625 1556 comm.
646 1499 676 1554 in
696 1514 774 1553 cone
792 1498 917 1568 evangel.
936 1513 998 1568 cap.
1021 1501 1062 1553 12.
1089 1498 1175 1551 dierit
1194 1516 1281 1569 aspris
1301 1500 1331 1552 in
1349 1502 1432 1566 finem
1450 1518 1538 1572 opera
1553 1519 1624 1570 osea,
1644 1501 1718 1555 dabo
1735 1501 1785 1555 illi
1797 1508 1921 1570 potcsta-
1935 1459 2049 1551 idolii

228 1605 295 1660 pag.
314 1593 379 1643 642:
407 1587 491 1650 Quod
507 1586 649 1640 Dominus
672 1602 766 1640 omnes
792 1602 838 1638 res
859 1602 940 1654 suas,
967 1584 1062 1637 omnia
1089 1591 1143 1638 tem
1172 1602 1256 1655 super
1288 1594 1395 1656 pentes,
1427 1605 1452 1642 v.
1479 1593 1521 1643 27.
1551 1594 1577 1642 et
1608 1595 1685 1656 repet
1710 1605 1759 1640 eas
1780 1588 1810 1640 in
1838 1587 1921 1655 sirpo
1934 1568 2047 1665 ζῗζζξζ,

228 1676 301 1729 bona
322 1674 406 1742 fidei,
430 1672 603 1742 prudentiae
631 1680 658 1726 ct
686 1671 852 1740 vipilantiae
881 1671 960 1726 illius
988 1669 1064 1724 servi
1086 1671 1198 1737 ferrea,
1222 1681 1355 1740 tanqtsam
1379 1691 1430 1726 aas
1445 1673 1535 1742 figuli
1553 1674 1779 1741 confrinpentur‚
1803 1674 1877 1727 sictut
1895 1679 1923 1726 et
1936 1672 2028 1716 graus.

228 1761 335 1815 dicitur
354 1759 524 1823 traditurus,
543 1775 574 1811 eo
589 1759 717 1827 proemio
731 1766 757 1811 et
771 1758 908 1826 dipnitate
920 1764 1063 1810 adernam
1089 1759 1257 1828 egoaccepi
1275 1777 1294 1812 a
1312 1760 1401 1813 Patre
1419 1776 1487 1814 meo.
1517 1759 1574 1812 Hic
1593 1760 1719 1828 loquitur
1742 1760 1868 1813 Christus
1886 1761 1923 1812 ds

223 1847 383 1917 praemium
401 1852 426 1899 et
440 1844 565 1913 dipnitas
577 1845 773 1912 adumbratur,
792 1863 848 1915 pua
861 1845 947 1897 banus
960 1851 1063 1919 pastor
1088 1843 1237 1912 spiritibus
1262 1854 1448 1913 mortuorum,
1471 1853 1502 1899 ut
1523 1852 1601 1915 patet
1624 1863 1657 1899 ea
1680 1846 1741 1899 illis
1766 1847 1871 1915 vete,
1896 1855 1924 1902 et

154 1996 157 2001 ,
229 1951 263 1987 aa
300 1935 398 1986 doctor
431 1949 449 1985 a
478 1932 542 1986 Deo
574 1932 604 1984 in
634 1931 746 1985 coelesti
776 1931 873 1999 gloria
904 1931 1062 1986 donabitur.
1089 1933 1256 1987 crsstodierit
1272 1933 1404 2002 usquein
1421 1935 1504 1998 finem
1523 1950 1612 2003 opera
1624 1949 1696 1998 mea,
1712 1941 1738 1986 et
1753 1933 1924 2002 loquturde

227 2019 377 2076 Jauseuius
413 2017 443 2072 in
474 2034 550 2076 conc.
581 2017 706 2089 evangel.
741 2033 802 2088 cap.
830 2023 871 2073 87.
905 2034 969 2089 pag.
995 2021 1060 2072 teo:
1089 2026 1211 2088 tempore
1231 2026 1296 2073 ante
1312 2020 1559 2082 resumendam,
1586 2027 1617 2071 at
1634 2026 1712 2088 patet
1736 2035 1770 2073 eu
1786 2036 1827 2082 eo,
1847 2021 1926 2088 quod

227 2106 398 2159 Parabolice
416 2106 556 2174 sipnifieat
573 2105 726 2173 Dominus,
755 2121 816 2173 eos,
847 2104 896 2172 gui
912 2104 958 2157 bic
978 2120 1063 2173 prae·
1090 2104 1172 2171 dicit,
1200 2114 1278 2174 repet
1308 2122 1356 2160 eas
1385 2107 1414 2160 in
1432 2106 1514 2174 uirga
1529 2106 1637 2169 ferrea.
1685 2107 1761 2158 Nam
1777 2122 1874 2174 repere
1894 2107 1924 2159 in

223 2192 300 2262 fecti
329 2191 463 2257 familiae
500 2190 679 2245 Christianae
722 2190 777 2255 fids
814 2189 919 2261 optimu
964 2206 1063 2243 munus
1089 2191 1170 2259 uirga
1185 2191 1285 2256 ferrea
1302 2210 1358 2246 non
1377 2192 1519 2261 significat
1533 2192 1647 2260 punire,
1666 2193 1743 2260 quod
1760 2192 1844 2245 etiam
1857 2198 1925 2262 post

229 2297 309 2333 suum
329 2280 443 2343 obeunt,
462 2276 499 2330 ab
512 2277 575 2346 ipso
591 2295 654 2330 cum
673 2276 917 2345 adjudicandum
938 2277 1064 2345 redierit,
1089 2277 1320 2332 resurrectionem
1351 2279 1410 2347 fiet,
1445 2280 1497 2333 sed
1530 2279 1673 2348 sipnifiwt
1706 2294 1804 2345 repere
1839 2267 1924 2347 uirpa

227 2367 434 2436 praeficiendos
462 2364 587 2418 omnibus
615 2363 675 2416 susis
700 2363 792 2427 bonis,
821 2364 897 2433 quod
918 2364 975 2432 liet,
1001 2381 1063 2417 cum
1087 2364 1245 2432 pastorali,
1285 2365 1362 2432 quod
1397 2364 1487 2418 solum
1519 2367 1552 2430 fit
1588 2372 1652 2418 ante
1682 2365 1922 2418 resurrectionem.

230 2452 388 2508 coelestium
414 2469 529 2505 suorum
557 2450 691 2505 bonorum
717 2467 763 2504 eos
784 2451 944 2521 participes
967 2451 1063 2516 saciet.
1090 2448 1207 2504 Dicitur
1227 2458 1318 2504 autem
1337 2450 1420 2520 uirga
1436 2452 1545 2518 ferrea,
1562 2450 1631 2520 quia
1645 2450 1807 2519 inflexibiles
1825 2458 1865 2504 est
1882 2452 1924 2504 ad

230 2539 285 2594 Per
315 2538 391 2593 bona
426 2537 513 2608 igitur
541 2535 654 2591 Domini
679 2537 754 2592 vitae
783 2541 912 2593 astemoe
939 2536 1064 2608 praemia
1090 2536 1269 2606 injmtitiam,
1286 2545 1318 2590 ut
1335 2537 1444 2593 Psalm.
1464 2541 1507 2594 44,
1526 2537 1609 2605 sirpo
1627 2537 1799 2606 directionis,
1817 2537 1871 2591 boc
1884 2546 1924 2592 est

230 2623 429 2695 intelliguntur.
1088 2623 1170 2691 uirga
1187 2623 1346 2677 rectissima
1364 2631 1404 2677 est
1422 2623 1504 2691 uirga
1522 2623 1604 2691 repni
1620 2623 1662 2675 tui
1679 2630 1705 2677 et
1722 2623 1807 2676 etiam
1823 2626 1923 2694 sempi-

101 2733 121 2775 4,
133 2734 204 2782 ερον,
265 2715 322 2766 358.
357 2716 381 2765 t.
396 2710 484 2780 Apoa
499 2714 522 2778 1,
541 2726 568 2763 v.
591 2713 620 2764 ὃν
640 2708 746 2762 Fecisti
759 2726 811 2761 nos
829 2724 908 2778 repes
927 2717 952 2764 et
970 2726 1063 2763 sacer·
1089 2717 1178 2772 terno‚
1198 2727 1263 2763 nam
1282 2710 1364 2780 regni
1381 2712 1442 2778 ejus
1459 2726 1517 2762 non
1542 2710 1596 2761 erit
1607 2708 1686 2776 finis.
1734 2708 1816 2771 Quod
1831 2719 1923 2764 auum

100 2783 194 2878 legg&
231 2799 310 2853 dotes
328 2814 423 2852 coram
438 2799 508 2851 Deo.
545 2796 625 2865 Erpa
643 2795 737 2848 saneti
751 2794 820 2848 baec
837 2803 951 2849 terrena
963 2803 1064 2849 curant
1089 2796 1229 2867 sgqmtur,
1246 2804 1272 2850 et
1289 2804 1424 2864 tanquam
1442 2812 1492 2848 vas
1506 2795 1593 2865 figuli
1611 2796 1770 2863 confringet
1787 2813 1849 2863 eos,
1865 2814 1923 2850 non

100 2898 145 2929 Μ·
161 2897 196 2928 ¹0·
231 2892 258 2939 et
289 2884 506 2951 administrant,
543 2880 673 2936 Costerus
706 2880 733 2934 d,
766 2881 785 2938 l.
839 2879 1062 2952 Respondemus:
1089 2883 1231 2950 sipnificat
1273 2883 1398 2937 laminas
1433 2883 1612 2952 perdendos,
1660 2884 1713 2935 sed
1749 2891 1923 2951 peccatores,

101 2949 148 2991 μ’
233 2976 254 3028 l.
278 2970 419 3026 Johauues
448 2967 572 3039 loquitur
604 2985 659 3023 non
689 2971 799 3022 tantum
828 2968 864 3023 de
890 2969 993 3024 amous
1016 2969 1062 3024 de·
1092 2967 1202 3023 Christo
1224 2978 1345 3038 peccata
1373 2975 1531 3024 conterente
1556 2976 1582 3021 et
1607 2968 1730 3032 dolente,
1753 2974 1784 3021 ut
1810 2971 1923 3039 seponit

229 3057 346 3123 iunctis,
380 3056 427 3127 qni
451 3062 517 3110 suut
549 3053 672 3111 membra
700 3054 833 3110 ecclesiae
852 3055 1063 3126 triumphantis,
1089 3056 1265 3123 Augustinus
1288 3057 1396 3111 Psalm.
1417 3059 1442 3109 2.
1466 3055 1509 3110 ael
1534 3063 1669 3122 reguntur
1693 3056 1749 3108 sive
1763 3065 1922 3127 pascuntur

230 3144 278 3199 sed
297 3143 379 3198 etiam
398 3142 433 3197 de
449 3141 553 3196 sanetis
570 3141 599 3195 in
622 3146 696 3194 terra
713 3140 807 3195 adhuc
825 3141 997 3210 viventibus,
1015 3142 1064 3214 qui
1090 3143 1170 3197 electi
1186 3143 1217 3196 in
1243 3144 1324 3211 virpa
1344 3145 1461 3210 ferrea,
1480 3142 1595 3210 reprobi
1610 3150 1703 3195 autem
1721 3149 1855 3210 uuquam
1873 3162 1923 3198 aas

229 3238 294 3285 sunt
315 3228 439 3283 membra
466 3227 600 3283 ecclesiae
622 3226 774 3283 militantis.
819 3228 964 3284 Praecedit
989 3229 1062 3283 enim
1082 3231 1403 3300 fipulscanr'rinpentur.
1434 3230 1516 3293 Quod
1524 3247 1589 3284 acro
1598 3229 1649 3282 boc
1659 3229 1722 3282 loco
1734 3229 1872 3298 significet
1880 3248 1922 3285 re·

228 3335 255 3373 v.
274 3323 304 3372 5:
333 3315 461 3371 Clsristus
491 3316 590 3369 dilexit
612 3333 663 3369 nos
689 3323 714 3368 et
735 3315 806 3369 lauit
829 3334 880 3370 nos
900 3334 921 3369 a
938 3317 1064 3386 peccatis
1089 3334 1155 3386 pere
1176 3317 1205 3369 in
1225 3318 1306 3387 oirpa
1332 3319 1445 3384 ferrea,
1466 3322 1549 3385 patet
1578 3320 1600 3371 1.
1621 3333 1654 3368 ee
1680 3316 1762 3368 uerbo
1782 3317 1923 3382 Hebraeo,

94 3423 163 3468 mu
184 3402 333 3466 renoscis
357 3404 386 3456 in
416 3403 552 3471 sanguine
579 3419 630 3456 esso
663 3409 689 3455 et
717 3401 788 3465 fecit
821 3419 872 3456 nos
902 3418 982 3473 repes
1011 3407 1064 3457 eto.
1091 3422 1146 3474 qua
1167 3404 1257 3457 utitur
1270 3403 1370 3456 Dauid
1380 3403 1488 3456 Psalm,
1506 3404 1534 3457 2.
1556 3391 1680 3476 ΕζῆἿη,
1707 3410 1732 3455 et
1756 3420 1788 3456 ea
1811 3401 1923 3457 Graeco

228 3489 334 3556 Quodsi
352 3505 418 3559 ergo
443 3505 475 3543 ex
493 3488 546 3542 hoo
575 3487 649 3542 dieto
674 3485 769 3542 inferri
792 3495 886 3558 posset
906 3487 956 3544 illa
972 3506 1064 3544 rerum
1090 3489 1232 3544 Jolsanm's
1249 3495 1410 3562 ποιμανεῑς,
1434 3490 1512 3558 quod
1537 3496 1578 3541 est
1598 3504 1701 3557 pasces
1719 3490 1776 3541 sios
1790 3498 1923 3558 pastora·

226 3583 395 3631 terrenarum
431 3574 610 3646 gubernatio,
648 3589 820 3645 consequens
857 3573 945 3645 ioret,
979 3575 1063 3631 etiam
1089 3578 1155 3631 liter
1171 3593 1259 3644 repes.
1293 3576 1423 3630 &cundo
1441 3592 1473 3628 ea
1490 3592 1530 3643 so,
1550 3575 1628 3644 quod
1645 3575 1750 3648 dicitur
1768 3576 1858 3646 Apoc.
1879 3580 1923 3631 12.

226 3669 337 3716 sanctos
356 3662 386 3715 iu
405 3660 448 3713 his
466 3660 545 3716 terris
565 3659 689 3715 viventes
710 3660 762 3714 toti
782 3659 885 3715 mundo
904 3661 1062 3732 praesidere
1085 3663 1198 3733 peperit
1221 3663 1329 3731 tilium,
1352 3662 1402 3731 qm·
1426 3670 1554 3716 recturus
1578 3669 1638 3714 erat
1662 3679 1755 3715 omnes
1776 3671 1869 3730 pentes
1892 3664 1923 3716 in

228 3754 256 3802 et
275 3747 432 3802 universam
449 3744 552 3801 Christi
570 3745 718 3800 eeclesiam
746 3745 911 3817 gnbernare.
945 3752 969 3805 2.
988 3749 1062 3806 Vere
1088 3751 1170 3819 uirpa
1187 3751 1301 3816 ferrea.
1352 3746 1479 3801 Christus
1511 3755 1603 3800 antem
1633 3765 1689 3801 non
1718 3750 1802 3816 punit
1829 3746 1924 3803 omnes

226 3834 267 3906 pii
285 3840 351 3888 suut
368 3850 448 3905 reges
467 3850 564 3887 coram
581 3834 660 3901 Deo,
679 3832 733 3886 hoe
750 3841 793 3888 est
809 3833 978 3904 spirituales,
995 3835 1063 3906 quia
1088 3844 1196 3905 pentes,
1220 3837 1272 3889 sed
1297 3835 1370 3902 repit
1391 3834 1586 3904 pastoraliter.
1633 3837 1658 3886 3.
1679 3835 1747 3902 quia
1765 3835 1865 3888 Psatm
1894 3838 1922 3891 2.

227 3938 278 3992 per
304 3921 444 3976 Christum
474 3928 502 3975 et
535 3921 565 3974 in
591 3918 700 3974 Christo
730 3919 908 3975 dominantur
937 3927 1061 3992 peccato,
1089 3925 1162 3977 unde
1204 3923 1350 3976 Jobannes
1384 3920 1469 3974 osrba
1513 3938 1567 3973 sua
1601 3921 1767 3990 desumpsit,
1817 3920 1923 3974 dicitur

227 4008 318 4077 sarni,
340 4009 475 4076 Satanae,
499 4005 581 4061 morti
600 4012 629 4061 et
646 4004 767 4074 inferno,
795 4006 911 4062 uncum
927 4008 1061 4062 mundum
1089 4010 1215 4063 Christro
1242 4017 1328 4062 totam
1355 4025 1434 4061 usam
1460 4007 1643 4060 hereditatem
1669 4023 1766 4076 repere
1784 4007 1813 4059 in
1839 4008 1922 4077 airpa

227 4102 255 4151 et
280 4089 377 4149 mundi
403 4094 558 4166 principem
589 4098 609 4149 l.
626 4092 727 4149 dohan.
749 4100 780 4162 5,
804 4110 832 4152 u.
850 4099 875 4150 4.
902 4093 1018 4150 Roman.
1037 4101 1060 4163 6,
1087 4100 1196 4163 ferrea,
1216 4112 1266 4150 nec
1284 4104 1375 4148 tamen
1392 4094 1535 4163 aruspicari
1558 4111 1708 4162 possumus
1728 4101 1814 4148 totam
1833 4095 1921 4149 eecle-

226 4200 252 4238 v.
271 4188 312 4238 20.
333 4199 388 4254 quo
407 4198 489 4237 seusu
507 4181 588 4236 etiam
604 4186 740 4234 vocantur
757 4180 854 4248 repnte
871 4182 1060 4236 sacmdotium
1089 4186 1161 4237 siam
1192 4201 1210 4237 a
1244 4183 1354 4238 Christo
1392 4197 1451 4234 esse
1479 4181 1688 4236 destruendam.
1738 4185 1762 4234 t.
1790 4181 1857 4250 quia
1879 4181 1921 4236 sic

229 4276 250 4325 1.
276 4269 353 4325 Petr.
377 4274 408 4339 2,
434 4287 460 4324 r.
481 4273 504 4324 9.
536 4266 701 4322 Ambrosius
728 4267 774 4322 lib.
800 4272 823 4322 2.
854 4267 889 4321 de
919 4268 1060 4323 Abraham
1089 4278 1227 4340 exponunt
1263 4270 1409 4336 Hilarius,
1450 4268 1623 4335 Ascpastinus
1664 4275 1691 4321 et
1731 4268 1923 4323 Theodorstus

144 4394 146 4399 ·
227 4371 288 4426 cap.
311 4361 357 4412 to:
378 4357 475 4410 Etiam
496 4355 544 4409 illi
558 4371 638 4424 repes
657 4355 707 4423 qui
717 4362 836 4423 peceato
853 4372 911 4408 nan
928 4356 1061 4424 suriunt,
1089 4359 1119 4410 in
1136 4358 1242 4413 Psalm.
1263 4359 1289 4413 2.
1309 4356 1478 4423 Primassus,
1500 4355 1582 4408 Beda
1605 4362 1631 4408 et
1647 4355 1791 4423 Rupertus
1808 4356 1837 4409 in
1855 4374 1876 4413 c.
1894 4361 1921 4410 2.

226 4459 277 4496 nec
296 4444 380 4496 uincit
398 4459 445 4496 eos
464 4442 583 4500 malitia.
628 4440 671 4494 Ex
699 4457 731 4495 eo
758 4457 825 4496 vero
844 4440 938 4496 inferri
957 4442 1062 4514 nequit,
1089 4448 1179 4514 Apoc.
1210 4443 1354 4497 Habemus
1373 4442 1470 4512 igitur,
1488 4442 1605 4510 spiritus
1619 4441 1759 4495 bominum
1778 4444 1921 4497 beatorum

227 4529 303 4600 quod
330 4535 440 4585 terrena
467 4535 565 4583 curent
596 4534 625 4583 et
653 4527 854 4582 administrent.
903 4533 928 4583 3.
957 4528 1061 4593 Quales
1085 4539 1151 4602 post
1184 4538 1301 4584 mortem
1335 4535 1400 4582 ante
1436 4528 1509 4581 diem
1545 4529 1759 4583 resurrectionis
1793 4531 1920 4599 accipere

227 4619 388 4671 sacerdotes
409 4623 475 4670 sunt
497 4616 550 4687 pii,
573 4615 644 4671 tales
668 4615 751 4669 etiam
767 4632 849 4685 repes
870 4615 968 4671 merito
996 4634 1061 4674 oen·
1084 4625 1252 4688 potestatem
1282 4617 1313 4669 in
1342 4623 1436 4685 pentes
1467 4622 1493 4666 et
1523 4630 1621 4683 repere
1649 4623 1675 4668 et
1708 4632 1827 4683 pascere
1863 4633 1920 4681 aas,

226 4709 330 4771 sentur,
349 4702 398 4757 sed
416 4707 480 4756 suut
499 4702 657 4756 secerdotes
675 4702 841 4772 spirituales,
861 4704 927 4771 quia
940 4706 1061 4775 offerunt
1089 4704 1275 4760 Bellarminus
1294 4702 1319 4758 d.
1337 4701 1355 4755 l.
1392 4700 1615 4770 Respondemus:
1640 4706 1662 4758 1,
1682 4706 1756 4755 totus
1775 4709 2049 4764 contemnendum

226 4791 292 4842 Deo
310 4788 476 4859 spirituales
501 4789 607 4842 bestias
624 4786 703 4841 Rom.
726 4793 772 4857 12,
796 4805 822 4844 v.
845 4794 868 4846 1.
897 4795 920 4847 1.
939 4790 1015 4847 Petr.
1037 4796 1061 4861 2,
1089 4791 1218 4860 ostendit,
1238 4803 1391 4844 sermonem
1410 4802 1470 4841 esee
1482 4786 1517 4841 de
1528 4793 1672 4858 potestate,
1689 4803 1772 4858 quam
1784 4788 1922 4859 accipient

226 4893 252 4929 v.
271 4881 295 4932 5.
332 4873 408 4945 Ergo
426 4873 510 4928 etiam
529 4881 595 4928 aaut
620 4891 700 4946 reges
718 4873 884 4945 spirituales.
921 4875 1061 4939 Quemad·
1090 4878 1171 4935 electi
1189 4880 1219 4930 in
1245 4878 1293 4931 die
1309 4875 1435 4945 judicii,
1461 4875 1527 4945 quia
1550 4875 1693 4945 praecedit
1716 4892 1742 4932 v.
1764 4881 1804 4931 25.
1829 4884 1922 4930 ιανιιενε

225 4961 337 5016 modum
356 4961 442 5032 igitur
459 4976 493 5014 ex
517 4976 558 5028 eo,
583 4961 657 5033 quod
675 4961 831 5016 sacerdotes
849 4960 994 5030 dicuntur,
1020 4964 1061 5016 iu·
1088 4969 1121 5021 id
1141 4967 1218 5037 quod
1235 4964 1359 5029 habetis,
1386 4968 1473 5016 tenete
1499 4964 1586 5015 donec
1611 4963 1733 5030 ueniam,
1761 4968 1790 5017 et
1807 4962 1921 5018 additur

227 5047 293 5103 ferri
319 5048 430 5120 nequit,
462 5047 536 5113 quod
563 5055 690 5102 externas
717 5048 852 5119 quasdam
876 5048 979 5104 hostias
998 5049 1059 5105 Deo
1088 5070 1114 5106 v.
1133 5057 1175 5108 27.
1195 5058 1327 5119 tanquam
1343 5066 1395 5103 oas
1414 5048 1503 5118 fipuli
1523 5048 1750 5117 confringentur,
1773 5048 1847 5119 quod
1864 5065 1921 5104 uon

227 5134 360 5202 offerant,
377 5134 418 5188 ita
436 5150 470 5188 ex
489 5149 531 5200 eo,
550 5132 626 5204 quod
643 5149 722 5204 reges
743 5134 882 5198 dicuntur,
901 5135 994 5207 colligi
1013 5153 1060 5192 ne·
1087 5137 1136 5193 fiet
1154 5137 1208 5192 nisi
1237 5137 1266 5191 in
1291 5140 1413 5191 extremo
1439 5134 1492 5197 die.
1536 5132 1664 5189 Andreas
1683 5132 1868 5191 Caesariensis
1893 5134 1922 5188 iu

227 5221 301 5291 quit,
347 5219 421 5292 quod
456 5220 486 5274 in
524 5226 694 5275 terrenorum
730 5221 968 5277 administratione
1006 5223 1062 5278 siut
1087 5242 1184 5280 comm.
1211 5223 1361 5279 hocloco:
1388 5223 1447 5275 Per
1467 5229 1649 5294 potestatem,
1672 5223 1753 5291 cujus
1775 5222 1827 5277 boc
1856 5222 1920 5276 loca

225 5307 363 5377 occupati.
396 5309 490 5376 dAt,
522 5305 628 5377 inquis,
654 5305 742 5375 Apoo.
764 5313 795 5373 5,
814 5324 841 5364 v.
864 5313 903 5364 10.
920 5309 970 5361 ubi
986 5309 1060 5363 mem
1085 5312 1119 5378 fit
1138 5312 1252 5378 mentio,
1278 5309 1355 5364 ulad
1371 5310 1515 5378 judicium
1538 5309 1714 5377 insinuatur,
1738 5326 1792 5378 quo
1813 5311 1923 5365 seducti

227 5393 332 5447 dictum
361 5395 497 5466 repetitur
531 5400 557 5447 ct
591 5394 634 5446 od
667 5392 813 5448 molosiam
844 5395 1060 5466 triumphantem
1086 5398 1130 5452 rel
1155 5394 1299 5451 increduli
1325 5397 1362 5449 ab
1382 5397 1420 5449 iis
1445 5395 1651 5464 iudicabuntur
1677 5403 1704 5448 et
1728 5394 1815 5448 ueluti
1838 5395 1921 5465 uirpa

227 5480 400 5550 applicatur,
414 5480 836 5548 diserteadditurrepnabimus
847 5497 933 5551 asper
947 5489 1058 5538 terram
1086 5485 1186 5549 ferrea
1209 5490 1396 5551 conterentur,
1424 5482 1474 5550 qui
1498 5498 1530 5536 ea
1556 5482 1682 5550 pentibus
1707 5489 1733 5536 st
1758 5481 1922 5549 infidelibus
