4104 6014
874 207 928 267 DE
944 205 1085 268 noum
1763 218 1826 278 iti

127 378 184 415 aaa
199 368 293 415 tamen
317 362 379 416 rina
402 379 499 418 cansa
543 368 567 421 t.
587 363 720 429 Quamvis
746 364 800 435 piis
817 369 882 434 post
898 379 962 434 pec·
989 360 1164 417 remissorum
1195 361 1287 417 adhm
1315 363 1454 418 reeordari
1484 367 1536 417 eta
1582 361 1763 432 Consequens
1784 378 1827 417 re·

128 451 221 500 catum
244 445 389 500 remissum
411 448 583 504 calamitates
613 450 751 520 quaedam
776 448 963 521 imponantur,
990 452 1099 515 pugnat
1117 446 1268 518 Scriptnris
1286 448 1371 502 sacris
1388 448 1460 502 Rom
1475 454 1500 516 8,
1520 465 1545 503 r.
1562 453 1585 503 1.
1604 453 1633 502 et
1648 452 1689 502 3³.
1708 447 1764 504 Jer.
1784 453 1826 511 tl,

129 548 198 603 quas
218 531 342 603 generali
367 534 557 603 appellatione
578 554 686 605 poenas
709 536 804 591 vocari
830 534 964 607 permitti·
990 547 1016 586 v.
1037 535 1078 588 ³1.
1101 532 1177 603 quod
1205 532 1314 603 plenius
1332 533 1361 587 in
1388 533 1567 605 sequentibus
1585 532 1826 588 demonstrabitur.

129 635 204 685 mus,
233 633 290 672 non
312 623 407 672 tamen
435 637 486 688 pro
503 619 559 674 illis
583 621 742 676 satisfacere
761 627 891 691 possunt,
918 620 962 675 vel
991 616 1066 689 Ergo
1086 623 1116 671 et
1133 619 1309 676 antecedens.
1356 625 1379 675 s.
1399 619 1429 675 Si
1452 625 1481 675 et
1503 620 1586 689 culpa
1616 625 1645 674 et
1662 635 1754 689 poena
1771 636 1827 674 uno

130 702 192 773 ipsi,
213 702 259 757 vel
273 719 323 773 per
335 704 516 768 alica-talem
535 707 608 760 enim
620 706 838 762 satisfactionem
853 706 963 778 ignorat
988 703 1104 774 peccati
1120 705 1230 759 nomine
1248 705 1325 776 apud
1345 704 1488 761 Hebraeos
1508 707 1713 777 exprimuntur,
1732 720 1826 760 conse

128 795 187 843 tota
204 786 362 858 Scriptura,
387 789 485 844 sedin
504 807 570 846 vera
586 793 722 862 patientia
740 810 773 847 ac
792 791 963 862 poenitentia
989 807 1077 861 quens
1110 797 1165 858 est,
1192 798 1299 845 tantam
1328 797 1442 861 tamque
1470 799 1577 847 arctam
1595 808 1656 847 esse
1679 792 1825 863 utriusque

128 880 259 928 tenentur
274 891 321 931 eas
340 892 375 931 ex
394 892 478 931 manu
500 875 555 932 Dei
582 879 721 949 suscipere
739 886 767 934 et
785 878 837 933 suh
856 878 962 949 potenti
989 877 1228 946 conjunctionem,
1260 885 1291 930 ut
1319 878 1435 932 remissa
1453 878 1537 946 culpa
1558 876 1643 931 etiam
1660 891 1766 947 poenae
1784 893 1825 930 re·

128 958 182 1014 Dei
199 977 284 1015 mauu
298 976 360 1016 sese
373 961 518 1018 humiliare
533 964 642 1035 ipsique
666 964 784 1019 liberum
799 965 962 1036 relinquere,
990 961 1150 1030 mittantur,
1178 964 1246 1019 alias
1279 965 1352 1018 enim
1379 982 1433 1019 non
1458 971 1553 1033 posset
1577 979 1667 1033 poena
1689 978 1723 1016 ac
1741 962 1827 1032 culpa

128 1046 261 1117 quamdin
286 1046 339 1100 sub
360 1047 413 1102 hoc
438 1049 529 1103 crucis
552 1050 623 1120 jugo
643 1056 672 1105 et
690 1050 879 1104 calamitatum
896 1067 963 1120 pon·
990 1063 1046 1102 nno
1075 1048 1227 1119 eodemque
1251 1051 1362 1104 nomine
1382 1049 1504 1120 exprimi.
1551 1049 1607 1103 Sed
1630 1064 1724 1102 rerum
1742 1047 1827 1118 prins,

130 1131 194 1185 dere
215 1148 263 1186 cos
281 1131 352 1188 velit
375 1133 509 1188 laborare.
558 1134 764 1207 Distinguimus
788 1136 874 1207 igitur
892 1136 964 1189 inter
990 1141 1022 1186 ut
1047 1141 1125 1204 patet
1145 1151 1178 1188 ex
1205 1135 1294 1190 Levit.
1324 1153 1348 1190 c.
1378 1142 1416 1191 ltl.
1465 1142 1489 1190 9.
1516 1134 1545 1190 si
1569 1142 1686 1204 peccata
1709 1134 1828 1188 venialia

125 1233 247 1284 poariam
266 1220 491 1287 emtipaton'an,
515 1237 533 1273 a
552 1237 609 1291 qua
627 1221 797 1276 reconciliati
820 1237 883 1276 cnm
901 1221 963 1293 Deo
986 1219 1113 1287 jamdum
1131 1221 1247 1275 remissa
1269 1222 1355 1274 nihilo
1378 1228 1471 1275 tamen
1497 1221 1588 1274 minus
1605 1221 1702 1290 poenis
1721 1226 1827 1289 tempo·

129 1319 183 1356 non
200 1308 267 1357 sunt
283 1321 393 1376 semper
411 1305 556 1375 immunes,
576 1315 605 1362 et
623 1307 859 1374 satisfactorium,
880 1323 964 1379 qnam
991 1303 1096 1358 talibus
1125 1305 1327 1374 subjiciuntur,
1363 1306 1469 1359 nullum
1498 1307 1552 1360 erit
1578 1305 1726 1359 discrimen
1755 1305 1827 1358 inter

129 1388 251 1457 ipsorum
274 1389 336 1444 loco
362 1391 491 1446 Christus
519 1392 678 1462 plenissime
701 1394 841 1463 persolvit.
884 1400 909 1450 6.
929 1393 963 1446 ln
991 1397 1106 1459 peccata
1134 1390 1255 1446 venialia
1286 1392 1400 1446 remissa
1430 1401 1459 1446 et
1487 1408 1542 1446 non
1572 1393 1695 1446 remissa.
1743 1390 1826 1444 Ratio

130 1473 281 1544 baptisatis
317 1475 470 1530 infantibus
498 1478 671 1533 calamitates
701 1496 756 1534 non
781 1479 871 1534 solum
899 1484 965 1532 snut
990 1477 1168 1530 connexionis
1189 1478 1258 1532 haec
1277 1485 1326 1542 est,
1344 1478 1538 1549 quiapeccata
1555 1478 1673 1532 venialia
1692 1493 1725 1531 ex
1740 1477 1826 1547 hypo-

128 1559 251 1615 remedia
277 1560 366 1615 futuri
397 1563 521 1632 peccati,
554 1564 603 1618 sed
630 1563 714 1619 etiam
734 1565 840 1619 indicia
861 1563 963 1633 judicii
990 1562 1062 1617 thesi
1080 1562 1290 1617 Pontificiorum
1315 1571 1423 1618 tantum
1449 1565 1617 1634 temporales
1641 1580 1745 1634 poenas
1764 1579 1826 1632 pro·

128 1646 215 1701 divini
233 1646 368 1701 adversus
383 1654 539 1718 peccatum,
555 1658 616 1704 tum
633 1651 776 1722 originale,
794 1656 855 1704 tum
869 1656 964 1705 actua·
991 1656 1138 1704 merentur.
1176 1648 1231 1704 Sed
1249 1666 1419 1719 consequens
1449 1656 1491 1704 est
1510 1649 1669 1703 absurdum.
1706 1647 1782 1720 Ergo
1799 1655 1828 1703 et

128 1731 169 1797 le,
198 1731 273 1786 absit
301 1731 375 1787 enim
402 1741 435 1789 ut
460 1735 581 1791 infantes
612 1754 629 1791 a
655 1737 779 1807 peccatis
806 1736 964 1791 actualibus
990 1735 1167 1790 antecedens.
1203 1741 1241 1790 lo.
1255 1736 1377 1789 Peccata
1395 1742 1489 1790 nostra
1503 1736 1676 1789 suntriabita
1690 1734 1825 1802 Matthtl,

128 1818 239 1887 penitus
261 1818 398 1874 imanes
421 1837 484 1874 cum
503 1820 671 1876 Bellsrmino
689 1827 810 1878 statuere
836 1823 963 1889 velimus,
991 1836 1015 1874 v.
1045 1825 1084 1875 lt.
1115 1838 1205 1890 poena
1235 1837 1286 1890 pro
1314 1822 1437 1891 peccatis
1469 1830 1511 1876 est
1537 1820 1693 1876 debitorum
1717 1822 1825 1878 solutio.

129 1904 291 1959 cumfomes
304 1905 413 1974 peccati
426 1923 568 1977 nunquam
580 1908 616 1963 sit
630 1908 743 1975 otiosus,
762 1908 829 1978 quin
843 1913 872 1962 et
891 1909 962 1962 salu·
991 1905 1081 1974 Atqui
1099 1906 1213 1960 remisso
1235 1906 1329 1960 dehita
1358 1925 1412 1961 non
1437 1906 1557 1976 amplius
1577 1907 1697 1977 exigitur
1716 1907 1826 1976 solutio,

129 1991 201 2044 taria
219 1990 310 2045 media
338 2006 372 2045 ae
397 1991 534 2061 remedia,
557 2009 608 2063 per
633 2010 706 2065 quae
732 2011 764 2049 er
789 1993 917 2047 haesita
934 1993 963 2046 in
990 1992 1207 2062 acceptilatione
1234 1992 1307 2044 enim
1332 1992 1374 2044 sal
1393 1994 1557 2045 rarnnsione
1580 1994 1671 2045 omnis
1689 1994 1826 2060 ohiipatio

128 2076 274 2130 coclemem
307 2076 524 2141 transferantur,
557 2088 586 2133 et
614 2078 654 2132 sic
677 2077 714 2133 ab
746 2079 821 2132 omni
848 2083 964 2148 peccato
990 2077 1106 2132 militar.
1125 2076 1216 2132 Instit.
1241 2075 1349 2140 Quibus
1368 2077 1524 2133 modistoll.
1537 2077 1622 2147 oblig.
1650 2077 1725 2148 Ergo
1739 2079 1823 2132 etiam

127 2161 239 2230 penitus
257 2167 420 2232 purgantem.
990 2163 1113 2216 remissis
1127 2164 1249 2232 peccatis
1267 2179 1321 2217 non
1341 2164 1459 2234 amplius
1478 2164 1628 2233 imponitur
1649 2179 1748 2233 poena.

165 2253 222 2302 titt).
258 2246 314 2302 Sed
324 2247 586 2304 enimnePontificii
600 2250 716 2305 ulterius
728 2251 855 2314 clament,
867 2251 964 2305 remm-
1026 2254 1084 2304 201.
1134 2248 1253 2318 Insuper
1282 2256 1310 2303 et
1336 2248 1392 2304 alia
1429 2249 1534 2304 ratione
1565 2249 1728 2319 figmentum
1757 2267 1827 2319 pur·

129 2334 168 2385 ris
184 2333 310 2401 peccatis
328 2334 422 2387 adbuc
440 2352 552 2389 cannete
571 2336 694 2390 deditum
711 2338 834 2391 luendae
848 2354 965 2406 pacisce,
991 2336 1092 2407 gaterii
1136 2336 1249 2388 diuinae
1282 2335 1415 2403 justitiae
1452 2335 1633 2401 adversatur,
1669 2337 1743 2401 quod
1786 2335 1827 2391 sic

10 2434 60 2477 rttt.
73 2418 295 2488 mopponimns
320 2418 376 2473 illis
401 2420 548 2491 sequentis
576 2428 749 2491 argumenta.
800 2430 821 2479 l.
848 2422 965 2478 Sublata
993 2422 1221 2476 demonstramus.
1261 2420 1291 2477 Si
1308 2421 1418 2475 animae
1443 2421 1471 2474 in
1491 2422 1651 2491 purgatorio
1668 2427 1827 2476 aestuantes

129 2520 214 2559 cansa
249 2503 357 2559 tollitur
395 2504 517 2562 effecum.
568 2507 687 2564 Sublato
724 2509 905 2565 fundamento
936 2509 965 2562 in
992 2522 1042 2577 per
1070 2506 1231 2576 temporarii
1260 2505 1408 2576 cujusdam
1445 2503 1520 2575 ignis'
1557 2522 1676 2576 poenam
1717 2506 1827 2561 divinae

130 2590 265 2646 relatione
310 2590 418 2645 tollitur
453 2593 538 2647 etiam
577 2595 719 2651 terminus.
782 2597 874 2667 Culpa
924 2604 965 2652 est
990 2593 1118 2662 justitiae
1148 2609 1198 2661 pro
1229 2591 1352 2661 pcccatis
1381 2591 1542 2645 satisfacere
1571 2600 1701 2661 possunt,
1732 2593 1829 2663 utique

128 2693 214 2730 causa
250 2681 279 2731 et
313 2676 525 2733 fundamentum
561 2696 682 2750 poenae,
720 2698 792 2752 quae
828 2688 870 2737 est
904 2683 964 2752 ejus
989 2677 1116 2747 justitiae
1134 2678 1245 2732 divinae
1262 2677 1407 2747 congruit,
1436 2684 1468 2731 ut
1490 2678 1600 2732 animae
1627 2679 1828 2748 damnatorum,

128 2763 243 2817 etl'ectns
276 2779 310 2817 ac
343 2763 491 2833 terminus,
521 2772 553 2819 ut
582 2766 667 2837 paulo
698 2774 764 2820 ante
795 2768 964 2822 demonstra·
993 2764 1114 2835 quaein
1132 2763 1239 2819 inferno
1256 2772 1436 2833 torquentur,
1454 2781 1504 2833 per
1522 2781 1625 2834 poenas
1643 2765 1828 2818 diuturniores

128 2849 225 2901 vimus.
265 2846 382 2903 Sublata
399 2866 465 2920 ergo
483 2851 567 2920 culpa
585 2867 677 2921 poena
701 2853 821 2921 amplius
839 2869 901 2908 esse
917 2869 964 2907 ne·
993 2856 1022 2905 et
1038 2850 1180 2921 graviores
1198 2849 1310 2903 divinae
1331 2849 1457 2918 justitiae
1478 2851 1590 2903 tandem
1610 2850 1783 2905 satisfaciant
1800 2858 1830 2906 et

129 2935 197 3002 quit.
213 2934 613 2993 2.Contrariarumcausarum
626 2940 965 2997 contrariisunteffectus.
992 2954 1026 2992 ex
1045 2937 1153 2991 inferno
1170 2935 1330 2990 liberentur.
1365 2934 1543 3006 Consequens
1562 2936 1711 3006 Scripturis
1730 2937 1827 2990 adver·
1860 3003 1861 3007 ἵ

129 3017 257 3076 Retentio
280 3021 380 3091 cnlpae
403 3028 446 3076 est
464 3039 563 3090 eausa,
589 3031 805 3095 propterquam
830 3027 966 3083 retinetur
991 3028 1076 3076 satur.
1126 3022 1201 3093 Ergo
1227 3026 1257 3076 et
1284 3020 1459 3076 antecedens.
1504 3020 1655 3090 Excipiunt
1678 3021 1827 3087 Pontificii,

128 3121 228 3174 poena.
277 3105 353 3178 Ergo
382 3108 507 3164 remissio
534 3110 634 3180 culpae
663 3117 706 3167 est
723 3128 824 3178 causa,
852 3120 966 3184 propter
992 3124 1051 3162 esse
1067 3109 1205 3165 radonem
1229 3108 1349 3160 manime
1367 3108 1521 3177 disparem.
1561 3105 1733 3159 Constiterat
1754 3109 1827 3160 etnim

130 3208 213 3261 quam
231 3193 381 3248 remittitur
398 3211 498 3263 poena
537 3201 561 3253 3.
579 3195 609 3251 Si
629 3197 733 3251 Christi
754 3198 907 3254 satisfactio
922 3206 965 3254 est
991 3196 1022 3249 in
1041 3195 1157 3259 ‘'an
1177 3211 1235 3248 ⁶⁸⁸⁶
1254 3201 1335 3246 ΜΝ
1352 3201 1455 3245 ”amm
1472 3193 1595 3260 frssit'fl‘b
1612 3193 1780 3245 “mmmm
1796 3194 1828 3246 ⁸⁹¹⁸

130 3278 213 3346 plena
229 3283 258 3332 et
276 3277 416 3347 perfecta,
435 3279 531 3350 utique
550 3298 606 3336 non
623 3282 713 3337 solum
734 3301 784 3354 pro
805 3285 897 3354 culpa,
914 3285 963 3339 sed
991 3282 1160 3350 ptsrpatorio
1184 3297 1244 3333 esse
1266 3281 1295 3331 in
1312 3287 1390 3332 stata
1407 3280 1532 3346 gratiae,
1556 3278 1624 3331 ilios
1641 3279 1728 3348 ἱρέων
1745 3280 1829 3332 satis·

131 3363 214 3417 etiam
233 3380 284 3434 pro
301 3379 391 3434 poena
408 3365 556 3433 satisfecit,
583 3375 612 3421 et
628 3384 679 3438 per
696 3384 882 3441 consequens,
909 3388 964 3425 non
992 3370 1090 3427 facere
1107 3384 1162 3419 non
1182 3383 1282 3434 posse,
1305 3366 1355 3418 isos
1379 3382 1446 3418 varo
1472 3381 1564 3433 porse.
1603 3364 1690 3436 Atqui
1708 3373 1829 3434 praeter·

131 3450 218 3503 solum
239 3466 257 3503 a
274 3449 365 3520 culpa,
383 3452 432 3506 sed
452 3452 573 3507 etiams
596 3471 687 3524 poena
704 3456 812 3524 peccati
828 3473 880 3510 nos
896 3455 964 3511 libe
992 3470 1075 3524 quam
1102 3453 1176 3524 quod
1201 3450 1367 3521 principium
1402 3451 1519 3520 petitur,
1549 3465 1650 3521 urgere
1678 3467 1826 3520 possumus

130 3536 211 3589 ravit
255 3534 310 3591 Sed
328 3553 425 3600 verum
443 3539 529 3608 prius.
571 3539 646 3610 Ergo
664 3547 692 3595 et
708 3542 854 3611 posterius.
892 3550 916 3599 t.
936 3542 965 3598 Si
992 3541 1044 3594 hoc
1063 3544 1265 3609 argumentum.
1302 3536 1358 3592 Ubi
1377 3544 1434 3590 tam
1448 3535 1538 3606 rigide
1564 3552 1598 3590 ac
1614 3552 1710 3590 serere
1727 3536 1829 3607 integri

131 3620 256 3677 Christus
273 3637 377 3692 poenas
396 3632 575 3693 peccatorum
602 3631 758 3682 nostrorum
777 3629 807 3682 in
826 3646 856 3683 se
874 3640 965 3683 susce-
993 3625 1079 3680 debiti
1099 3622 1249 3695 persolutio
1268 3621 1398 3691 exigitur,
1418 3630 1449 3675 ut
1469 3637 1524 3675 non
1542 3629 1636 3690 pateat
1655 3620 1775 3677 debitori
1795 3636 1829 3676 er

130 3707 184 3778 pit,
211 3707 309 3778 utique
331 3716 425 3778 partes
443 3710 632 3766 satisfaciendi
657 3728 708 3781 pro
723 3714 820 3783 poenis
837 3721 964 3784 peccato
993 3727 1104 3767 carcere
1121 3709 1219 3775 exitus,
1237 3708 1291 3762 nisi
1310 3707 1436 3762 ultimum
1454 3707 1639 3778 quadrantem
1658 3707 1829 3778 persolverit,

130 3812 191 3848 rum
207 3810 384 3866 nequaquam
401 3795 481 3850 nobis
500 3796 620 3867 reliquit
651 3797 707 3853 Sed
724 3798 811 3868 prius,
831 3806 864 3854 ut
881 3799 966 3870 paulo
993 3797 1033 3852 ibi
1059 3814 1114 3851 non
1140 3793 1298 3847 dominatur
1325 3793 1473 3863 indulgens
1505 3793 1610 3863 gratia,
1640 3793 1690 3847 scd
1709 3793 1828 3864 puniens

131 3884 194 3949 post
229 3879 337 3950 plenius
375 3880 592 3936 confirmabitur.
646 3883 722 3954 Ergo
759 3892 788 3940 et
821 3886 965 3956 posterius.
990 3883 1109 3953 justitia.
1154 3879 1219 3935 Jam
1254 3896 1319 3934 vero
1352 3879 1389 3933 ab
1426 3879 1572 3934 animabus
1603 3879 1633 3933 in
1668 3881 1828 3950 purgatorio

132 3971 157 4020 5.
177 3965 208 4022 Si
225 3966 363 4037 quaedam
382 3974 544 4037 peccataeo
562 3971 644 4025 modo
662 3971 853 4036 remittuntur,
877 3977 909 4024 ut
924 3987 966 4025 re
993 3966 1184 4024 coamantibus
1209 3971 1267 4019 tam
1292 3982 1387 4020 severe
1414 3982 1447 4019 ac
1468 3965 1558 4035 rigida
1583 3965 1686 4034 integri
1711 3981 1744 4019 ac
1768 3963 1830 4018 nni·

131 4060 229 4122 spectu
252 4053 353 4124 culpae
380 4053 409 4109 in
438 4053 492 4110 hac
516 4056 575 4110 vita
597 4055 730 4110 tollantur
754 4073 788 4111 ac
813 4056 967 4120 deleantur,
994 4055 1066 4109 versi
1084 4052 1171 4108 debiti
1194 4052 1346 4123 persolutio
1368 4052 1506 4122 erigitur,
1529 4058 1562 4105 nt
1582 4068 1638 4104 non
1659 4053 1758 4119 pateat
1774 4048 1830 4102 illis

133 4144 263 4208 respectu
276 4154 382 4209 poenrm
395 4139 424 4194 in
438 4142 599 4212 purgatorio
611 4160 663 4213 pro
677 4143 734 4197 illis
746 4143 782 4197 sit
795 4142 967 4197 satisfacien·
993 4159 1029 4196 ex
1045 4138 1201 4210 purgatorii
1218 4153 1329 4193 carcere
1346 4137 1444 4203 exitus,
1463 4137 1521 4188 nbi
1537 4136 1665 4189 nltimam
1684 4136 1829 4202 madran-

133 4223 213 4292 dum,
239 4224 343 4295 duplex
360 4231 538 4295 peccatorum
564 4228 688 4284 remissio
712 4227 837 4296 dabitur,
862 4245 919 4282 una
939 4228 968 4281 in
995 4236 1050 4279 tem
1070 4223 1265 4296 persolverint,
1284 4223 1403 4277 docente
1421 4220 1589 4275 Bellarmino
1606 4226 1636 4275 et
1653 4218 1716 4273 aliis
1733 4219 1829 4274 Ponti·
1844 4235 1909 4276 xvn.
1924 4236 1970 4278 aaa

132 4309 185 4365 hac
205 4309 271 4377 vita,
288 4310 376 4365 altera
396 4317 460 4382 post
479 4311 552 4368 banc
568 4314 654 4369 vitam
674 4313 885 4386 inpurgatorio.
912 4313 967 4369 Sed
995 4311 1080 4378 ficiis,
1112 4309 1160 4381 qui
1186 4325 1220 4364 ex
1249 4307 1347 4364 Matth.
1369 4315 1394 4362 5.
1416 4311 1445 4361 et
1468 4306 1537 4361 Luc.
1569 4311 1609 4360 12.
1639 4306 1830 4376 purgatorium

133 4412 305 4467 consequeus
334 4403 377 4451 est
405 4396 572 4469 absurdum,
604 4405 702 4470 utpote
727 4415 887 4471 repugnans
913 4414 968 4451 non
994 4397 1149 4452 accendere
1163 4395 1300 4450 laborant.
1346 4394 1420 4463 lirgo
1440 4393 1468 4445 in
1487 4396 1649 4461 purgatorio
1667 4409 1722 4445 non
1742 4392 1830 4446 domi·

133 4480 221 4536 solum
239 4480 389 4550 scripturis
412 4485 512 4552 sacris,
539 4486 590 4539 sed
607 4485 691 4541 etiam
708 4485 836 4556 symbolo
860 4488 968 4554 aposto
996 4490 1079 4538 natur
1097 4483 1202 4553 gratia,
1227 4481 1277 4536 sed
1294 4479 1412 4550 justitia.
1459 4478 1565 4542 Quodsi
1588 4495 1656 4547 ergo
1675 4478 1785 4534 animae
1801 4479 1831 4532 in

89 4579 92 4584 ·
134 4567 194 4631 lico,
212 4567 242 4621 in
258 4581 314 4638 quo
335 4567 466 4634 dicimus,
492 4587 542 4624 nos
560 4573 674 4626 medere
697 4572 889 4624 remissionem
903 4584 969 4638 pec·
997 4570 1158 4640 purgatorio
1189 4567 1284 4637 poenis
1307 4565 1460 4620 tolerandis
1477 4563 1590 4617 divinae
1604 4563 1732 4633 justitiae
1750 4564 1832 4618 satis·

134 4662 267 4708 amoram
306 4658 329 4711 6.
347 4653 378 4709 Si
397 4656 506 4724 peccati
524 4657 650 4713 remissio
669 4666 713 4713 est
731 4657 825 4712 totalis
843 4655 969 4727 ejusdem
995 4655 1088 4709 facere
1105 4661 1230 4724 possunt,
1248 4651 1345 4723 quidni
1364 4651 1488 4705 damnati
1505 4651 1534 4703 in
1548 4649 1613 4720 igne
1631 4649 1761 4704 infernali
1781 4667 1832 4720 per

135 4739 332 4794 exstinctione
352 4740 619 4812 deletio,ntdeeo
639 4744 710 4799 nihil
728 4743 968 4815 superuacanea
996 4740 1098 4797 multas
1133 4756 1268 4795 annornm
1308 4738 1452 4809 myriadas
1495 4736 1684 4791 excarnificati
1718 4735 1832 4790 tandem

134 4842 222 4896 quens
240 4832 297 4896 est,
320 4842 371 4896 pro
395 4836 510 4898 peccato
533 4830 648 4885 remisso
671 4848 727 4885 non
752 4846 834 4901 posse
851 4827 968 4898 irrogari
995 4832 1129 4899 poterunt
1150 4825 1262 4881 divinae
1281 4824 1408 4894 justitiae
1431 4824 1593 4878 satisfacere
1616 4830 1646 4877 et
1670 4839 1704 4877 er
1724 4821 1831 4877 inferno

37 4923 40 4926 ’
134 4927 261 4981 poenam.
297 4910 380 4966 Ratio
398 4921 449 4982 est,
467 4913 534 4984 quia
551 4934 607 4970 non
626 4917 696 4969 entis
715 4916 798 4969 nulia
813 4922 878 4969 sant
896 4911 969 4966 aeci-
995 4913 1129 4968 liberari?
1321 4908 1329 4925 '

134 4999 245 5066 aientia,
271 5003 299 5052 et
315 4999 427 5068 justitia
444 5015 500 5054 non
518 5001 641 5056 admittit
656 5017 775 5073 poenam
795 5000 901 5072 infligi,
920 4998 969 5053 ubi
1032 5005 1090 5057 202.
1126 5004 1151 5053 3.
1175 4996 1334 5051 Articulum
1363 4998 1400 5050 de
1425 4994 1533 5050 Christi
1556 4994 1663 5048 merito.
1705 4991 1862 5047 Christus&
1877 4997 1931 5040 cun

135 5087 281 5152 peccatum
310 5091 353 5139 est
383 5085 494 5157 penitus
526 5087 701 5142 exstinctum.
747 5088 803 5144 Sed
832 5086 910 5158 prius
936 5100 969 5139 er
996 5085 1170 5142 sanctissima
1195 5092 1225 5139 et
1243 5081 1446 5152 perfectissima
1471 5097 1522 5134 sna
1539 5078 1698 5134 obedientia
1716 5094 1750 5132 ac
1768 5051 1969 5148 pwissufflssqo

134 5166 283 5238 hypothesi
299 5168 517 5226 Pontificiorum.
564 5177 587 5226 l.
605 5169 635 5227 Si
657 5173 733 5227 Deus
753 5172 869 5228 remissa
887 5171 971 5241 culpa
997 5174 1075 5229 sione
1104 5169 1285 5225 acerbissima
1314 5184 1370 5221 non
1398 5172 1506 5220 tantum
1531 5180 1583 5234 pro
1609 5164 1752 5232 originali,
1780 5153 1937 5217 sed⁰¹¹'¹¹‘¹·

134 5254 227 5309 adhue
250 5255 356 5327 irroget
373 5273 492 5328 menas,
520 5273 693 5328 consequeus
722 5259 784 5330 erit,
809 5259 901 5313 adhuc
920 5256 970 5311 ali·
998 5260 1086 5315 etiam·
1114 5272 1165 5326 pro
1195 5252 1353 5309 actualibus
1386 5252 1509 5323 peccatis
1539 5249 1640 5304 nostris
1671 5249 1831 5320 plenissime

135 5341 211 5410 quod
231 5341 386 5415 κατάκριμα
399 5360 461 5398 esse
486 5343 515 5398 in
540 5342 609 5411 illis,
639 5344 687 5413 qui
712 5350 777 5397 sunt
801 5343 831 5397 in
851 5343 970 5407 Christo,
998 5343 1135 5400 mtisfecit
1158 5358 1192 5396 ac
1215 5357 1320 5411 poenas
1343 5345 1520 5410 peccatorum
1545 5343 1701 5391 nostrorum
1726 5337 1754 5390 in
1772 5352 1833 5391 sese

133 5427 236 5483 electos
268 5429 361 5485 adbuc
392 5444 473 5496 posse
499 5429 641 5499 murari,
673 5429 765 5485 Deum
793 5436 971 5502 peccatorum
999 5427 1159 5499 recipiendo
1176 5443 1227 5497 pro
1243 5427 1339 5498 poenis
1360 5422 1559 5493 temporalibus
1583 5422 1744 5477 etaeteruis
1770 5438 1834 5496 pro·

1418 5528 1476 5583 10*
