4104 6014
310 277 369 334 168
883 269 1005 326 Locus
1025 266 1230 328 VICESIMUS
1248 268 1395 326 SEXTUS

306 422 413 477 Calvia.
432 427 495 477 e.3.
514 440 542 492 p.
561 427 602 477 32.
622 423 670 493 qni
690 423 818 492 interea,
836 441 908 494 quae
927 424 962 479 de
979 424 1140 496 purgatorio
1168 425 1255 477 travit
1272 426 1399 492 cuidam,
1426 427 1503 494 qnod
1522 425 1674 494 puniretur
1700 423 1729 476 in
1747 424 1870 492 quodam
1890 422 1954 476 laco
1974 422 2004 475 in

305 508 381 578 apud
407 506 564 563 Catholicae
594 515 670 563 certa
697 514 776 575 sunt,
809 510 893 563 etism
922 508 974 564 hoe
1005 517 1140 578 numerat,
1168 516 1252 562 terra.
1301 509 1436 565 Albertus
1464 517 1488 565 4.
1522 515 1591 565 sent.
1626 509 1689 564 dist.
1711 515 1752 564 20.
1782 507 1823 561 sie
1847 498 2004 578 distingnit,

306 595 383 662 qnod
399 593 436 645 sit
454 593 483 646 in
511 595 572 647 loeo
601 595 791 647 subterraneo.
836 595 883 646 De
902 610 933 648 eo
961 596 1080 649 ccclesia
1098 597 1140 648 ni·
1168 597 1244 662 quod
1263 597 1430 665 purpatorii
1454 597 1531 649 locus
1555 597 1632 649 alins
1652 603 1693 648 est
1711 613 1743 649 ee
1767 594 1867 647 ordine
1887 593 2004 646 diuinae

304 679 346 731 bil
377 678 517 746 definivit,
555 678 646 750 inquit
673 678 860 733 Bellarminns
897 681 913 734 l.
940 685 965 735 2.
997 681 1032 735 de
1060 699 1140 752 purg.
1161 681 1293 751 justitiae
1307 683 1518 736 determinantia
1531 682 1737 751 receptaculum
1755 681 1867 733 animae
1884 678 2004 750 punien-

305 782 328 817 e.
349 769 373 818 6.
396 764 478 832 (ejus,
514 765 589 834 quod
607 782 745 835 nusquam
777 772 833 832 est,
860 765 938 821 loeus
956 766 1066 821 definiri
1086 784 1140 821 non
1168 770 1229 836 dae,
1250 769 1325 821 alius
1343 785 1408 821 vcro
1427 786 1459 822 ea
1477 769 1696 837 dispensatione.
1742 767 1863 837 Majolus
1880 766 1910 820 in
1930 764 2003 821 dieb.
2048 767 2049 770 ’

304 849 417 920 potnit.)
468 849 540 903 Sunt
573 859 664 904 autem
694 851 798 905 multae
834 852 986 919 opiniones.
1041 854 1139 906 Prima
1168 853 1283 909 eenieul.
1303 854 1404 926 colloq.
1424 860 1449 911 2.
1468 873 1494 925 p.
1513 861 1560 910 61:
1583 854 1705 907 Thomas
1726 871 1787 906 eum
1800 854 2005 906 Beneventum

305 937 497 1005 quarundam,
524 937 574 1004 qni
588 945 705 1005 putant,
734 937 774 990 ibi
803 939 913 990 animas
928 939 1064 1007 parpari,
1093 941 1142 992 ubi
1168 939 1256 1007 dicit,
1280 943 1358 1009 quod
1378 941 1571 1010 particularia
1585 939 1750 1010 purpatorii
1776 939 1839 993 loca
1859 938 1889 990 in
1907 954 2004 1006 super-

301 1030 503 1090 peccaoerunt‚
533 1023 585 1075 boc
618 1031 657 1075 est
688 1023 776 1075 variis
801 1023 831 1075 in
849 1023 927 1078 locis.
970 1024 1009 1077 Et
1028 1027 1140 1094 quidem
1166 1027 1228 1087 ficis
1252 1032 1345 1079 terrae
1369 1027 1531 1096 specialiter
1559 1028 1641 1079 Deus
1668 1023 1818 1079 ordinavit.
1860 1022 2006 1087 Quaemnt

168 1109 386 1175 xn11,2p3,quod
409 1107 498 1159 uariis
522 1108 551 1160 in
575 1107 647 1160 locis
667 1109 778 1160 animae
791 1117 968 1176 purpentur,
986 1110 1057 1163 satis
1071 1129 1139 1179 pro·
1167 1129 1262 1180 porro,
1286 1129 1323 1164 an
1345 1121 1464 1180 praeter
1487 1111 1592 1167 coelum
1616 1119 1642 1164 et
1661 1111 1861 1182 purpatorium
1884 1110 1923 1162 sit
1936 1116 2006 1178 post

307 1193 437 1245 babiliter
455 1194 599 1260 callipitur
623 1211 656 1246 aa
679 1193 821 1263 Greporz'o
844 1194 861 1248 l.
881 1199 905 1247 l.
925 1195 993 1250 dial.
1012 1214 1033 1252 c.
1053 1200 1096 1253 to.
1114 1206 1140 1250 et
1166 1197 1238 1249 lianc
1255 1197 1340 1250 sitam
1358 1197 1464 1266 aliquis
1481 1198 1556 1250 alius
1573 1197 1651 1251 locus
1660 1215 1715 1266 pro
1734 1195 1881 1249 animabus
1896 1194 2004 1263 justis!

306 1283 350 1332 55.
382 1279 433 1346 qui
464 1282 555 1348 refert
592 1281 716 1333 animam
744 1281 896 1333 Paschasii
928 1290 954 1334 et
991 1283 1139 1351 cujusdam
1167 1281 1350 1337 Bellarminus
1383 1283 1398 1337 l.
1421 1289 1443 1337 2.
1465 1283 1499 1338 de
1522 1300 1603 1353 purg.
1632 1298 1656 1335 e.
1676 1288 1699 1337 7.
1728 1281 1808 1346 dieit,
1834 1281 1879 1334 bic
1893 1280 2004 1333 subesse

306 1366 425 1417 alterins
454 1364 484 1417 in
513 1366 623 1419 balneis
645 1366 740 1435 suase
763 1374 919 1434 purpatas‚
951 1385 1000 1420 nee
1027 1387 1082 1421 non
1107 1387 1139 1422 aa
1166 1368 1365 1436 difficultatem
1396 1368 1467 1420 satis
1498 1386 1642 1437 mapnam,
1673 1367 1741 1438 quia
1771 1384 1804 1420 ea
1833 1384 1889 1419 una
1916 1373 2003 1435 parte

305 1451 385 1519 epist.
421 1451 503 1503 Petri
520 1451 660 1504 Iiansiani
680 1453 715 1504 de
733 1453 829 1506 mirac.
856 1454 903 1505 sui
921 1455 1068 1521 temporis,
1092 1456 1140 1508 ubi
1167 1472 1262 1507 omnes
1285 1454 1406 1521 tbeolopi
1430 1457 1543 1517 docent,
1577 1472 1633 1506 non
1656 1470 1713 1506 esse
1733 1452 1794 1506 alia
1819 1451 2001 1520 receptacula

306 1536 441 1589 describit
470 1535 604 1588 visionem
638 1537 673 1588 de
706 1537 876 1606 purpatione
913 1539 1024 1591 animae
1060 1538 1138 1594 Seve-
1164 1548 1279 1609 praeter
1298 1549 1419 1607 quatuor
1443 1549 1619 1603 enumerata,
1642 1555 1712 1608 quae
1737 1547 1801 1591 ssent
1826 1537 1928 1592 limbus
1949 1554 2000 1607 pa·

304 1621 363 1672 rini
398 1622 427 1673 in
464 1623 587 1689 quodam
617 1621 744 1688 flumine.
798 1627 834 1674 At
873 1626 950 1691 quod
976 1641 1070 1678 omnes
1101 1627 1141 1679 ibi
1166 1634 1248 1692 trum,
1268 1626 1369 1679 limbus
1383 1626 1538 1688 infantam,
1557 1625 1753 1694 purpatorium
1773 1631 1798 1677 et
1817 1624 1956 1685 infernus,
1975 1631 2000 1676 et

301 1707 468 1775 puniantur,
486 1707 536 1758 ubi
548 1707 742 1777 peccaverint,
760 1725 817 1760 non
836 1715 875 1760 est
889 1709 1051 1779 probabile,
1075 1728 1138 1763 narn
1166 1710 1313 1764 concilium
1326 1711 1522 1765 Florentinum
1536 1728 1601 1763 sess.
1616 1711 1665 1765 ult.
1679 1710 1785 1778 definit,
1796 1709 1916 1776 animas,
1932 1725 2005 1778 quae

306 1793 449 1859 eontinpit‚
470 1792 592 1860 aliquem
610 1794 640 1845 in
662 1793 755 1845 multis
775 1794 847 1846 locis
860 1811 1007 1862 peccasse,
1030 1812 1081 1848 nec
1101 1805 1139 1848 est
1167 1796 1239 1850 nibil
1253 1800 1437 1867 purpandum
1456 1798 1564 1864 babent,
1583 1817 1646 1852 moa
1665 1798 1757 1865 recipi
1767 1797 1797 1864 in
1812 1795 1928 1852 coelum.
1958 1797 2004 1850 Ea

304 1878 470 1947 verisimile,
496 1878 526 1931 in
552 1879 678 1931 omnibns
700 1879 761 1932 illis
776 1882 968 1948 pnrpandum.
1008 1880 1138 1934 Secunda
1167 1884 1259 1936 altera
1280 1892 1364 1952 parte
1382 1892 1481 1935 narrat
1506 1886 1588 1936 Beda
1616 1884 1708 1939 libb.
1733 1883 1795 1936 bist.
1813 1899 1835 1935 c.
1858 1883 1900 1934 13.
1920 1880 2002 1934 visio-

306 1964 416 2033 opinio,
445 1965 507 2018 lora
528 1965 686 2017 animarum
716 1983 772 2018 non
803 1983 861 2018 esse
880 1967 1054 2036 corporalia.
1092 1968 1140 2020 Ita
1167 1985 1228 2022 nem
1251 1969 1334 2022 valde
1348 1968 1533 2038 probabilem,
1551 1968 1598 2023 cui
1616 1968 1675 2038 ipse
1695 1971 1779 2033 fidem
1796 1967 1931 2020 adbibere
1949 1982 2004 2019 non

305 2048 479 2116 Aupustinu's
508 2049 527 2103 l.
555 2053 597 2105 12.
635 2052 669 2104 de
704 2049 806 2104 Genes.
831 2054 873 2104 ad
894 2053 936 2108 lit.
965 2071 989 2108 e.
1015 2056 1061 2108 33.
1087 2055 1140 2106 scd
1168 2054 1320 2122 dubitavit,
1350 2054 1379 2105 in
1409 2071 1464 2122 qua
1494 2061 1631 2106 ostensum
1654 2053 1712 2116 fuit
1741 2053 1856 2107 cuidam
1883 2051 2004 2118 animae,

304 2137 471 2190 retractavit
489 2137 536 2192 lib.
555 2139 582 2189 2.
602 2145 715 2194 retract.
739 2155 762 2189 o.
784 2141 824 2194 nt.
868 2139 973 2203 Tertia,
994 2138 1058 2191 loeo
1071 2156 1139 2207 poe·
1168 2157 1239 2208 qaae
1251 2143 1291 2193 ad
1304 2158 1405 2208 eorpus
1415 2148 1516 2208 postea
1527 2139 1622 2205 rediit,
1633 2147 1749 2208 praeter
1764 2140 1916 2206 infernum,
1932 2156 2002 2207 pur·

306 2223 389 2275 nalia
407 2225 566 2278 animarum
583 2240 643 2277 csse
662 2224 734 2276 bunc
752 2226 895 2285 muudum,
913 2225 943 2277 in
956 2242 1009 2293 quo
1029 2226 1140 2278 animae
1167 2226 1307 2293 potorium
1339 2234 1365 2278 et
1395 2242 1510 2292 reginum
1548 2227 1704 2294 coeloram,
1740 2226 1885 2294 quoddam
1919 2224 2004 2294 attasi

307 2316 419 2362 manent
440 2311 469 2363 in
488 2325 606 2381 corpore
630 2317 765 2378 tanquam
784 2310 813 2362 in
832 2327 953 2366 earcere.
997 2312 1081 2364 Hane
1098 2328 1140 2364 re·
1166 2321 1280 2380 pratum
1312 2312 1550 2375 florentissimum,
1587 2311 1804 2378 lucidissimum,
1843 2312 2002 2372 odoratum,

305 2397 364 2457 fert
383 2404 407 2447 et
425 2396 536 2460 refellit
567 2396 703 2446 Irenaens
735 2395 765 2446 in
791 2396 850 2463 fine
875 2396 923 2449 lib.
944 2401 970 2449 5.
1024 2397 1140 2460 Quarta,
1168 2415 1326 2464 asnoennm,
1358 2399 1388 2450 in
1419 2416 1473 2466 quo
1503 2397 1638 2464 depebant
1667 2395 1805 2464 animae,
1828 2412 1901 2465 quae
1930 2395 2002 2449 nibil

307 2482 451 2546 infernum
471 2488 497 2533 et
517 2479 715 2549 pnrpatorinm
739 2481 851 2534 animae
876 2482 949 2534 nibil
974 2482 1141 2549 aliudesse,
1165 2484 1363 2553 patiebantur,
1381 2484 1434 2536 sed
1450 2491 1542 2535 tamen
1560 2482 1600 2534 ibi
1616 2483 1772 2545 manebant,
1792 2483 1861 2550 qnia
1878 2484 2003 2535 nondum

306 2585 391 2635 quam
411 2566 608 2619 conscientiam
619 2576 794 2620 acmesantem
809 2575 834 2620 et
844 2568 1004 2636 punientem
1011 2579 1140 2638 peccata,
1168 2571 1286 2623 idoneae
1304 2577 1384 2623 erant
1405 2569 1520 2622 diuinae
1539 2567 1644 2620 visioni
1660 2568 1813 2633 beatificae,
1830 2567 1878 2620 eui
1896 2568 2004 2621 revela·

306 2656 347 2705 ita
365 2651 450 2706 Philo
465 2658 491 2703 et
512 2651 653 2718 Oripenes.
686 2653 788 2715 Quinta
810 2663 858 2722 est,
871 2653 1015 2717 infernum
1034 2663 1059 2707 et
1072 2672 1141 2724 pro·
1167 2655 1239 2708 tioni
1269 2655 1373 2707 multas
1398 2655 1475 2708 alias
1504 2654 1663 2716 caniformes
1695 2653 1813 2706 adducit
1844 2653 2003 2722 Dionysium

306 2739 373 2791 inde
389 2737 602 2806 purpatorium,
622 2745 686 2791 sunt
706 2739 779 2792 enim
802 2739 865 2794 loca
889 2740 997 2807 uicina,
1018 2743 1085 2805 fore
1112 2741 1142 2792 in
1170 2741 1298 2795 Cortbus.
1323 2740 1353 2793 in
1370 2741 1488 2809 dialapo
1504 2741 1538 2792 da
1560 2740 1671 2806 iudicio
1687 2739 1866 2808 particulari
1885 2749 1940 2795 art.
1959 2741 2003 2795 31.

306 2825 381 2878 valle
409 2824 569 2892 Josapbat,
597 2823 639 2876 ita
664 2827 755 2894 refert
785 2824 995 2894 Cbrpsostomas
1024 2827 1141 2879 sensisse
1169 2835 1194 2879 et
1222 2828 1330 2880 Ladon.
1360 2826 1478 2879 Blosius
1506 2826 1536 2879 in
1567 2824 1668 2878 monili
1691 2823 1841 2893 spirituali
1868 2842 1933 2894 cap.
1958 2829 2035 2882 13.x

306 2917 410 2964 ueteres
431 2910 556 2978 aliquos,
583 2909 679 2963 bomil.
703 2913 737 2962 de
750 2911 889 2980 praemiis
907 2912 1012 2966 beator.
1032 2919 1095 2967 tom.
1113 2913 1142 2968 3.
1173 2912 1290 2966 Videtur
1307 2912 1377 2965 mclii
1399 2912 1546 2964 dicendum
1571 2909 1620 2977 (ait
1642 2908 1846 2977 Bellarminus),
1869 2928 1925 2963 non
1945 2926 2005 2964 esse

309 2996 437 3052 Similem
460 2996 624 3049 sententiam
650 2997 743 3059 refert
774 2993 932 3063 Greporius
958 2996 1004 3052 lib.
1023 3001 1047 3049 4.
1072 2997 1141 3053 dial.
1170 2999 1364 3068 improbabile,
1383 2998 1469 3051 talem
1484 2997 1607 3066 aliquem
1622 2996 1712 3049 locum
1731 2996 1862 3065 reperiri,
1884 3003 2005 3050 ceterum

307 3102 329 3136 e.
350 3085 394 3138 42.
436 3082 537 3150 Sexta,
563 3081 707 3145 infernum
728 3098 787 3135 esse
812 3089 914 3134 statum
932 3084 1044 3135 animae
1062 3091 1143 3136 satra
1170 3085 1309 3154 ejusmodi
1331 3084 1421 3137 locrius
1448 3085 1489 3136 ad
1504 3083 1702 3152 purpatorium
1722 3082 1867 3153 pertinere
1892 3082 2005 3151 (mirum

308 3187 423 3238 corpus,
456 3169 498 3221 ita
527 3170 618 3234 refert
653 3168 876 3240 Tbeopbylaetus
901 3169 930 3220 in
954 3186 977 3225 e.
1000 3173 1043 3222 16.
1075 3172 1141 3223 Lice.
1170 3187 1246 3233 vero,
1276 3169 1348 3241 quod
1375 3168 1502 3221 flammae
1528 3166 1682 3237 purgatorii
1710 3166 1778 3219 illud
1804 3174 1916 3236 pratum
1949 3184 2004 3222 non

311 3254 438 3322 Septima
457 3262 512 3320 est,
540 3254 632 3308 locum
654 3255 805 3322 poenalem
825 3254 983 3307 animarum
1002 3273 1058 3309 non
1084 3273 1142 3307 asse
1169 3261 1285 3310 exurant
1314 3271 1346 3308 ac
1373 3254 1541 3322 deturpent).
1592 3253 1661 3305 Etsi
1684 3251 1756 3305 enim
1786 3253 1826 3305 ibi
1852 3253 1933 3306 nullu
1967 3252 2006 3306 sit

309 3330 422 3408 terram,
441 3343 493 3394 sed
509 3345 601 3392 airam
616 3341 699 3394 istum
713 3340 907 3407 calipinosum,
919 3341 974 3392 ‘ubi
993 3343 1144 3394 daemones
1167 3359 1261 3411 poena
1277 3359 1381 3402 sensns,
1402 3348 1492 3390 tannen
1505 3347 1545 3390 est
1560 3357 1654 3406 paena
1668 3339 1771 3391 damni.
1801 3339 1897 3393 Poena
1911 3346 2005 3392 autem

309 3435 467 3494 versantur,
486 3428 527 3480 ita
543 3426 699 3495 Greporius
712 3428 856 3495 Npssenus
876 3428 907 3479 in
925 3426 971 3479 lib.
992 3429 1028 3480 de
1047 3428 1142 3480 anima
1170 3446 1226 3480 non
1243 3427 1368 3480 eonoem't
1387 3426 1444 3477 nisi
1461 3425 1586 3487 (errimus,
1606 3440 1676 3493 piene
1695 3425 1818 3476 nondum
1837 3423 1920 3492 plene
1933 3441 2005 3494 pur-

310 3521 335 3566 et
352 3531 457 3569 resurr.
479 3511 739 3582 achrpsostomns
753 3512 847 3567 bomil.
867 3513 902 3565 de
912 3528 1021 3580 praem,
1037 3514 1142 3565 beator.
1170 3522 1237 3580 pata
1265 3521 1317 3578 est,
1350 3513 1444 3578 itaque
1467 3511 1518 3562 erit
1540 3510 1617 3590 loeus
1637 3510 1687 3562 illc
1706 3509 1881 3562 mitissimum
1894 3528 2006 3581 purpo-

310 3608 335 3651 et
355 3607 454 3652 auctor
471 3599 585 3667 imperf.
607 3616 682 3666 oper.
700 3599 730 3652 in
746 3598 852 3654 Mattb.
872 3598 941 3651 bom.
962 3601 1006 3651 53.
1026 3597 1142 3650 euiseu·
1171 3599 1273 3653 tarium
1308 3605 1332 3649 et
1369 3596 1453 3664 quasi
1487 3613 1584 3648 career
1624 3594 1741 3663 quietam
1772 3595 1933 3648 senatorius
1970 3613 2006 3650 aa

309 3685 412 3736 tentiae
434 3685 514 3747 favet
536 3684 658 3737 historia
682 3685 806 3737 Farsaci
817 3686 897 3752 apud
907 3685 1018 3736 Bsdam
1042 3683 1090 3739 lib.
1115 3687 1142 3740 3.
1169 3685 1346 3740 honorarius.
1398 3681 1497 3751 (Atqui
1528 3682 1552 3735 si
1576 3681 1664 3735 omnis
1691 3679 1783 3746 loeus,
1816 3680 1845 3734 in
1877 3698 1932 3751 qno
1963 3690 2008 3737 est

309 3770 372 3826 ln‘st,
392 3769 477 3837 Anpl.
497 3786 518 3823 c.
539 3771 578 3822 19.
598 3768 650 3821 illo
671 3770 743 3821 enim
769 3770 902 3833 defuncto
927 3786 988 3822 cnm
1006 3769 1042 3821 ab
1062 3787 1141 3836 anpe—
1171 3787 1261 3841 poena
1278 3769 1381 3834 damni,
1403 3768 1524 3838 pertinet
1536 3767 1572 3821 sd
1587 3766 1787 3836 purgatorium,
1806 3768 1889 3821 etiem
1903 3767 2007 3823 limbus

311 3856 347 3908 lis
366 3857 395 3907 in
412 3855 518 3908 coelum
536 3855 727 3917 deduceretur,
746 3856 850 3908 ostensi
860 3863 925 3909 sunt
940 3856 1056 3908 maximi
1066 3858 1144 3925 ipnes
1170 3863 1288 3927 patrum,
1301 3853 1402 3908 limbus
1416 3853 1554 3908 infantum
1567 3852 1603 3929 sd
1615 3851 1806 3922 purgatorium
1819 3852 2008 3924 pertinebunt,

310 3960 397 4011 snpra
424 3946 532 4008 airam,
555 3941 606 4008 qui
623 3942 819 4004 servabantur,
836 3950 867 3994 ut
888 3942 1007 4011 anpelus
1027 3942 1144 4007 dicebat,
1170 3943 1266 4012 sieque
1281 3942 1336 3995 duo
1353 3947 1462 3995 tantum
1479 3937 1661 3994 remanebunt
1681 3937 1865 4008 receptacula,
1881 3938 2007 3995 infernus

311 4031 351 4081 ad
367 4029 465 4080 nsiindi
478 4027 735 4095 contlaprationem,
748 4035 773 4079 et
785 4027 897 4081 interim
915 4029 1145 4080 examinabantur
1171 4028 1277 4082 scilieet
1296 4032 1325 4080 et
1340 4026 1551 4097 purgatorium.)
1590 4031 1612 4078 7.
1631 4024 1677 4077 De
1697 4032 1818 4093 tempore
1831 4027 2007 4094 purgatorii,

311 4116 352 4167 ibi
369 4132 455 4183 opera
478 4114 626 4167 bominum.
670 4113 777 4166 Octava
796 4121 837 4166 est
855 4114 1007 4167 communis
1028 4113 1143 4167 Schola·
1170 4123 1229 4168 tum
1253 4113 1360 4168 ratione
1383 4113 1475 4180 initii,
1508 4118 1566 4165 tum
1596 4111 1703 4165 ratione
1737 4110 1811 4175 finis.
1852 4109 2006 4169 Salmeron.

309 4207 451 4262 sticarum,
469 4199 666 4268 purpotorium
685 4215 743 4251 esse
767 4199 846 4252 intra
864 4209 956 4252 terrae
974 4199 1083 4252 viscera
1101 4199 1144 4250 in·
1171 4209 1236 4254 tom.
1258 4205 1298 4253 lt.
1325 4198 1398 4268 disp.
1420 4204 1460 4255 25.
1480 4215 1507 4266 p.
1527 4201 1584 4252 220.
1609 4195 1701 4264 refert,
1721 4196 1856 4266 quosdam
1875 4213 2008 4266 asserere,

309 4289 393 4351 ferna
412 4287 469 4354 ipsi
487 4286 618 4338 vicinum.
657 4285 693 4337 In
717 4283 843 4351 lependis
866 4293 893 4337 ct
918 4284 1039 4353 speculis
1059 4302 1144 4337 enem-
1171 4287 1247 4353 quod
1270 4293 1334 4337 ante
1359 4282 1465 4337 Christi
1493 4291 1608 4336 mortem
1630 4283 1742 4352 quidem
1759 4283 1849 4348 fuerit
1869 4291 2008 4351 purgato·

307 4374 422 4440 plorum
448 4378 631 4437 memoratu-r,
661 4370 739 4437 qnod
760 4369 838 4422 alias
864 4369 976 4423 animae
1001 4371 1144 4440 relepatae
1170 4371 1258 4429 rium,
1288 4371 1355 4438 (petia
1384 4371 1506 4422 nondum
1524 4370 1622 4432 fuerat
1648 4376 1840 4421 consummata
1860 4368 2007 4440 iniquitas,

309 4458 418 4522 suerint
438 4456 596 4525 interpres,
617 4454 692 4508 aliae
712 4456 742 4507 in
760 4463 872 4523 montes,
890 4457 967 4510 aliae
986 4456 1016 4508 in
1034 4457 1143 4510 conval·
1171 4475 1220 4510 nec
1244 4459 1326 4520 finem
1352 4461 1499 4524 acceperat
1513 4463 1675 4523 peceatum,
1697 4472 1793 4508 oerum
1815 4461 1880 4523 post
1899 4454 2010 4510 Obsisti

312 4542 365 4603 les,
400 4542 474 4594 aliae
505 4543 534 4594 in
555 4550 668 4612 puteos,
699 4543 775 4596 aliae
801 4543 850 4595 snb
868 4544 981 4595 umbras
1004 4545 1145 4610 arborum,
1169 4541 1330 4611 passionem
1362 4557 1396 4592 ac
1429 4546 1545 4593 mortem
1574 4540 1715 4593 sublatum
1746 4556 1804 4592 csse
1835 4542 1870 4592 de
1901 4541 2008 4606 medio,

312 4627 388 4679 aliae
400 4629 427 4679 in
442 4634 544 4690 ereren,
562 4629 639 4682 aliae
653 4629 703 4680 sub
716 4627 876 4695 stillicidia,
889 4629 965 4682 aliae
977 4629 1006 4681 in
1018 4629 1145 4698 placian,
1171 4628 1272 4700 quibus
1289 4626 1404 4698 opponit
1422 4626 1513 4680 locum
1544 4631 1566 4681 l.
1589 4625 1651 4681 Cor.
1671 4631 1695 4682 3,
1726 4632 1754 4680 et
1786 4625 1917 4681 ecelesiae
1942 4643 2007 4681 oon·

312 4713 389 4765 oliae
420 4713 448 4763 in
478 4715 612 4781 staineina,
644 4715 721 4767 aliae
749 4715 779 4767 in
808 4723 921 4768 antrum
945 4714 1069 4769 Patricii
1092 4721 1144 4769 ete.
1172 4714 1328 4769 tensionem.
1376 4711 1537 4766 Dominieus
1572 4729 1589 4767 a
1619 4713 1686 4767 Sota
1710 4718 1734 4767 4.
1767 4717 1838 4766 sent.
1867 4712 1930 4770 dist.
1965 4719 2007 4770 19.

313 4798 458 4852 Rationem
491 4799 614 4854 divorsae
645 4799 720 4853 illius
749 4800 1007 4872 circumgyrationis
1034 4801 1147 4871 exponit
1173 4818 1198 4872 q.
1211 4805 1235 4858 3.
1254 4808 1305 4855 nrt.
1319 4797 1493 4869 trdispntet,
1514 4807 1620 4869 tempus
1636 4798 1816 4867 perpatiaris
1830 4815 1884 4852 non
1897 4800 2008 4853 durare

313 4885 509 4940 Bonnventura
543 4893 566 4940 t.
606 4892 676 4940 sent.
713 4886 777 4942 dist.
805 4896 830 4942 t.
864 4883 892 4960 ᾗ.
924 4891 971 4941 34:
1014 4888 1147 4940 Diversis
1173 4888 1251 4939 ultra
1271 4888 1364 4939 decem
1383 4900 1480 4938 annos.
1520 4884 1665 4941 Rationem
1687 4882 1766 4938 addit
1782 4883 1868 4948 hane,
1895 4884 1964 4952 quia
1981 4885 2011 4939 si

314 4974 426 5026 diuersa.
446 4972 510 5024 loca
529 4981 592 5025 sant
608 4990 746 5035 conceda,
765 4974 809 5026 uel
822 4979 943 5042 propter
961 4988 1057 5025 eorum
1076 4971 1146 5023 eele—
1172 4973 1217 5026 bic
1235 4975 1265 5026 in
1282 4972 1365 5025 terris
1382 4970 1524 5040 aliquidem
1539 4971 1640 5040 poenis
1656 4971 1734 5024 brevi
1752 4978 1873 5038 tempore
1886 4971 2011 5026 liberari

313 5061 413 5112 riorem
434 5058 638 5123 liberationem,
659 5068 687 5111 ut
705 5059 773 5113 aliis
790 5061 899 5129 possint
916 5075 996 5111 snam
1018 5058 1146 5125 indipen-
1167 5076 1316 5128 passumus
1334 5057 1368 5111 ab
1389 5057 1466 5108 omni
1478 5074 1582 5126 poena,
1599 5073 1686 5125 qnare
1704 5074 1758 5109 non
1774 5056 1861 5119 multo
1877 5057 1959 5109 citius
1976 5058 2009 5112 in

313 5147 381 5199 tiam
400 5145 541 5206 revelare,
559 5145 630 5196 sient
649 5147 727 5198 docet
746 5145 899 5213 csemplum
921 5146 957 5196 de
974 5144 1147 5210 Paschasio;
1169 5144 1354 5214 perpeteris,
1373 5159 1435 5195 cum
1454 5143 1524 5196 illae
1538 5160 1647 5211 poenae
1664 5143 1721 5195 sint
1736 5157 1846 5210 poenae
1866 5141 1896 5210 in
1914 5142 2009 5207 infini-

314 5235 357 5287 rel
384 5240 504 5302 propter
532 5239 655 5283 nostram
684 5232 905 5298 instructionem,
929 5238 960 5284 nt
988 5230 1147 5300 aliquando
1173 5241 1230 5286 tum
1243 5230 1698 5301 pravioresetintensioresistis!
1722 5230 1877 5281 Praeterea
1888 5228 2008 5285 biosunt

315 5318 511 5386 recoquamus,
528 5336 659 5386 mespnam
682 5326 746 5386 post
769 5318 841 5371 banc
865 5317 951 5371 uitam
965 5334 1088 5388 poenam
1105 5319 1147 5370 in·
1170 5319 1302 5386 prolixae
1309 5331 1430 5385 poenae,
1444 5315 1512 5384 quia
1524 5332 1579 5366 nan
1589 5321 1707 5384 possunt
1720 5330 1779 5367 esse
1791 5313 1907 5367 multum
1919 5314 2008 5370 inton-

310 5406 377 5474 flipi
402 5403 614 5473 peecatoribns;
650 5403 694 5455 ecl
721 5413 843 5473 propter
871 5405 1019 5474 eujusdam
1057 5404 1150 5457 sancti
1158 5391 1229 5473 ¹sac,
1242 5420 1307 5456 nam
1326 5400 1481 5468 subiectum
1494 5402 1677 5456 destruerent.
1706 5402 1746 5454 At
1752 5409 1819 5470 post
1831 5401 1903 5454 bane
1917 5401 2007 5457 vitam

315 5490 552 5561 impetrationem,
571 5489 642 5544 sient
660 5489 791 5559 lepimus,
810 5491 887 5560 quod
902 5489 1046 5545 Patricius
1064 5464 1289 5561 inps-ipsane
1320 5504 1378 5540 esse
1398 5487 1617 5553 imensissimae‚
1646 5487 1712 5559 quia
1732 5488 1884 5558 subjectum
1902 5495 1943 5542 est
1963 5484 2008 5546 in-
