4104 6014
830 321 881 377 DE
906 320 1045 379 MORTE.
1728 337 1765 390 ῃ

66 481 182 550 afflant.
220 479 262 532 Et
282 479 334 532 boc
352 477 484 532 dicerunt
501 478 623 530 Judaes's
640 477 861 531 subrnonentibra
878 483 904 529 ct
937 486 1152 549 conqueruntur,
1168 490 1362 549 persecutores
1380 489 1534 550 martyrum
1549 498 1671 550 corpora
1687 481 1768 535 inbu-

65 566 241 634 tis-pentibus,
260 565 311 633 qui
328 565 413 618 dmm
432 580 484 616 nos
504 564 706 632 observabant,
732 580 766 617 ne
793 581 825 617 ee
844 564 907 630 ipae
936 574 1012 618 mata
1037 566 1194 634 projecisse
1227 569 1337 621 additis
1370 568 1486 622 canibus
1520 569 1696 635 custodibus,
1733 583 1768 620 ne

64 652 150 705 silam
179 651 368 719 eriperemus,
397 651 576 717 ipnorantes,
606 667 658 704 nos
687 666 737 704 nec
768 649 908 702 Christum
936 653 1081 720 quemquam
1106 653 1221 706 illorum
1251 673 1271 707 a
1294 653 1464 708 Christianis
1492 654 1672 726 sepeliretur,
1702 653 1767 706 reli·

65 755 192 806 unquam
200 736 366 804 relinquere,
379 735 430 803 qui
436 752 494 804 pro
503 736 588 788 totius
597 737 799 789 amandorum
812 733 911 787 tuendi
936 739 1018 806 quiae
1037 756 1102 792 cero
1128 739 1286 793 cumbustas
1314 748 1340 793 et
1368 741 1397 793 in
1422 741 1557 805 fauillam
1576 741 1710 794 redactas
1737 739 1767 793 in

57 823 160 876 ‘cetea
168 840 277 892 passus
293 829 342 890 est,
365 821 517 874 resalium
528 822 687 890 quempiam
707 821 798 873 colere
816 836 907 890 passe.
936 825 1105 878 Rbortcnum
1122 828 1297 895 dispersisse.
1344 828 1383 882 At
1405 845 1471 881 num
1495 844 1527 882 eo
1545 826 1656 881 nomine
1673 825 1767 880 dolue-

63 907 175 974 ’Insania
194 908 250 980 priv
277 907 332 980 γὰρ
352 907 415 961 υἱὸν
431 904 498 962 ὄντα
518 911 569 960 τοῦ
598 909 665 960 θεοῦ
685 908 908 979 προσκυνοῦμεν,
934 919 1013 975 runt,
1049 911 1123 982 quod
1159 912 1291 983 reliquias
1321 913 1384 967 illas
1414 914 1450 968 ad
1478 913 1584 968 cultum
1615 927 1768 982 proponere

67 994 134 1053 sois
159 995 190 1047 di
215 989 358 1066 μάρτυρας
383 993 512 1065 μαθητὰς
535 994 585 1047 τοῦ
605 1000 703 1062 κυρίου
722 994 770 1045 ret
787 991 909 1065 μιμητάς
934 997 1165 1066 prohiberentur?
1191 998 1303 1054 minime
1322 1015 1396 1067 vere,
1416 999 1466 1054 sed
1483 999 1605 1054 addunt:
1624 1000 1685 1053 Nos
1701 1013 1767 1051 asro

66 1079 225 1152 iraadpev
242 1079 325 1141 ἀξίως
345 1079 424 1133 ἕνεκα
441 1078 552 1139 εὐνοίας
578 1076 784 1152 ἀνυοερρλήιου
802 1082 840 1137 εἰς
860 1076 908 1130 τὸν
934 1083 964 1135 in
994 1101 1095 1153 mappa
1124 1101 1252 1138 maerore
1284 1101 1394 1138 eramus
1422 1086 1577 1151 constituti,
1609 1086 1686 1155 quod
1712 1101 1767 1138 pon

67 1168 144 1223 ἴδιον
161 1170 277 1232 βασιλέα
303 1169 349 1220 καὶ
368 1162 552 1230 διδάσκαλον,
584 1183 648 1218 nam
668 1166 768 1218 «letum
795 1165 908 1233 quitiam
934 1170 1030 1223 liceret
1045 1169 1124 1223 nobie
1154 1186 1277 1238 corpora
1293 1179 1453 1225 sanctornm
1469 1179 1624 1239 marlysttm
1643 1171 1765 1240 sepultu-

66 1261 205 1322 tequam
224 1253 314 1316 ilum
334 1255 395 1307 Dei
410 1256 583 1321 οάονοοιον,
609 1260 745 1320 martyres
761 1268 827 1304 vero
845 1259 907 1304 tan·
932 1273 984 1309 rae
1001 1258 1125 1311 tradere.
1152 1254 1198 1310 lib.
1219 1262 1242 1310 7.
1270 1273 1331 1327 cap.
1352 1263 1391 1313 16.
1423 1262 1598 1320 memoratur,
1617 1255 1766 1324 Assyriam

66 1358 153 1408 quam
170 1339 329 1408 discipulos
343 1347 369 1392 et
385 1339 540 1391 irritatores
554 1338 675 1391 Domini
689 1338 774 1405 dipne
788 1345 907 1407 propter
932 1343 1066 1408 martyris
1086 1342 1237 1410 crsjusdam
1251 1360 1354 1412 cerpus
1366 1345 1480 1398 bucnero
1491 1362 1543 1398 suo
1560 1344 1765 1413 splendidoque

65 1425 290 1494 ipseperabrlcm
322 1425 352 1477 in
377 1441 470 1492 repem
489 1425 616 1492 ipsorum
644 1441 678 1477 ac
692 1431 905 1492 praeceptorem
932 1436 958 1481 ct
972 1427 1099 1497 pretioso
1119 1429 1281 1481 indruncnto
1300 1431 1460 1498 impositum
1477 1430 1610 1483 detrelisse
1627 1437 1653 1483 et
1671 1429 1763 1498 splen·

65 1512 288 1566 benevolentiam
315 1511 474 1578 dilipimus,
501 1528 619 1579 morum
643 1519 669 1564 et
688 1528 739 1564 nos
758 1517 905 1591 ,cormortes
931 1516 1097 1568 didissimae
1115 1517 1292 1585 repulimus,
1316 1525 1448 1584 quantiam
1465 1517 1653 1581 conueniebat,
1674 1516 1764 1569 tradi·

66 1606 95 1651 d
124 1598 283 1666 discipulos
307 1599 376 1667 fleri
409 1604 547 1666 optemus·
596 1595 665 1649 Cum
691 1613 756 1663 ereo
781 1595 905 1649 centurio
931 1603 1014 1656 disee.
1041 1618 1101 1673 cap.
1121 1607 1162 1656 22.
1191 1603 1221 1656 in
1244 1603 1428 1673 descriptione
1452 1603 1625 1673 pestilentiae
1644 1601 1763 1657 Alexan·

66 1685 272 1738 οοοίνοίίοονον
284 1683 462 1737 «ludaeorum
476 1690 611 1750 teneret,
618 1683 744 1751 positum
760 1700 863 1750 corpus
875 1681 905 1733 in
931 1688 1027 1742 danae
1046 1688 1080 1742 de
1098 1687 1262 1744 Christianis
1280 1696 1490 1754 commemorat,
1509 1692 1587 1759 estod
1602 1696 1763 1743 sanctorum

66 1771 170 1839 meaa,
198 1771 269 1823 aaa
295 1788 356 1823 mor
374 1771 445 1839 ipse
463 1778 512 1832 ser,
532 1770 738 1823 comburerent
764 1777 846 1837 atque
864 1767 905 1821 its
931 1783 1103 1828 mortuorum
1120 1792 1242 1843 corpora
1256 1777 1395 1847 compteri
1411 1777 1476 1830 sinu
1501 1775 1670 1846 receperint,
1690 1775 1764 1828 teve-
1778 1782 1841 1824 xva.
1856 1781 1899 1825 ur.

65 1875 120 1910 nos
132 1859 245 1910 tandem
259 1874 323 1910 ossa
334 1857 416 1910 illias
424 1858 559 1928 pretiosis
573 1857 719 1924 lapidibus
732 1855 906 1924 pretiosiora
930 1862 987 1913 ηἠι
1005 1868 1031 1913 ee
1057 1862 1099 1913 ad
1122 1861 1296 1928 sepulteram
1321 1863 1459 1917 amarint
1512 1861 1592 1917 conf,
1622 1857 1650 1933 ξ
1677 1866 1718 1915 79,
1736 1865 1765 1913 et

67 1953 97 1998 at
120 1962 194 1997 auro
216 1944 384 2012 probatiora
401 1944 480 1997 nacti
504 1944 695 2008 condidimus,
725 1941 773 1994 ubi
791 1942 824 1993 id
836 1940 906 2008 fleri
931 1952 972 2002 80.
992 1945 1118 2016 praeced.
1143 1946 1294 2016 inquibus
1317 1947 1398 2017 plura
1424 1953 1547 2002 veterum
1567 1946 1642 1999 dicta
1661 1946 1696 1999 de
1714 1945 1761 2000 he

65 2030 197 2097 metat,
225 2031 274 2082 ubi
291 2031 373 2082 diam
392 2031 489 2097 proed
510 2030 575 2092 tisri
594 2037 700 2098 potest,
727 2026 905 2097 conprepetis
930 2048 997 2087 nore
1021 2032 1179 2101 sepulturae
1211 2031 1315 2086 sanetis
1337 2031 1490 2086 demortuis
1515 2031 1672 2086 exhibendo
1694 2036 1760 2085 sunt

65 2133 129 2168 οονο
154 2115 336 2169 eumenem
358 2123 384 2167 et
402 2116 509 2185 pandis
530 2117 669 2169 Dominus
688 2115 812 2168 natalem
829 2130 903 2165 mar·
930 2116 1060 2173 adducta.
1096 2117 1232 2171 Tatisnus
1249 2116 1278 2170 in
1297 2122 1429 2187 protrept.
1450 2117 1486 2171 ad
1509 2123 1619 2187 gentes:
1643 2116 1693 2171 τὸν
1709 2118 1765 2187 μὲν

65 2203 139 2269 tyris
158 2203 206 2255 sui
223 2203 297 2255 dicrn
318 2204 359 2255 ad
377 2204 539 2257 memoriam
557 2220 659 2268 eorum,
677 2203 727 2270 qui
743 2208 827 2254 antea
846 2215 903 2252 cer-
931 2200 1085 2275 ἄνθρωοον
1103 2201 1287 2275 ἀνθρωπίνως
1310 2207 1447 2275 νιμνοέον,
1467 2201 1606 2274 φοβητέον
1626 2203 1657 2256 dl
1674 2201 1765 2275 μόνον

64 2297 162 2343 terunt
181 2297 207 2341 et
230 2291 393 2355 futurorum
413 2289 636 2341 esmatmionsm
655 2305 690 2342 ae
709 2286 904 2355 praeparatio·
931 2289 980 2343 τὸν
998 2290 1074 2347 θεόν.
1113 2289 1305 2346 Nazianzenus
1321 2290 1351 2344 in
1370 2290 1496 2344 distichis
1521 2288 1626 2343 serias
1644 2294 1763 2357 λείψανα

65 2394 132 2430 nem
159 2375 301 2429 celebrare
332 2376 478 2442 lorpietur.
520 2374 642 2445 (Excipit
665 2374 849 2430 Bellarminus
876 2372 901 2425 d.
932 2381 1022 2446 σέβειν
1040 2375 1188 2446 improbat.
1222 2375 1343 2447 Cyrillus
1360 2376 1408 2434 lib.
1434 2382 1473 2432 10.
1490 2384 1586 2433 centra
1604 2376 1762 2432 lulianum:

65 2465 85 2519 l.
103 2479 166 2533 cap.
186 2467 209 2517 2.
229 2463 369 2531 reliquias
383 2463 540 2531 Polycarpi
558 2464 599 2515 ad
612 2463 717 2515 arbum
735 2479 754 2513 a
768 2460 903 2514 cbristia-
932 2466 1139 2529 Defunctorum
1164 2463 1302 2532 reliquias
1323 2463 1428 2518 uiderit
1454 2463 1594 2533 cuippiam
1616 2463 1696 2531 apud
1712 2478 1764 2515 nos

65 2551 113 2604 nis
131 2549 266 2603 collectas
283 2550 383 2616 fuisse
403 2549 478 2617 quod
501 2555 596 2619 patere
609 2548 677 2603 dicit
689 2555 748 2601 tum
762 2564 796 2600 ec
813 2547 904 2599 verbis
931 2568 987 2603 non
1005 2552 1098 2602 nudas
1116 2557 1143 2601 et
1160 2548 1332 2617 neplipenter
1357 2551 1387 2603 in
1407 2557 1513 2603 terram
1527 2550 1689 2618 projectas,
1713 2549 1765 2602 sed

66 2636 179 2704 citans,
199 2643 258 2690 tum
276 2651 309 2688 cu
327 2636 499 2688 conteretione
515 2635 756 2688 αοίοονναννονονο.
793 2634 905 2686 Judoei
930 2637 996 2688 bene
1015 2635 1193 2703 compositas,
1212 2634 1367 2687 occultatae
1386 2635 1458 2688 enim
1475 2636 1682 2703 quodammodo
1700 2643 1764 2687 sunt

67 2723 143 2776 enim
161 2729 245 2789 atque
270 2720 374 2774 etbnici
399 2721 580 2786 resistebant,
609 2737 644 2774 ne
660 2720 800 2790 reliquiae
819 2734 903 2786 rape·
930 2724 960 2775 in
980 2722 1044 2774 ννόο
1068 2721 1168 2774 matris
1186 2722 1216 2774 in
1240 2720 1398 2789 profundis
1432 2728 1535 2777 tmrae.
1583 2720 1656 2777 ibid.
1675 2720 1763 2787 addit,

67 2817 167 2864 rentur
180 2815 332 2877 praetextu
345 2807 470 2876 pietatis,
489 2808 685 2861 existimabant
697 2809 768 2860 enim
781 2823 903 2875 carpam
929 2808 1101 2862 etbnicornm
1127 2807 1352 2876 superstitionem
1376 2805 1473 2872 suase
1506 2823 1561 2876 per
1590 2813 1762 2860 mortumum

67 2915 86 2950 a
112 2895 284 2951 Christianis
307 2895 438 2948 adorari.
481 2893 707 2964 Respondemus:
738 2900 759 2950 1.
784 2890 903 2946 mirabili
928 2894 1065 2962 reliquias
1088 2893 1203 2961 jurare.
1249 2892 1283 2946 In
1318 2891 1376 2946 vita
1399 2891 1517 2945 Antonii
1550 2893 1694 2946 Eremitae
1721 2891 1761 2946 sic

66 2981 241 3052 impudentia
267 2980 454 3035 Bellarminus
478 2981 592 3047 asserit,
624 2980 755 3051 reliquias
779 2979 842 3033 illas
865 2980 900 3033 ad
927 2979 1056 3034 habetur:
1082 2980 1150 3033 Mas
1169 2986 1231 3033 erat
1247 2979 1395 3048 Aeppptiis
1414 2978 1548 3031 nobilium
1564 2987 1590 3032 et
1603 2979 1759 3047 praecipue

66 3070 172 3124 cultum
192 3067 278 3122 fuisse
293 3084 311 3121 a
330 3065 493 3121 Christianis
511 3067 651 3131 collectas,
670 3083 733 3121 cum
751 3065 900 3136 Smyrnen-
929 3070 1071 3122 beatorum
1078 3075 1233 3135 martyrum
1245 3083 1367 3137 corporo
1379 3064 1540 3119 linteamine
1549 3065 1761 3134 quidsmobcol·

65 3173 112 3211 ses
131 3154 241 3209 disertis
271 3151 363 3207 verbis
392 3159 593 3223 protestentur,
621 3170 651 3206 sc
682 3170 731 3206 nce
760 3153 901 3220 Cbrs'stum
927 3171 990 3208 vere
1009 3160 1035 3206 ct
1059 3153 1182 3206 startiam
1198 3154 1299 3216 funeri
1321 3154 1435 3208 eoldum
1451 3169 1508 3205 non
1534 3168 1654 3219 nepare,
1682 3159 1761 3204 terra

65 3258 191 3311 unquam
216 3239 391 3308 relinquere,
422 3255 473 3292 nec
504 3239 593 3292 alium
623 3241 781 3310 qnempiam
810 3238 901 3293 colere
927 3256 992 3294 vero
1010 3256 1066 3292 non
1085 3240 1269 3307 abscondere,
1295 3240 1348 3292 scd
1369 3254 1455 3307 super
1481 3237 1597 3292 lectulos
1617 3237 1695 3291 domi
1707 3254 1760 3305 po·
1827 3293 1829 3297 ,

61 3344 158 3399 posce.
196 3330 221 3380 2.
238 3325 341 3381 ludaei
359 3325 517 3396 quidemac
529 3325 648 3396 gentiles
665 3343 715 3396 per
735 3324 900 3380 calumniam
927 3326 984 3377 sita
1007 3341 1168 3392 reseruare;
1193 3325 1264 3377 bunc
1290 3325 1422 3379 bonmem
1449 3323 1650 3392 quiescentibus
1675 3323 1762 3376 reddi

64 3412 238 3469 accusabant
268 3410 452 3480 Christianos,
488 3412 562 3482 quod
594 3428 709 3482 corpora
743 3418 900 3465 sanctorum
928 3411 1097 3464 inueteratae
1121 3410 1330 3464 consuetudinis
1354 3411 1466 3463 vanitas
1492 3408 1630 3477 tradidit,
1654 3410 1690 3462 de
1709 3409 1761 3462 boc

65 3500 218 3554 adorarent
246 3504 275 3552 ct
291 3497 429 3562 colerent,
453 3497 502 3551 sed
523 3497 552 3551 id
579 3496 668 3567 ipsum
687 3497 835 3552 Christiani
857 3512 900 3550 ex·
927 3498 1069 3551 Antonius
1100 3513 1183 3567 saepe
1217 3506 1243 3551 et
1274 3496 1419 3565 episcopos
1447 3497 1613 3564 deprecatus
1646 3504 1701 3562 eet,
1730 3503 1760 3548 ut

64 3601 163 3657 presse
191 3591 303 3655 negent
351 3591 376 3640 3.
401 3582 471 3638 Ossa
494 3582 645 3652 Polycarpi
671 3598 726 3636 non
755 3583 784 3636 in
809 3583 900 3637 locum
923 3584 1047 3654 populas
1071 3583 1262 3637 ecclesiastica
1285 3583 1483 3636 contestatione
1509 3576 1698 3649 corriperent,
1725 3599 1759 3634 ac

67 3671 259 3727 sublimiorem
280 3670 316 3724 ad
342 3669 448 3725 cultum
473 3677 500 3724 et
516 3669 673 3738 religiosam
696 3669 900 3724 venerationem
928 3672 1017 3724 laicos
1047 3670 1123 3724 ciros
1153 3679 1180 3723 et
1215 3670 1346 3723 mulieres
1381 3669 1506 3738 ripidius
1542 3668 1603 3737 epse
1633 3668 1758 3722 convenit

65 3763 287 3831 proposuerunt,
311 3756 360 3812 sed
377 3764 468 3812 terrae
486 3757 652 3825 intulerunt,
672 3762 700 3810 et
718 3756 900 3826 Smyrnenses
927 3758 1038 3825 dicens,
1056 3773 1106 3809 nec
1125 3757 1279 3824 lepitimnm
1296 3756 1347 3810 boc
1369 3772 1435 3823 esse,
1460 3772 1510 3808 nec
1528 3757 1593 3809 Dec
1613 3754 1760 3825 placitum,
1836 3806 1840 3814 ,

67 3861 200 3916 expresse
218 3843 341 3913 addunt,
359 3844 544 3898 humationem
561 3844 643 3897 illam
663 3844 767 3897 ossium
783 3845 901 3910 factam,
928 3845 1101 3914 quippecum
1108 3843 1341 3912 patriarcharum
1353 3850 1378 3897 et
1393 3842 1597 3912 prophetarum
1618 3842 1759 3910 sepulcra,

66 3933 141 3987 sicrst
159 3930 338 3985 conveniebat
352 3931 438 3984 etnbi
454 3931 487 3983 id
495 3930 566 3997 fieri
583 3930 704 3984 decebat.
733 3928 901 3996 4.Quamvis
928 3945 998 3999 prae
1021 3931 1062 3982 ad
1080 3946 1131 3983 nos
1157 3945 1242 3998 aspere
1262 3930 1436 3997 perdurant,
1455 3929 1523 3983 baec
1547 3929 1630 3992 facto
1648 3927 1760 3982 conma-

66 4034 133 4073 rero
167 4016 196 4070 in
226 4015 287 4070 loeo
304 4015 369 4081 illo,
400 4016 429 4069 in
461 4033 517 4086 quo
545 4015 696 4086 Polycarpi
725 4022 754 4070 et
785 4015 900 4069 aliorum
927 4024 1026 4070 carent.
1064 4016 1329 4086 meinieipuoque
1342 4016 1472 4085 corporis
1485 4015 1638 4085 cuempiam
1656 4014 1761 4067 intueri

67 4109 222 4173 martyrum
240 4101 375 4172 reliquiae
393 4099 524 4156 humatae
543 4108 630 4167 erant,
651 4109 802 4157 conventus
815 4101 901 4156 eccle
921 4104 1048 4172 jubebat,
1066 4105 1143 4172 quod
1157 4103 1187 4155 in
1216 4103 1347 4174 sepulcro
1365 4103 1488 4172 positum
1506 4103 1603 4171 lapide
1615 4117 1701 4169 usque
1719 4101 1761 4153 ad

68 4187 209 4256 nubens,
238 4187 387 4258 praecipue
414 4187 459 4242 die
493 4188 628 4258 passionis
654 4188 790 4258 ipsorum,
819 4205 899 4259 quem
927 4190 1143 4244 reem-rectionis
1161 4190 1235 4244 diem
1262 4189 1374 4243 tertium
1399 4189 1525 4243 classenm
1547 4188 1653 4255 feeerit,
1676 4195 1759 4254 atque

69 4276 212 4338 natalem,
238 4273 275 4327 ad
300 4274 386 4328 vitam
418 4274 508 4330 sciliet
531 4281 689 4339 aeternam,
713 4275 900 4345 appellabant,
927 4277 971 4329 ln's
997 4277 1081 4329 etiam
1107 4276 1199 4329 modis
1228 4275 1326 4328 citium
1351 4275 1429 4328 circa
1456 4276 1605 4336 slefimdos
1628 4272 1759 4340 Aepppti

68 4378 102 4415 ee
130 4367 255 4429 tempore
274 4358 424 4414 Christiani
453 4360 598 4415 instituere
616 4361 772 4431 coeperint,
798 4377 900 4430 nequa·
928 4363 1152 4415 enumeranda
1179 4368 1269 4415 essent
1292 4378 1427 4429 corpora,
1455 4359 1623 4427 cocrpuebat
1645 4358 1758 4411 dicens:

69 4463 154 4517 qnam
171 4451 265 4500 tamen
287 4445 316 4498 in
341 4445 374 4499 iis
397 4446 441 4500 vel
467 4438 611 4501 defunctbs
638 4453 774 4517 martyres
791 4446 901 4500 iuvoca-
929 4448 1005 4510 Qrsid
1020 4449 1114 4516 majus
1130 4454 1179 4499 ont
1196 4446 1322 4500 sanctius
1342 4463 1400 4500 esse
1414 4454 1507 4514 potest
1525 4460 1642 4514 corpore
1660 4443 1760 4498 Domi·

68 4540 141 4596 runt,
161 4532 205 4586 rel
223 4530 349 4601 reliquiis
370 4531 492 4602 ipsorum
511 4533 669 4604 religiosum
690 4533 765 4587 illum
786 4532 899 4601 cultum,
926 4536 997 4600 nico,
1016 4535 1093 4602 quod
1104 4535 1191 4602 jacta
1212 4534 1438 4587 conmmtudinem
1463 4532 1586 4600 pestium
1602 4538 1758 4585 ceterarum

68 4620 149 4690 cujus
172 4618 266 4688 capita
289 4616 415 4687 superius
440 4626 600 4674 enumerata
619 4621 744 4686 fuerunt,
771 4618 899 4674 exhibue-
927 4621 1009 4673 burno
1027 4620 1169 4673 conditum
1187 4637 1245 4674 esse
1263 4619 1387 4673 ammas!
1417 4619 1497 4671 Haec
1508 4619 1591 4685 justa
1606 4618 1759 4686 persuasio

68 4711 146 4770 runt,
174 4704 244 4758 illud
270 4705 343 4759 enim
369 4702 551 4774 Smymenses
579 4706 680 4761 diserte
703 4711 822 4778 negant,
849 4706 900 4759 sed
927 4706 1077 4759 multorum
1105 4705 1219 4758 insitum
1246 4704 1346 4758 mulsit
1373 4722 1497 4758 errorem
1521 4711 1548 4757 et
1571 4704 1703 4773 repositis
1729 4704 1760 4756 in

70 4799 101 4847 ut
118 4791 252 4847 memoria
279 4797 434 4860 martyrum
465 4807 514 4859 per
534 4799 642 4862 gratam
669 4793 900 4865 praedicationem
927 4800 1005 4845 terra
1025 4790 1210 4845 cadaveribus
1228 4791 1353 4845 Domino
1377 4791 1490 4858 pretias
1502 4807 1560 4858 pro
1580 4791 1649 4843 bono
1671 4791 1759 4858 mapi-

69 4876 98 4932 in
123 4877 242 4949 publicis
267 4877 322 4931 illis
341 4874 534 4948 commeatibus
552 4879 714 4947 praedicata
745 4886 774 4935 et
793 4880 900 4935 emonis
927 4879 1013 4933 sterio
1029 4876 1196 4933 retulerunt.
1231 4876 1295 4947 Ipse
1313 4876 1452 4930 Antonius
1472 4875 1620 4931 moriturus
1638 4876 1759 4946 discipu·

68 4981 102 5019 ac
119 4963 233 5034 palmis,
260 4963 361 5035 quibus
381 4961 476 5017 aDeo
496 4979 602 5018 summo
619 4964 789 5036 agonotheta
808 4967 901 5021 donati
926 4964 961 5019 lis
996 4962 1053 5017 suis
1089 4963 1223 5034 ejusmodi
1260 4964 1421 5018 mandatum
1457 4963 1549 5018 dedit:
1583 4964 1689 5018 Nullus
1718 4965 1759 5016 ad

67 5056 161 5113 mant,
191 5049 381 5120 exaggeratis,
412 5049 575 5119 superstites
605 5051 641 5104 ad
669 5052 821 5106 ceramina
849 5070 900 5124 pro
928 5052 1084 5119 Aeppptum
1099 5050 1236 5118 proferat
1254 5066 1331 5103 meas
1347 5050 1494 5120 rcls'quias,
1512 5067 1546 5104 ne
1565 5068 1638 5103 carro
1656 5066 1759 5118 corpas

68 5134 123 5190 fide
137 5134 283 5190 subeunda
308 5152 342 5189 ac
366 5134 501 5206 martyria
525 5149 577 5204 pro
602 5134 711 5191 Christo
737 5114 1030 5207 perferendaibonore
1048 5143 1181 5200 seruetur,
1200 5153 1234 5190 ne
1250 5136 1401 5205 vituperati
1417 5137 1490 5190 ritus
1509 5155 1528 5189 a
1545 5151 1596 5199 me,
1614 5143 1645 5188 ut
1661 5136 1758 5203 nostis,

67 5229 300 5292 praepararentur
319 5229 347 5276 et
369 5220 567 5284 excitarentur,
592 5236 644 5276 nec
659 5229 735 5277 metu
753 5222 901 5294 supplicio-
927 5224 1012 5276 etiam
1029 5222 1106 5275 circa
1123 5230 1326 5276 mererentur
1350 5223 1496 5291 obsequia,
1521 5222 1606 5289 bajus
1625 5221 1697 5273 enim
1715 5221 1760 5274 rei

68 5327 129 5363 rum
148 5325 166 5362 a
184 5307 240 5364 fide
259 5308 423 5372 deficerent,
449 5309 522 5363 sicut
549 5307 665 5362 totidem
683 5307 742 5365 fere
759 5308 852 5364 verbis
871 5309 899 5365 in
926 5310 1020 5379 pratia
1038 5309 1158 5362 manime
1174 5308 1227 5362 buc
1245 5326 1307 5363 sum
1321 5326 1481 5378 repressus,
1500 5316 1530 5362 ut
1546 5325 1625 5361 nemo
1639 5314 1759 5376 praeter

70 5394 204 5450 ecelesiae
232 5394 407 5464 Smyrnensis
432 5395 551 5464 epistola
574 5393 619 5448 hic
644 5392 707 5447 finis
736 5395 900 5466 exponitur.)
926 5414 975 5450 eos
995 5396 1086 5449 lomim
1104 5395 1205 5449 tumuli
1226 5396 1282 5448 mei
1303 5397 1411 5450 noverit
1428 5402 1481 5450 etc.
1521 5394 1669 5464 Discipuli
1690 5411 1758 5464 erpo

67 5481 206 5551 Martyres
227 5481 346 5536 Galliae
364 5481 393 5534 in
417 5481 533 5550 epistola
551 5481 588 5534 ad
607 5479 706 5536 frere
726 5482 756 5536 in
781 5482 850 5538 Asia
873 5490 902 5538 et
926 5483 1086 5546 inrotatum,
1103 5490 1134 5535 nt
1147 5490 1343 5554 praeceperat,
1364 5481 1560 5552 corpusbumo
1580 5488 1759 5551 operuerunt,

67 5567 194 5639 Phrygia
214 5566 291 5637 apud
308 5565 425 5620 eundem
439 5565 591 5623 Eusebium
608 5565 655 5622 lib.
672 5572 698 5624 5.
716 5566 780 5627 hist.
799 5585 861 5640 cap.
878 5574 900 5625 1.
926 5576 953 5624 st
972 5585 1052 5624 nemo
1069 5569 1181 5625 interim
1207 5586 1292 5641 usque
1312 5571 1354 5624 ad
1377 5569 1450 5625 bano
1471 5568 1545 5623 diem
1568 5575 1685 5640 praeter
1703 5584 1758 5637 coe,
