4104 6014
286 156 347 218 uto
875 145 999 207 LOCUS
1015 144 1220 207 mutamus
1239 146 1386 208 SEXTUS

286 306 377 360 salute
407 320 458 359 sua
492 310 548 359 sint
578 310 679 362 certae.
731 312 756 362 5,
786 304 846 362 Nec
878 302 1034 373 Abraham,
1066 317 1117 357 nec
1143 302 1284 373 apostolus
1313 303 1424 359 instruit
1441 303 1628 375 Christianos,
1653 304 1792 378 quomodo
1816 318 1885 376 arga
1899 304 1982 363 vivus

286 391 411 448 Lazarus
437 391 549 463 epuloni
576 391 730 447 subsidium
760 398 919 463 praestant,
947 406 1117 462 consequens
1143 397 1203 444 sese
1221 406 1317 460 gerere
1337 388 1473 458 debeant,
1492 409 1549 445 non
1567 391 1679 462 quidem
1699 390 1815 446 mortuis
1835 392 1982 463 praestare

286 480 372 550 igitur
401 478 497 546 fucrit,
528 478 672 533 animabus
705 478 734 532 in
764 477 925 549 purgatorio
951 475 1116 532 sudantibus
1142 480 1296 530 teneantur.
1344 474 1462 539 Quando
1488 492 1554 549 crgo
1581 476 1677 548 jubet,
1706 481 1739 531 nt
1766 477 1981 534 emunitatibus

287 564 393 618 nullum
417 580 467 635 per
493 562 618 618 rivorum
652 563 696 619 vel
725 570 882 619 sanctorum
915 580 978 618 cnm
1007 560 1117 618 Christo
1141 570 1302 615 sanctorum
1339 563 1584 624 communicemus,
1621 561 1772 633 praecipit,
1810 569 1843 619 ut
1883 580 1981 620 eorum

287 651 462 722 regnantium
500 649 633 722 suffragia
669 650 822 705 subsidium
859 649 992 723 praestari
1027 665 1116 720 possa.
1143 651 1294 717 egestatem
1323 654 1418 703 nostra
1444 647 1630 704 beneficentia
1655 655 1684 703 et
1708 648 1876 705 facultatum
1903 667 1979 706 com-

289 736 393 801 Quodsi
410 753 476 809 ergo
493 736 661 790 Bellarmino
684 736 732 793 lib.
752 743 777 792 2.
802 736 836 791 de
856 740 965 809 purgat.
986 753 1010 792 c.
1031 740 1070 790 15.
1089 730 1117 808 ξ.
1142 734 1327 790 manicatione
1347 736 1537 800 sublevemus,
1569 742 1591 792 1.
1611 735 1674 791 Cor.
1696 741 1741 804 16,
1757 755 1782 791 v.
1802 744 1824 794 1.
1841 755 1893 793 nec
1911 736 1982 794 dicit

287 823 351 880 Non
360 824 512 880 secundum
521 829 573 880 etc.
583 839 618 878 ex
631 823 684 879 hoc
693 823 755 879 loco
765 823 829 880 licet
838 824 962 894 probare,
971 824 1048 895 qnod
1055 823 1116 875 ani·
1140 819 1290 892 largientes
1309 827 1359 876 aut
1375 821 1487 887 dantes,
1516 822 1565 878 sed
1591 823 1802 888 κοινωνοῦντες,
1828 827 1980 879 communi·

292 929 353 964 mae
372 912 402 964 in
417 910 589 979 perpetrato
608 917 768 964 aestuantes
788 918 866 965 orent
881 929 937 980 pra
958 909 1118 972 vicentius,
1142 915 1244 977 camec,
1263 912 1306 964 cst
1325 908 1398 963 enirn
1419 911 1447 964 in
1470 910 1652 980 eleemosynis
1673 910 1811 982 quaedam
1828 913 1980 967 communi·

290 996 385 1051 licebit
403 997 483 1051 nobis
503 1013 535 1052 ex
555 997 650 1053 eodem
677 997 792 1061 inferre,
819 996 894 1068 quod
914 995 1042 1066 precibus
1063 993 1119 1049 illis
1142 993 1383 1063 antiatibus,
1402 1013 1428 1049 r.
1450 1001 1487 1052 13.
1522 997 1691 1051 Sanctorum
1707 996 1832 1068 inprimis
1845 998 1980 1066 meminit,

289 1081 357 1136 nihil
375 1082 536 1152 impetrent,
554 1084 621 1154 quia
638 1083 763 1154 epulonis
781 1098 877 1154 preces
897 1081 933 1137 ab
959 1080 1119 1135 Abrabamo
1143 1080 1210 1151 quia
1227 1078 1267 1134 illi
1286 1079 1358 1135 inter
1381 1088 1487 1137 ceteros
1504 1083 1548 1137 rel
1568 1083 1685 1138 maxime
1704 1083 1847 1156 indigent,
1874 1084 1980 1157 quippe

289 1185 401 1237 prorsus
420 1172 595 1238 respuuntur.
1146 1183 1215 1236 quos
1233 1166 1353 1221 mundus
1380 1167 1444 1222 odio
1462 1169 1638 1240 prosequitur
1667 1174 1696 1224 et
1724 1169 1803 1224 bonis
1831 1170 1889 1225 suis
1916 1170 1981 1227 illos

162 1281 181 1321 4,
196 1281 227 1320 Β,
325 1257 384 1309 218.
421 1259 445 1309 4.
463 1253 542 1308 Rom.
566 1261 610 1322 12,
633 1273 660 1312 u.
681 1260 727 1310 13:
747 1255 880 1308 Orationi
898 1255 1046 1314 instantes,
1073 1267 1120 1305 ne·
1146 1252 1228 1307 exuit.
1262 1252 1352 1307 Addit
1369 1254 1463 1309 statim
1481 1262 1660 1326 pracceptum
1679 1255 1713 1311 de
1734 1259 1897 1327 φιλοξενίᾳ,
1912 1256 1981 1328 quia

161 1333 225 1372 ⁸⁰¹⁰·
247 1329 278 1380 ¹²1
291 1341 465 1395 cernitoribus
483 1349 641 1396 sanctarum
659 1342 900 1396 communicantes.
931 1339 1015 1393 Hunc
1029 1339 1120 1392 locum
1146 1337 1193 1392 illo
1218 1344 1342 1410 tempore
1369 1340 1458 1395 sancti
1488 1341 1564 1395 exuti
1590 1341 1708 1396 fortunis
1736 1342 1864 1397 omnibus
1895 1360 1981 1416 saepe

161 1381 267 1475 hellin-
290 1427 472 1498 apostolicum
506 1433 589 1500 urget
618 1429 768 1484 Salmsron.
802 1434 867 1483 tom.
899 1433 938 1484 14.
973 1426 1042 1496 disp.
1077 1429 1118 1479 25.
1145 1423 1211 1496 vagi
1230 1431 1258 1480 et
1271 1429 1392 1481 extorres
1405 1425 1575 1483 exsulabant.
1611 1432 1635 1483 6.
1655 1427 1684 1484 si
1703 1427 1748 1483 vel
1766 1431 1884 1485 maxims
1900 1429 1981 1502 lega·

163 1487 255 1577 {2223
290 1531 316 1584 p.
334 1520 392 1569 211.
409 1512 458 1568 ubi
478 1514 577 1568 merito
595 1515 695 1583 aliquis
707 1514 829 1583 miretur,
849 1530 904 1584 qua
922 1519 981 1568 arte
993 1511 1120 1584 chymica
1148 1527 1208 1564 mus
1231 1516 1353 1580 μνείαις,
1379 1513 1503 1566 nondum
1531 1529 1677 1567 accensum
1707 1515 1760 1570 crit
1778 1517 1978 1588 purgatorium.

162 1601 264 1680 {fficiu-
290 1600 481 1671 purgatorium
506 1617 539 1654 ex
565 1599 607 1653 bis
634 1599 726 1654 verbis
744 1599 862 1671 apostoli
880 1598 1017 1654 extrahat!
1055 1599 1119 1651 Pro
1146 1595 1249 1652 Sensus
1266 1598 1339 1653 enim
1358 1606 1408 1668 est,
1429 1617 1483 1653 non
1503 1603 1612 1655 tantum
1631 1600 1808 1673 pauperibus,
1829 1602 1877 1674 qui
1899 1602 1980 1659 nobis

161 1694 270 1732 utcontra
290 1685 415 1755 greditur
432 1684 485 1740 hoc
504 1685 593 1741 modo.
618 1691 640 1739 1.
657 1685 800 1754 Plerique,
817 1685 915 1757 inquit,
932 1701 965 1739 ea
982 1685 1119 1738 veteribus
1145 1691 1256 1754 praesto
1274 1690 1353 1754 sunt,
1373 1684 1633 1741 communicandum
1653 1702 1727 1755 osse,
1745 1687 1795 1743 sed
1813 1688 1869 1743 illis
1886 1688 1980 1759 edam,

283 1772 415 1840 patribns
435 1789 490 1842 pro
515 1773 598 1826 uerbo
628 1772 838 1826 necmeitatibus
857 1771 952 1841 iepunt
968 1772 1118 1840 memoriis,
1144 1769 1191 1839 qui
1225 1768 1334 1827 absunt
1377 1769 1540 1827 Salmeronii
1568 1772 1740 1829 ratiunculae
1763 1773 1841 1829 facili
1865 1775 1980 1848 negotio

287 1859 354 1925 quia
369 1876 425 1927 pro
449 1877 513 1913 occe
536 1857 650 1913 Graeca
673 1865 781 1931 μνιίαις
796 1856 886 1922 facile
911 1858 1013 1928 reponi
1025 1857 1118 1927 potuit
1144 1854 1332 1911 dissolvuntur
1399 1863 1421 1914 1.
1449 1857 1509 1913 Nisi
1540 1858 1646 1914 fulmen
1677 1859 1788 1915 concilii
1820 1860 1980 1918 'lh-identini

282 1949 394 2018 χρείαις.
430 1947 457 2000 2.
478 1946 547 2000 Ciam
565 1962 657 1999 sermo
675 1953 745 1999 esset
763 1947 799 1998 de
818 1944 952 2014 oratione,
971 1961 1027 2013 por
1048 1952 1117 2012 erat,
1143 1941 1283 1997 incurrere
1302 1943 1377 2011 volit,
1395 1960 1451 1998 non
1468 1945 1570 2015 poterit
1590 1963 1607 2000 a
1626 1945 1742 2017 vulgata
1756 1927 1876 2004 lectione
1890 1949 1978 2004 disce·

286 2039 316 2083 ut
340 2033 381 2083 ad
406 2049 475 2100 quos
499 2048 585 2100 usque
613 2033 805 2086 emendaretur
823 2031 943 2099 caritas,
973 2038 999 2085 et
1024 2032 1117 2086 aratio
1143 2027 1217 2084 dere.
1266 2032 1289 2083 2.
1315 2028 1459 2101 Scriptura
1492 2031 1620 2102 nuspiam
1654 2031 1750 2102 docet,
1782 2032 1819 2088 ad
1855 2040 1978 2090 mortuos

287 2134 381 2171 eorum
421 2118 618 2171 maturaretur
650 2135 747 2187 nempe
789 2120 831 2172 ad
865 2126 988 2173 mortuos
1022 2134 1115 2187 usque.
1143 2114 1296 2176 orationem
1326 2132 1387 2170 sese
1425 2117 1574 2172 extendere
1611 2116 1721 2175 debere.
1773 2126 1798 2174 6.
1831 2119 1976 2184 Quomodo

287 2207 313 2258 3.
337 2202 410 2264 Quia
424 2204 497 2258 idem
518 2205 663 2272 apostolus
682 2206 723 2257 acl
736 2205 819 2260 Hebr.
833 2210 873 2263 13.
892 2206 1003 2261 oidetm
1020 2206 1116 2260 eebor·
1143 2201 1290 2256 memorias
1313 2208 1470 2257 sanctorum
1492 2203 1675 2259 celebrandae
1706 2205 1775 2274 sint,
1801 2223 1856 2262 non
1880 2213 1977 2263 nostm

287 2291 344 2343 tari
360 2292 402 2343 oet
417 2291 564 2345 mansorius
583 2298 741 2345 sanctorum
765 2293 961 2355 defunctorum
978 2292 1117 2346 adebran-
1145 2285 1336 2360 definiendum
1354 2289 1470 2344 arbitrio
1487 2289 1600 2361 reliquit
1617 2289 1774 2360 apostolus,
1798 2290 1848 2346 sed
1866 2291 1978 2349 disertis

286 2379 348 2433 (tas,
387 2377 469 2431 Dicit
488 2379 574 2431 anim:
591 2377 757 2431 Mementote
770 2380 996 2448 praepositissam
1015 2386 1117 2432 vestro-
1143 2372 1235 2427 rsrbis
1252 2372 1356 2429 ibidem
1381 2375 1522 2446 exposuit:
1571 2375 1696 2438 Quorum
1715 2377 1852 2432 tementes
1871 2381 1975 2435 mum

286 2482 366 2531 rum,
385 2463 434 2532 que'
450 2465 527 2517 vobis
550 2464 639 2518 locuti
663 2473 726 2518 stent
743 2465 853 2519 uerbum
873 2467 932 2520 Dei
950 2472 999 2520 etc.
1018 2464 1067 2518 ubi
1082 2466 1117 2518 de
1141 2461 1358 2514 conserationis
1369 2461 1517 2516 imitemini
1528 2463 1618 2525 tidem.
1632 2467 1655 2520 4,
1667 2461 1723 2517 Per
1736 2462 1972 2537 rodcusrndrddv·

285 2551 459 2620 praepositis
478 2552 544 2620 jam
568 2551 686 2604 mortuis
710 2553 740 2604 in
766 2551 878 2606 Christo
902 2559 941 2608 eet
964 2569 1067 2620 emmo,
1091 2559 1117 2606 et
1142 2564 1227 2610 unsv-
1241 2552 1264 2603 8·
1283 2547 1476 2618 intelliguntur
1495 2548 1733 2619 eleemoflynarum
1744 2550 1888 2621 praefecti.
1904 2552 1971 2625 quia

286 2637 354 2708 quia
367 2638 449 2707 jubet
468 2654 515 2692 eos
541 2637 571 2691 in
601 2638 735 2693 mensoria
760 2656 886 2709 sanare,
916 2640 1053 2708 intellige,
1086 2645 1117 2693 ut
1141 2634 1347 2705 conjunguntur
1375 2651 1438 2690 cum
1473 2639 1695 2708 προϊσταμένοις.
1742 2634 1795 2690 Est
1824 2652 1891 2709 ergo
1923 2639 1975 2694 boc

282 2725 416 2796 precibus
434 2733 461 2779 et
480 2723 659 2792 eleemosynis
679 2741 725 2779 eos
738 2726 802 2779 Deo
822 2729 948 2797 offerant.
978 2730 1003 2783 4.
1016 2727 1115 2795 Appa·
1143 2727 1321 2790 praeteptum
1337 2719 1467 2790 speciale,
1488 2720 1568 2775 cuiv-
1584 2725 1622 2775 13.
1641 2719 1822 2792 subjungitur
1836 2726 1974 2794 generale,

286 2820 343 2877 ret,
362 2815 403 2865 tta
423 2828 482 2867 esse
500 2813 683 2882 loquendum,
710 2831 775 2866 nam
795 2814 886 2882 paulo
913 2821 977 2869 ante
1005 2815 1117 2868 οἰωνοί
1142 2805 1217 2877 quod
1243 2822 1336 2862 omnes
1370 2806 1454 2861 etiam
1481 2805 1583 2879 privati
1614 2806 1736 2862 debeant
1766 2824 1833 2879 erga
1866 2817 1977 2866 sanctos

287 2898 446 2970 apostolus,
471 2898 520 2968 qm·
536 2898 634 2952 tribute
653 2899 684 2952 2⁸„
700 2899 894 2971 applicitam,
922 2900 1029 2954 „ium
1041 2918 1115 2970 pap.
1142 2907 1279 2964 pauperes
1304 2891 1515 2949 beneficentiam
1540 2908 1675 2950 exercere.
1720 2898 1745 2950 5.
1773 2893 1810 2949 Et
1834 2897 1978 2951 memoriis

287 2985 409 3057 peribam,
429 2983 607 3054 quodetiam
619 2986 661 3038 ad
673 2985 933 3040 communicandum
944 2987 1115 3042 necessueti·
1143 2985 1171 3035 et
1189 2979 1400 3034 necessitatibus
1419 2983 1577 3034 sanctorum
1603 2979 1849 3052 communicamus,
1866 2983 1890 3038 si
1909 3000 1978 3057 erga

288 3074 337 3126 bus
354 3079 514 3126 sanctorum
528 3072 658 3142 pertinet,
675 3079 705 3125 ut
723 3089 779 3125 non
794 3073 964 3141 opusfuerit
983 3080 1116 3144 repetere,
1142 3083 1280 3138 pauperes
1310 3071 1370 3121 tum
1395 3072 1570 3138 praesentet,
1597 3073 1656 3123 tum
1681 3069 1808 3124 ssbfltntet
1835 3067 1977 3127 beneficos

287 3167 446 3215 sanctorum
464 3158 672 3212 necessitatibus
690 3159 935 3228 communicantes,
955 3161 1023 3228 quia
1041 3161 1115 3214 idem
1142 3172 1192 3209 nos
1212 3153 1387 3217 exhibemus,
1414 3154 1523 3210 etiamsi
1543 3172 1593 3226 pro
1610 3156 1725 3211 mortuis
1744 3155 1821 3212 nulla
1839 3157 1977 3217 sacrificia

287 3249 386 3316 ipsum,
406 3247 482 3315 quod
495 3247 579 3315 prins
595 3247 789 3309 admonuerat,
807 3246 918 3299 eliceret.
950 3250 975 3300 5.
995 3246 1116 3314 Vutpata
1142 3242 1276 3297 famelicis
1302 3240 1464 3296 sacrificulis
1484 3241 1627 3296 offerenda
1651 3241 1839 3300 exhibeamus.
1877 3250 1901 3300 6.
1921 3244 1976 3310 Qui

284 3333 376 3387 versio
395 3334 437 3386 ad
454 3332 527 3385 hune
543 3348 651 3385 sensum
669 3331 815 3400 applicari
831 3340 926 3401 potest.
962 3332 1114 3387 Oumenim
1142 3347 1176 3385 ex
1197 3327 1337 3384 veteribus
1357 3329 1460 3400 legunt,
1475 3328 1550 3399 quod
1568 3329 1706 3383 memoriis
1724 3335 1882 3386 sanctorum
1901 3334 1977 3388 com-⁸

286 3414 416 3491 lecimus,
446 3418 654 3472 necessitatibus
683 3426 844 3472 sarectorum
874 3421 1113 3489 communicantes,
1142 3416 1338 3471 municandum
1357 3415 1401 3481 sit,
1421 3431 1476 3468 non
1493 3414 1653 3471 adsanotos
1667 3422 1799 3485 mortuos,
1820 3417 1869 3474 sed
1881 3417 1974 3473 risen

285 3523 355 3576 quae
373 3506 430 3560 sint
453 3506 523 3560 allae
545 3506 734 3568 necessitates,
758 3506 879 3575 explicat
906 3506 987 3561 lectio
1013 3508 1114 3579 abero,
1139 3510 1181 3559 tes
1201 3503 1270 3558 illud
1287 3502 1504 3557 accommodant.

285 3609 355 3663 quae
390 3593 470 3645 labet
504 3592 646 3644 memoriis
680 3597 839 3645 sanctorum
873 3595 1112 3653 communicantes.
1175 3595 1231 3646 219.
1271 3597 1292 3644 5.
1324 3596 1346 3645 1.
1362 3588 1426 3646 tob.
1445 3594 1469 3657 5,
1489 3605 1515 3644 ν.
1535 3594 1580 3644 16;
1603 3589 1657 3652 Qui
1674 3590 1735 3659 scit,
1751 3589 1875 3652 fratrem
1891 3609 1972 3647 suum
1985 3600 2006 3640 a
2020 3602 2044 3643 Er

285 3679 394 3732 Rursus
407 3695 467 3730 cum
486 3677 612 3745 lepimecs,
631 3677 772 3731 memoriis
789 3687 949 3733 sanctorum
963 3682 1111 3734 communi·
1136 3694 1256 3748 peccare
1272 3682 1417 3746 pecccatum
1440 3692 1496 3729 non
1522 3677 1563 3729 ad
1582 3683 1709 3744 mmtem,
1735 3684 1827 3748 petat,
1846 3685 1872 3731 et
1892 3679 1971 3734 catt-
1984 3650 2044 3746 1,ῗὲ

284 3772 388 3835 cantes,
407 3780 440 3818 en
459 3764 552 3816 altera
567 3762 691 3827 lectione,
711 3780 783 3832 quae
801 3764 883 3817 babet
905 3767 1114 3821 necessitatibus
1138 3773 1186 3819 tur
1203 3764 1231 3817 ei
1246 3763 1314 3830 uita,
1329 3760 1460 3830 peccanti
1476 3779 1532 3815 non
1543 3763 1584 3814 ad
1600 3768 1723 3816 montem
1755 3763 1810 3817 Est
1823 3772 1971 3835 peccatum
1983 3765 2044 3850 {3⁰¹2

285 3859 446 3904 sanctonum
473 3850 719 3919 communicantes,
746 3849 942 3919 intelligimus,
970 3852 1022 3906 loc
1040 3855 1113 3908 asci-
1141 3855 1181 3906 ad
1197 3858 1320 3914 mortem,
1338 3866 1394 3903 non
1410 3865 1465 3917 pro
1481 3848 1533 3902 illo
1554 3848 1626 3911 dico,
1644 3854 1675 3901 ut
1688 3856 1767 3918 repet
1785 3851 1856 3918 quis.
1885 3850 1971 3909 Hunc
1986 3862 2033 3901 nn

280 3938 417 4006 piendam
445 3937 480 3989 de
505 3935 716 3989 necessitatibus
740 3952 849 4006 eorum,
878 3939 927 4009 qui
949 3939 996 4009 pie
1012 3942 1115 3994 mortui
1140 3939 1231 3993 locum
1248 3935 1348 3991 lohan.
1369 3933 1521 3998 Roffensis,
1546 3933 1695 3990 Salmeron
1720 3940 1749 3989 et
1770 3935 1817 3990 alii
1838 3954 1888 4008 pro
1905 3954 1972 4010 pnr-

284 4030 359 4090 sunt,
383 4040 452 4093 quos
470 4039 539 4091 opus
562 4029 603 4076 est
628 4022 801 4075 orationibus
821 4031 846 4077 et
873 4024 1051 4095 eleemosynis
1063 4027 1113 4095 ju·
1141 4023 1248 4096 gatorio
1268 4022 1427 4093 producunt
1452 4026 1533 4075 etex
1553 4035 1585 4074 eo
1603 4019 1753 4090 colligunt,
1773 4040 1829 4092 pro
1847 4026 1972 4091 nonme,

147 4132 269 4176 ruram
284 4129 358 4166 vare.
408 4113 432 4164 6.
462 4109 622 4163 Petraeites
645 4109 756 4176 lepsmt:
771 4112 926 4164 'memoriis
952 4120 1112 4166 sanctorum
1140 4113 1197 4182 qui,
1217 4112 1284 4164 dum
1301 4109 1433 4171 viverent,
1450 4114 1607 4176 peccarunt
1623 4110 1665 4161 ud
1680 4115 1795 4162 mortem
1813 4116 1840 4164 et
1860 4111 1973 4168 minime

284 4197 525 4252 communicantes.
557 4195 719 4249 Ambrosius
739 4195 767 4248 in
782 4211 880 4250 comm.
897 4195 1020 4251 Hilarius
1039 4204 1109 4253 cont
1140 4198 1207 4253 illos
1220 4195 1375 4265 poenituit,
1402 4211 1456 4247 non
1475 4209 1533 4247 esse
1564 4195 1719 4262 monam,-
1744 4213 1800 4264 pro
1829 4196 1872 4249 leis
1895 4213 1971 4264 vero,

283 4283 508 4352 Constantinum,
537 4281 711 4352 Augustinus
739 4281 786 4335 lib.
807 4287 830 4336 2.
856 4290 951 4338 contra
977 4285 1111 4340 Faustum
1124 4300 1127 4312 ·
1140 4286 1189 4355 qui
1199 4285 1285 4338 aliter
1296 4287 1460 4353 peccarunt,
1477 4289 1503 4335 et
1516 4281 1546 4333 in
1557 4281 1624 4344 sita,
1642 4290 1669 4335 et
1682 4289 1749 4351 post
1763 4289 1876 4337 mortem
1887 4301 1971 4339 oran·

283 4387 307 4424 c.
328 4375 369 4424 21.
388 4367 559 4441 Epiphanius
577 4367 681 4422 haeres.
695 4373 736 4422 57.
755 4366 942 4440 chrysologus
960 4386 1039 4426 serm.
1056 4375 1110 4428 120.
1140 4375 1206 4427 dum
1225 4385 1295 4437 esse,
1325 4386 1387 4421 cum
1407 4368 1488 4421 Deus
1504 4368 1546 4420 ad
1562 4367 1767 4422 eraudiendum
1788 4369 1858 4422 silas
1874 4385 1973 4439 preces

282 4455 504 4525 Respondemus:
531 4453 630 4509 mirum
649 4469 728 4522 vera,
751 4453 963 4525 Bellarminum,
989 4457 1036 4528 qui
1055 4462 1111 4511 tam
1138 4458 1174 4511 sit
1189 4464 1323 4526 pacatus.
1366 4453 1591 4524 Respondemus:
1615 4458 1637 4509 1.
1655 4453 1782 4525 plerique
1808 4455 1973 4526 interpretas

282 4541 388 4596 solicite
415 4542 506 4595 omnia
530 4539 683 4612 purgatorii
709 4539 799 4594 fulcra
824 4541 1005 4612 conquisivit,
1036 4542 1110 4598 hunc
1136 4545 1189 4599 hoc
1202 4543 1308 4597 dictum
1320 4541 1461 4611 accipiunt
1473 4540 1508 4596 dc
1521 4547 1635 4611 peccato
1647 4540 1676 4595 in
1688 4540 1821 4611 Spiritum
1834 4547 1971 4610 sanmum,

283 4630 374 4683 locum
391 4627 572 4698 apostolicum
591 4627 814 4699 praetermisisse.
845 4628 899 4684 Sed
912 4630 1007 4701 procul
1026 4629 1110 4684 dubio
1139 4631 1173 4686 de
1192 4645 1246 4701 quo
1265 4626 1363 4685 Mattb.
1384 4631 1431 4696 12,
1454 4644 1481 4684 r.
1501 4632 1541 4684 31.
1567 4627 1655 4684 Marc.
1674 4633 1705 4690 3,
1729 4644 1756 4680 r.
1777 4632 1817 4683 29.
1845 4629 1912 4684 Luc,
1930 4617 1984 4696 12,

283 4714 370 4782 vidit,
398 4731 460 4768 eum
478 4713 545 4767 nibil
564 4713 674 4768 adrem
693 4712 793 4772 iacere.
832 4720 855 4769 1.
873 4714 974 4771 Graeci
1003 4717 1111 4772 codices
1138 4735 1163 4771 v.
1188 4720 1226 4771 10.
1246 4713 1332 4770 Hebr.
1351 4719 1383 4782 6,
1408 4730 1434 4767 v.
1454 4719 1480 4769 4.
1508 4729 1568 4783 cap.
1592 4718 1637 4781 16,
1667 4729 1691 4768 r.
1717 4716 1759 4770 26.
1804 4712 1916 4769 Dicitur
1940 4715 1970 4771 id

283 4816 377 4854 omnes
408 4804 566 4854 constanter
595 4799 692 4870 legunt
719 4807 833 4873 χρείαις.
882 4807 907 4856 2.
933 4802 975 4857 lta
1002 4820 1111 4874 quoque
1137 4808 1284 4874 peccatum
1302 4803 1343 4854 act
1361 4807 1486 4869 mortem,
1504 4815 1559 4855 non
1578 4799 1667 4854 solum
1686 4800 1753 4870 qnia
1767 4806 1809 4855 est
1824 4806 1971 4871 peccatum

282 4886 365 4940 vertit
378 4885 513 4954 interpres
526 4886 612 4956 Syrus
632 4889 712 4958 tim?
735 4871 803 4963 '202
846 4893 868 4943 3.
886 4887 984 4943 Versio
1001 4889 1111 4956 Latina,
1138 4889 1268 4954 mortale,
1294 4887 1447 4955 hominem,
1479 4887 1527 4958 qui
1545 4885 1615 4940 illud
1638 4885 1797 4957 committit,
1825 4887 1887 4958 ipso
1905 4896 1971 4945 actu

283 4974 362 5042 cujus
392 4971 542 5026 auctoritas
580 4971 616 5026 ob
649 4973 758 5027 concilii
787 4972 942 5029 'lhidentini
971 4974 1110 5031 decretam
1138 4993 1215 5031 reum
1234 4981 1363 5031 aeternae
1382 4972 1478 5027 mortis
1499 4973 1686 5037 constituens,
1707 4990 1762 5044 quo
1783 4990 1866 5029 sensu
1886 4974 1970 5030 etiam

282 5059 434 5115 Pontifloiis
472 5065 514 5114 est
558 5067 746 5124 sacrosancta,
785 5060 855 5132 legit
893 5063 1110 5118 necessitatibus.
1137 5061 1252 5134 qnaeris
1275 5058 1378 5116 delicta
1401 5059 1529 5130 graviora
1556 5063 1653 5115 contra
1677 5059 1875 5116 conscientiam
1894 5077 1968 5116 conr·

282 5155 306 5204 4.
338 5145 438 5202 Graeci
470 5150 499 5199 et
533 5144 625 5199 Latini
656 5146 819 5218 interpretes
854 5147 981 5219 plerique
1017 5165 1111 5204 omnes
1137 5150 1220 5204 missa
1238 5148 1369 5203 dicuntur
1390 5146 1518 5202 mortalia
1542 5153 1672 5217 peccata,
1700 5145 1751 5202 sed
1768 5146 1835 5218 quis
1853 5155 1916 5202 oum
1934 5149 1971 5203 sit

282 5233 437 5302 lectionem,
454 5247 526 5304 quas
545 5228 629 5286 babet
645 5237 761 5303 χρείαις,
781 5232 825 5287 vel
844 5232 930 5288 solam
948 5242 1110 5303 sequuntur,
1136 5232 1338 5298 irremissibile,
1367 5232 1552 5288 infallibiliter
1580 5239 1608 5288 st
1636 5233 1845 5288 immutabiliter
1874 5249 1969 5290 secum

282 5320 326 5377 vel
346 5338 406 5375 eam
423 5337 486 5374 cum
503 5318 597 5384 alters,
615 5333 687 5387 quae
705 5318 789 5375 habet
806 5324 920 5390 μνείαις,
938 5322 1111 5393 conjungunt
1137 5321 1223 5377 trahit
1253 5324 1367 5375 mortem
1398 5324 1427 5376 et
1459 5319 1525 5392 qnia
1549 5336 1599 5391 per
1631 5319 1701 5375 illud
1727 5321 1807 5376 homo
1840 5324 1970 5378 aeternae

282 5413 353 5464 teste
367 5404 604 5464 mmcuconma
616 5403 645 5460 in
662 5409 755 5464 annot.
787 5411 811 5463 5.
824 5405 859 5461 In
878 5405 998 5463 totoillo
1017 5408 1108 5480 capite
1122 5385 1232 5469 lmortis
1250 5405 1366 5462 nexibus
1390 5407 1431 5462 its
1452 5405 1617 5461 constrictus
1645 5411 1673 5461 st
1696 5405 1821 5478 illigatus
1845 5411 1966 5481 terretur,
