4104 6014
216 301 255 357 40
792 289 914 350 Locus
930 287 1133 348 uouemus
1152 290 1298 352 SEXTUS

214 453 258 504 ret
287 454 315 503 ct
341 447 539 503 diuturniorem
569 444 640 502 lucis
669 447 752 518 hujus
782 464 893 502 usuram
915 445 969 502 sibi
986 445 1046 500 dari
1075 447 1143 502 Nisi
1174 451 1206 505 bi
1239 450 1270 505 ia
1307 449 1374 504 novi
1409 447 1580 517 manserint,
1614 465 1662 502 sos
1701 445 1813 500 amari
1846 461 1904 498 eoa

216 534 288 590 serio
305 539 461 606 expeteret,
485 533 592 604 accepit
609 533 661 588 hoe
678 549 839 605 responsum
856 549 874 587 a
891 533 968 588 Deo:
989 532 1046 586 Aa·
1068 538 1210 607 poteritis.

216 621 277 674 diei
292 621 447 676 orationem
464 627 556 685 taam,
579 621 641 674 cidi
656 620 796 688 ὶοουγυιοο
816 629 895 687 taos,
914 635 976 674 ecce
994 636 1045 688 epo
1107 629 1149 679 64.
1184 624 1262 678 Haec
1279 623 1371 678 omnia
1390 622 1534 678 manifeste
1553 621 1686 693 probant,
1709 617 1904 690 promissiones

215 709 323 761 addam
348 708 445 760 diebu
471 708 528 760 tais
555 707 712 777 qaindecim
741 723 839 762 aranos.
882 705 937 760 Hic
956 720 1045 771 nemo,
1072 709 1180 763 divinas
1203 710 1238 766 de
1259 710 1333 764 vitae
1355 708 1542 781 longaevitate
1559 706 1766 778 poenitentibus
1792 703 1898 774 sepiis

214 794 396 849 nisiertreme
404 794 550 863 impudens
561 792 667 863 inficias
676 792 716 849 irs
725 793 836 864 poterit,
846 791 1046 848 diesEaechiae
1071 795 1160 849 factas
1188 796 1250 866 ipso
1281 800 1382 849 eventu
1411 794 1543 848 divinitus
1577 793 1663 847 fuisse
1701 790 1902 860 comprobatas.

211 881 293 951 juxta
311 879 482 934 ordinarium
506 885 622 935 naturae
645 896 755 934 cursum
779 880 865 934 tuisse
888 878 1046 949 completos,
1071 881 1105 935 Id
1125 882 1216 953 ipsum
1236 881 1270 936 de
1295 881 1554 935 comminationibus
1577 878 1677 933 <lirinis
1694 877 1770 932 facili
1789 875 1902 948 negotio

215 965 262 1021 sed
283 967 412 1037 precibus
437 972 465 1021 et
488 965 618 1034 lacrymis
647 983 679 1020 ex
703 965 787 1020 corde
806 964 967 1036 poenitente
984 978 1045 1035 pro·
1071 967 1179 1023 ostendi
1207 973 1305 1037 potest
1356 967 1389 1021 In
1422 966 1590 1034 cataclysmo
1623 963 1782 1018 universum
1813 980 1902 1032 genus

213 1051 295 1106 fectis
317 1050 474 1124 quindecim
500 1068 587 1106 annos
614 1050 688 1106 vitae
713 1068 780 1106 suae
807 1050 956 1122 superaddi
974 1049 1044 1104 obti·
1071 1052 1234 1121 humanum,
1252 1057 1314 1107 octo
1332 1051 1468 1106 duntaxat
1487 1050 1632 1106 animabus
1659 1047 1795 1119 exceptis,
1823 1047 1903 1101 mise-

214 1138 284 1192 nuit.
320 1137 447 1193 lustinus
465 1137 495 1190 in
514 1141 619 1208 quaest.
638 1143 668 1191 et
685 1153 758 1208 resp.
775 1137 812 1191 ad
830 1135 936 1193 orthod.
956 1153 982 1208 q.
1002 1140 1043 1190 33.
1070 1139 1195 1194 rabiliter
1212 1138 1307 1209 periit,
1332 1156 1387 1192 non
1407 1139 1474 1210 quia
1499 1137 1625 1193 absoluto
1644 1135 1764 1208 quodam
1781 1133 1835 1188 Dei
1857 1132 1903 1187 de·

214 1241 241 1294 p.
260 1228 323 1278 321:
347 1221 379 1278 eri
403 1225 434 1296 τῇ
461 1227 656 1297 προωρισμένῃ
675 1225 727 1294 ζωῇ
745 1227 792 1277 rori
809 1223 927 1287 Ἐζεκίου
945 1237 1045 1292 προσε-
1071 1232 1146 1281 creto
1165 1224 1257 1280 fatalis
1280 1224 1355 1278 ritae
1373 1224 1507 1279 terminus
1527 1222 1638 1291 aderat,
1661 1221 1710 1275 sed
1730 1221 1795 1291 quia
1814 1219 1903 1274 ornata

215 1315 335 1377 ιέθηυαν
351 1306 450 1383 χρόνοι
470 1313 547 1377 ζωῆς,
572 1309 641 1363 ἀλλὰ
660 1316 716 1368 τοῖς
735 1308 868 1382 deploras
891 1309 1046 1380 προλαβοῦ-
1072 1329 1139 1366 caro
1159 1313 1233 1364 asiam
1250 1328 1331 1364 auam
1354 1318 1535 1380 corruperat,
1557 1327 1592 1363 ac
1614 1317 1693 1362 terra
1712 1307 1823 1377 repleta
1841 1312 1903 1358 erat

215 1411 260 1448 σιν
277 1394 367 1449 ἔτεσιν
386 1394 480 1462 αὐτοῦ,
500 1383 538 1448 ὧν
555 1395 585 1448 τὸ
604 1398 680 1455 τέλος
698 1396 803 1466 ἐγένετο
821 1393 867 1448 dcci
887 1399 937 1449 τοῦ
956 1401 1046 1449 toro·
1071 1397 1218 1468 iniquitate
1237 1397 1306 1452 Gen.
1326 1402 1349 1467 6,
1368 1415 1393 1453 v.
1415 1401 1455 1452 12.
1489 1395 1570 1450 Certe
1589 1392 1700 1465 plurimi
1719 1410 1751 1447 ex
1770 1392 1839 1462 ipsis
1851 1405 1903 1460 per

213 1483 291 1535 τικοῡ
308 1478 427 1549 πάθους,
449 1482 488 1555 μὴ
506 1484 556 1535 τοῦ
574 1474 644 1545 tisri
662 1482 692 1533 ἐκ
701 1483 750 1536 τοῦ
768 1481 878 1541 πάθους
892 1483 1044 1553 ἰασομέυου
1071 1490 1199 1541 naturam
1217 1483 1320 1538 diutius
1338 1483 1425 1536 vitam
1451 1499 1530 1537 suam
1553 1480 1713 1552 protrahere
1737 1478 1901 1550 potuissent,

215 1566 301 1622 αὐτὸν
335 1573 382 1622 act
422 1572 460 1629 οῖς
494 1568 525 1622 τὸ
563 1569 609 1636 ζῆν
642 1567 725 1623 cerdo
762 1565 1044 1637 ἀποκατοστήσαυτος.
1071 1572 1125 1625 nisi
1143 1570 1351 1641 impoenitentia
1370 1586 1403 1624 ac
1425 1567 1574 1624 sceleribus
1599 1567 1672 1622 vitae
1699 1581 1766 1619 suae
1783 1564 1902 1618 stamina

214 1655 389 1726 Augustinus
421 1654 471 1709 lib.
495 1660 519 1709 5.
552 1654 587 1709 de
611 1652 682 1710 Gen.
710 1655 747 1708 ad
769 1654 810 1709 lit.
834 1670 894 1725 cap.
922 1659 966 1709 tt:
992 1653 1047 1707 Itti
1071 1659 1100 1713 in
1118 1657 1208 1714 medio
1226 1656 1332 1712 dierum
1347 1671 1459 1710 suorum
1473 1653 1750 1723 cursuabrupissent,
1769 1667 1901 1721 quorsum

215 1741 285 1794 anai
298 1740 456 1810 quodecim
468 1758 523 1795 ooo
536 1749 609 1794 recto
620 1741 717 1795 additi
726 1740 888 1794 dicerentur
900 1739 1044 1807 Ezechiae,
1073 1745 1144 1799 enim
1163 1744 1240 1800 Deus
1260 1750 1371 1798 centum
1389 1759 1422 1798 ac
1440 1742 1539 1814 viginti
1559 1757 1645 1796 annos
1663 1740 1699 1794 ad
1714 1737 1901 1809 poeniteutiae

214 1828 273 1880 nisi
297 1826 410 1896 aliquid
438 1829 606 1896 adderetur,
634 1828 710 1894 quod
733 1841 793 1880 ⁸⁶⁸0
821 1827 906 1879 aliter
929 1826 960 1878 io
977 1823 1045 1878 aliis
1071 1832 1191 1903 spatium
1209 1831 1277 1902 ipsis
1296 1830 1490 1898 concessisset,
1515 1829 1569 1883 nisi
1591 1827 1735 1883 imminens
1763 1824 1902 1880 excidium

215 1915 309 1967 comis
328 1913 472 1983 habuerat,
491 1915 642 1967 comendam
662 1913 775 1982 aliquas
793 1912 880 1982 igitar
893 1911 1046 1982 inferiores
1072 1924 1155 1987 atque
1182 1916 1296 1972 exitium
1315 1933 1381 1971 vera
1400 1915 1572 1986 poenitentia
1590 1919 1713 1969 avertere
1728 1908 1902 1981 potuissent?

215 2017 317 2053 cassae
330 2000 396 2069 jam
419 2000 506 2053 sitem
524 2000 650 2068 finierat,
676 2001 827 2052 secundam
855 1999 924 2052 illas
946 2004 1046 2064 auum,
1074 2002 1236 2058 sodomitae
1256 2007 1368 2073 propter
1397 2000 1528 2056 effrenem
1551 1998 1692 2054 libidinem
1715 2015 1748 2052 ac
1767 1995 1823 2050 alia
1842 2013 1902 2050 sce·

215 2102 286 2155 quoe
305 2095 370 2140 rant
387 2087 417 2140 io
444 2087 585 2140 voluntate
605 2094 630 2140 et
645 2087 836 2155 praeamata
856 2086 930 2155 Dei,
949 2084 999 2154 qui
1014 2099 1047 2138 eu
1072 2089 1132 2145 lera
1149 2088 1186 2143 ad
1204 2088 1310 2144 coelum
1335 2087 1486 2142 clamantia
1508 2086 1573 2157 igne
1592 2091 1621 2140 et
1637 2083 1768 2154 sulphure
1786 2080 1902 2136 coelitus

216 2171 332 2226 aomo
346 2179 476 2237 noceat,
498 2174 576 2242 φιοά
601 2172 654 2227 silo
678 2180 800 2243 tempore
826 2173 957 2233 fecturus
978 2176 1048 2233 erat,
1074 2176 1188 2246 delapso
1215 2172 1383 2241 horribiliter
1410 2172 1493 2227 deleti
1518 2178 1584 2225 suut
1614 2169 1684 2226 Gen.
1711 2175 1750 2226 19.
1778 2173 1808 2222 at
1836 2183 1904 2221 num

216 2266 242 2313 et
261 2258 312 2312 boc
332 2273 395 2313 sere
408 2262 541 2328 faturum
558 2265 627 2324 erat,
642 2266 707 2312 tanc
726 2266 788 2313 eret
805 2259 935 2324 finbarro
953 2257 1047 2321 atam,
1073 2261 1166 2316 fatalis
1184 2260 1237 2315 fuit
1255 2260 1323 2331 ipsis
1344 2260 1396 2314 iste
1414 2257 1556 2321 terminus,
1576 2274 1658 2328 quem
1677 2272 1732 2309 uon
1749 2252 1905 2324 potuissent

217 2347 330 2414 1111111110
350 2346 438 2410 finivit
454 2346 555 2414 asam,
583 2347 651 2415 quia
675 2352 702 2398 et
719 2346 760 2398 82'0
777 2344 873 2397 oranti
889 2359 1048 2397 remearem
1073 2347 1243 2418 poenitentia
1261 2354 1290 2401 et
1306 2346 1359 2418 piis
1372 2343 1502 2417 precibus
1520 2340 1663 2397 avertere?
1682 2341 1712 2394 id
1730 2356 1796 2395 vero
1807 2345 1904 2410 aperte

217 2440 266 2495 eat,
287 2433 371 2485 etiam
389 2431 430 2485 ric
449 2447 510 2484 eam
527 2439 685 2500 occurram,
709 2439 739 2484 at
768 2431 823 2485 toti
841 2431 967 2485 erraticos¹
985 2446 1048 2482 con·
1073 2433 1230 2505 refragetur
1248 2432 1346 2507 divino
1361 2431 1472 2486 oraculo
1484 2428 1553 2484 Gen.
1575 2433 1613 2492 rs,
1632 2446 1658 2482 v.
1677 2432 1724 2482 32:
1747 2426 1782 2480 Si
1800 2427 1903 2479 taceat

218 2520 282 2571 cedi
306 2526 434 2587 oportere
459 2518 510 2571 olle
529 2517 624 2586 atque
638 2516 831 2588 parasset,
860 2517 941 2586 cajus
963 2531 1048 2585 proe-
1076 2527 1161 2573 antas·
1177 2520 1217 2572 ia·
1234 2520 1327 2573 skcem
1340 2517 1428 2587 justi,
1450 2533 1505 2570 oon
1523 2515 1688 2585 disperdam
1708 2529 1762 2566 eor.
1799 2511 1858 2566 Her
1875 2514 1904 2565 et

217 2604 336 2657 scientia
354 2600 426 2668 faoi
442 2622 497 2658 oon
513 2610 634 2673 poterat,
655 2611 681 2657 et
698 2604 853 2672 ideoqsod
861 2602 1046 2671 praesciebat,
1076 2605 1155 2661 Onan
1182 2624 1200 2659 a
1220 2605 1344 2659 Domino
1363 2603 1497 2672 percussi
1519 2609 1545 2655 et
1568 2599 1655 2653 occisi
1676 2598 1807 2652 ἀὲουυ1υν
1831 2596 1903 2654 Gen.

218 2691 376 2743 cerasano
392 2691 527 2758 saturam
553 2697 621 2744 erat.
660 2689 789 2746 Ninivitis
808 2705 860 2760 per
884 2686 1048 2759 prophetem
1075 2699 1116 2760 38,
1130 2711 1155 2748 v.
1178 2698 1202 2747 1.
1222 2697 1250 2747 et
1269 2697 1310 2746 10.
1327 2707 1382 2745 non
1403 2688 1470 2761 quia
1485 2686 1577 2742 fatalis
1595 2686 1670 2740 vitae
1687 2684 1821 2738 terminus
1838 2683 1904 2738 ade-

220 2774 357 2831 excidium
382 2776 561 2832 denuntiatur
592 2777 700 2847 expleto
727 2776 914 2850 quadraginta
941 2775 1048 2829 dierum
1074 2786 1132 2844 rat,
1160 2795 1243 2849 quem
1266 2778 1343 2833 nulla
1366 2776 1474 2831 ratione
1492 2775 1643 2846 producere
1660 2772 1826 2842 potuissent,
1854 2770 1904 2826 sed

92 2873 158 2916 ml.
173 2870 205 2912 11.
220 2863 312 2935 spatio
330 2863 481 2919 certissime
499 2863 684 2933 metuendum,
703 2863 764 2920 Jon
786 2868 810 2933 3,
830 2881 856 2917 r.
875 2870 900 2919 1.
919 2862 967 2917 sed
986 2879 1047 2915 cam
1074 2866 1141 2938 quia
1163 2882 1221 2921 rem
1246 2861 1440 2919 detestabilem
1460 2860 1591 2916 fecerant.
1639 2860 1763 2914 Absolon
1786 2857 1903 2912 Doridis

219 2957 444 3004 concuterentur
468 2952 502 3004 de
532 2950 580 3004 oio
605 2967 657 3003 sao
685 2950 777 3014 malo,
798 2950 938 3020 poenituit
955 2952 1048 3003 Deam
1073 2953 1147 3008 tilius
1176 2952 1205 3007 in
1235 2952 1294 3022 ipso
1324 2950 1423 3006 aetatis
1454 2949 1521 3005 flore
1550 2948 1657 3020 tragico
1680 2948 1776 3002 mortis
1801 2963 1904 3018 genere

218 3053 303 3106 8111181·
323 3036 407 3104 maa,
426 3038 502 3106 wll
522 3036 630 3091 lomim
641 3038 759 3106 fuerat,
776 3044 806 3089 111
826 3037 936 3101 faceret
955 3036 1004 3099 05⁸,
1021 3044 1048 3088 61
1073 3040 1205 3111 abreptus
1224 3044 1275 3107 eat,
1293 3044 1367 3093 certe
1385 3054 1441 3091 non
1454 3054 1487 3092 ex
1499 3036 1624 3091 absoluto
1642 3035 1762 3105 quodam
1780 3033 1902 3087 omnium

218 3141 274 3176 non
291 3123 370 3187 feeit,
388 3141 414 3178 v.
438 3129 475 3179 111.
520 3122 602 3178 Certe
631 3122 685 3177 nisi
703 3122 902 3194 poenitentiam
919 3122 1048 3194 egissent,
1073 3142 1219 3182 causarum
1242 3123 1395 3178 mediarum
1418 3127 1574 3193 respectum
1599 3121 1781 3175 antecedente
1806 3126 1834 3174 et
1859 3137 1904 3174 ex-

218 3208 367 3264 constituto
391 3208 523 3263 divinitus
547 3214 671 3279 tempore
692 3225 787 3264 omnes
815 3208 974 3280 periissent,
999 3207 1048 3263 sed
1073 3213 1203 3268 madente
1220 3210 1341 3279 decreto,
1360 3208 1409 3264 sed
1421 3208 1488 3279 quia
1506 3225 1540 3262 ex
1560 3208 1658 3261 insana
1676 3204 1810 3278 regnandi
1827 3206 1904 3276 cupi·

219 3312 268 3366 per
285 3312 378 3351 veram
395 3312 429 3349 ac
447 3294 546 3350 seriam
564 3294 763 3365 poenitentiam
774 3311 892 3364 poenam
904 3294 1048 3349 denuntia·
1075 3298 1161 3354 ditate
1181 3297 1344 3353 seditionem
1357 3308 1391 3350 ac
1408 3294 1512 3350 bellum
1532 3311 1586 3348 non
1605 3294 1789 3349 necessarium
1807 3300 1905 3348 eontra

217 3389 276 3437 tam
294 3387 452 3437 averterunt
470 3381 564 3452 sicque
581 3381 656 3436 ritae
674 3397 740 3436 suae
760 3381 892 3437 terminos
910 3381 1048 3452 produxe·
1075 3392 1215 3456 parentem
1250 3400 1341 3455 regem
1379 3382 1524 3445 movebat,
1561 3387 1585 3435 2.
1618 3379 1690 3434 Sam.
1723 3385 1768 3449 18,
1805 3396 1831 3435 r.
1864 3386 1904 3434 11.

218 3472 291 3522 runt.
332 3466 398 3522 Huc
425 3467 521 3521 referri
548 3472 665 3537 possunt
682 3466 785 3522 similia
812 3466 951 3539 exempla,
977 3483 1049 3539 quae
1076 3473 1202 3526 Alesiae
1220 3470 1399 3525 denuntiatur
1416 3467 1488 3522 ritae
1507 3466 1584 3532 linis,
1608 3472 1754 3537 propterea
1772 3466 1847 3538 quod
1866 3466 1905 3520 le·

219 3560 365 3620 testantur,
378 3554 527 3626 agentibus
544 3554 744 3625 poenitentiam
763 3554 928 3624 temporales
946 3570 1050 3624 poenas
1076 3565 1156 3629 gatos
1177 3555 1297 3611 mitteret
1316 3554 1353 3609 ad
1372 3553 1476 3608 idolum
1493 3552 1696 3618 Ekroniticum,
1721 3570 1754 3607 ex
1772 3569 1804 3607 eo
1823 3569 1905 3624 quae-

220 3641 264 3695 vel
284 3640 442 3707 condonari,
458 3641 502 3696 vel
516 3640 644 3712 mitigari.
684 3640 797 3696 Numer.
822 3646 861 3708 16,
881 3657 906 3694 v.
926 3646 968 3696 48.
987 3656 1050 3695 cum
1075 3645 1173 3713 sitnm,
1201 3658 1239 3697 au
1264 3656 1298 3696 ex
1335 3639 1431 3696 morbo
1457 3639 1648 3695 convalescere
1671 3638 1783 3709 debeat,
1809 3655 1907 3707 necne,

218 3726 304 3798 plaga
332 3727 361 3781 in
385 3726 488 3798 populo
517 3732 578 3782 orta
607 3731 792 3798 grassaretur,
828 3730 929 3780 Aaron
951 3725 1052 3781 obtulit
1078 3736 1100 3786 2.
1120 3729 1192 3801 Reg.
1214 3734 1242 3794 1,
1264 3745 1290 3783 v.
1311 3733 1334 3782 2.
1354 3727 1445 3781 Pueri
1459 3727 1621 3780 Bettels'ts'cs'
1639 3725 1676 3781 ab
1693 3725 1764 3781 ursis
1783 3726 1905 3780 laceran-

219 3812 372 3883 thymiama
392 3821 507 3867 erucas
524 3813 684 3867 ἰυιουυίυοε
698 3819 867 3867 obmortuos
886 3814 1051 3882 ὀυρυοοοιυο
1075 3823 1133 3885 tur,
1163 3814 1229 3887 qnia
1247 3814 1390 3870 illuserant
1416 3813 1568 3884 prophetae
1592 3812 1718 3883 Elissae,
1748 3818 1773 3867 2.
1792 3811 1862 3885 Reg.
1881 3819 1906 3879 2,

220 3908 260 3953 est
277 3900 438 3964 Dominam,
458 3916 492 3953 οο
509 3900 604 3952 statim
620 3899 714 3969 playa
733 3899 858 3954 cessavit.
899 3895 980 3954 Certe
1000 3915 1051 3970 per
1077 3922 1101 3958 v.
1121 3909 1163 3959 21.
1213 3902 1291 3957 Idem
1313 3901 1451 3971 Judicium
1477 3908 1536 3956 esto
1564 3900 1601 3956 de
1630 3901 1847 3956 facinorosorum
1873 3917 1906 3956 ac

219 3985 291 4040 hanc
316 3984 491 4056 pestilentiae
517 3985 630 4056 plagam
658 3984 751 4054 plures
773 3985 802 4038 in
826 3984 916 4040 medio
944 3985 1050 4041 dierum
1076 3988 1262 4045 maleficorum
1289 3987 1440 4059 suppliciis.
1485 3987 1526 4044 Ut
1549 3988 1622 4042 enim
1643 3988 1702 4042 sine
1731 3987 1809 4043 fatali
1839 4003 1905 4059 quo·

219 4087 329 4125 suorum
357 4070 465 4141 abrepti
490 4070 621 4138 fuissent,
649 4068 701 4123 nisi
730 4070 850 4124 Aaronis
875 4070 1004 4140 precibus
1022 4078 1051 4126 et
1077 4077 1141 4131 dam
1158 4083 1186 4133 et
1204 4075 1311 4131 interno
1329 4074 1382 4130 Dei
1401 4074 1521 4145 impulsu
1545 4073 1654 4146 flagitia
1678 4073 1841 4147 designant;
1865 4075 1906 4130 its

218 4157 396 4212 odoramento
445 4156 519 4210 Dens
563 4154 690 4226 placatius
733 4156 850 4211 eandem
886 4156 1051 4217 sustulisset.
1076 4179 1186 4236 qnoque
1210 4161 1347 4234 tragicum
1365 4161 1440 4214 vitae
1464 4159 1566 4215 exitum
1581 4161 1659 4231 justo
1684 4159 1795 4232 quidem
1814 4158 1903 4214 vindi·

220 4248 244 4297 2.
266 4243 340 4298 Sam.
353 4248 394 4308 24,
413 4259 438 4296 v.
454 4248 494 4297 25.
515 4242 617 4295 David
637 4241 666 4295 in
685 4257 751 4297 vera
768 4243 940 4314 poenitentia
956 4260 1049 4299 coram
1075 4250 1117 4305 cis
1127 4249 1181 4306 Dei
1196 4247 1312 4320 judicio,
1330 4264 1385 4302 non
1400 4249 1492 4302 autem
1505 4246 1585 4301 fatali
1599 4254 1628 4302 et
1639 4246 1767 4302 absoluto
1785 4247 1906 4318 quodam

220 4330 279 4385 Deo
296 4345 356 4384 sese
375 4328 523 4383 humilians
540 4327 669 4398 precibus
688 4329 745 4385 suis
762 4329 877 4397 obtinet,
891 4336 923 4383 ut
940 4337 1049 4401 tempus
1076 4336 1186 4391 decreto
1205 4334 1364 4389 sortiuntur.

220 4415 304 4485 pestis
321 4415 529 4470 abbreviaretur
549 4430 581 4468 ac
599 4415 684 4485 plaga
702 4414 738 4468 ab
763 4414 850 4469 lamet
868 4415 1048 4472 cohiberetur.
1110 4427 1151 4477 65.
1186 4423 1213 4477 3.
1231 4422 1278 4474 Ee
1292 4419 1490 4490 procidentiae
1517 4419 1630 4473 divinae
1654 4419 1770 4474 ratione.
1808 4416 1967 4473 Prori-³¹¹3

178 4494 187 4508 '
218 4500 253 4553 ln
279 4500 314 4555 N.
334 4500 367 4554 Τ.
393 4500 500 4554 illustre
524 4505 567 4555 est
591 4500 744 4571 exemplum
771 4501 901 4554 comitum
921 4501 1002 4557 Pauli
1019 4503 1049 4557 iu
1077 4507 1170 4562 dentis
1188 4506 1283 4561 divina
1299 4521 1476 4577 nequaquam
1497 4504 1618 4560 excludit
1634 4504 1664 4559 in
1683 4501 1816 4573 διοικήσει
1838 4522 1903 4560 cau·
1918 4481 1967 4562 iiii

219 4586 364 4656 naufragio
382 4594 566 4656 servatorum3
590 4587 653 4640 Aet.
674 4592 721 4655 21,
747 4603 774 4639 v.
795 4592 836 4641 211.
855 4587 890 4640 de
908 4587 963 4640 illis
982 4587 1049 4642 dici·
1075 4609 1119 4648 sas
1150 4592 1287 4648 secundas
1319 4592 1490 4646 naturaliter
1517 4591 1562 4646 vel
1589 4592 1748 4646 volontarie
1779 4598 1903 4663 agentes,
1918 4576 1967 4667 ᾖξ’,

219 4679 279 4741 tur,
298 4679 452 4746 περιῃρεῖτο
477 4677 555 4727 πᾶσα
578 4675 656 4734 ἐλπὶς
677 4675 726 4725 τοῦ
744 4672 877 4736 σώζεσθαι
898 4671 982 4746 ἡμᾶς,
1000 4674 1049 4729 ted
1076 4687 1205 4733 ector-aar
1228 4678 1273 4733 vel
1299 4678 1440 4742 internos,
1471 4677 1519 4733 sed
1545 4677 1655 4734 easdem
1681 4677 1811 4743 includit,
1839 4678 1906 4751 quia
1919 4684 1966 4727 XV!

220 4758 324 4814 Paulus
341 4759 378 4814 ab
398 4759 497 4830 angelo
514 4759 593 4814 arrdit
612 4777 637 4812 v.
656 4764 698 4816 21.
719 4758 878 4830 κεχάρισταί
890 4760 964 4814 eost
984 4760 1050 4821 osor
1076 4767 1251 4821 conservatio
1281 4781 1372 4820 rerum
1401 4770 1566 4834 creatarum,
1605 4781 1676 4836 quae
1713 4764 1904 4836 providentiae

221 4845 325 4905 πάντας
341 4845 405 4906 τοὺς
417 4849 551 4907 πλέοντας
566 4843 636 4921 μετὰ
655 4847 714 4915 σοῦ,
731 4847 827 4918 utique
840 4863 906 4918 ergo
922 4847 1048 4903 omnibus
1076 4852 1186 4907 divinae
1204 4857 1283 4906 actus
1301 4851 1384 4921 prior,
1401 4856 1443 4906 est
1453 4853 1589 4923 quaedam
1607 4851 1717 4906 essendi
1728 4852 1907 4918 continuatio,

220 4933 249 4985 in
272 4931 324 4986 hoc
356 4931 502 5002 naufragio
526 4933 696 5001 pereundum
719 4931 829 4997 fuisset,
858 4932 912 4986 nisi
945 4933 1049 4989 Paulus
1077 4956 1149 5010 quae
1167 4955 1234 5010 ergo
1254 4938 1293 4991 sic
1312 4955 1329 4991 a
1346 4938 1406 4992 Deo
1424 4940 1535 4994 condita
1552 4943 1625 5007 sunt,
1643 4943 1777 5010 etegent
1795 4943 1907 4994 natura-

220 5019 348 5087 precibus
368 5017 425 5072 suis
444 5017 497 5073 hoc
515 5018 697 5089 impetrasset,
716 5024 748 5073 ut
766 5036 799 5075 ex
819 5020 912 5091 gratia
928 5021 981 5093 ipsi
1002 5021 1049 5076 do·
1077 5026 1154 5094 liter,
1177 5024 1206 5078 in
1224 5023 1279 5078 illis
1297 5029 1450 5079 ’conservat
1467 5024 1597 5079 virtutem
1614 5025 1717 5095 agendi
1735 5024 1907 5094 naturaliter,

221 5111 353 5160 narentur
382 5121 415 5159 ac
448 5123 481 5161 ex
517 5106 756 5176 praesentissimae
790 5107 887 5161 mortis
922 5106 1050 5164 saucibus
1079 5128 1151 5183 qnae
1170 5111 1209 5166 sic
1227 5109 1339 5165 condita
1355 5110 1423 5176 sint,
1445 5116 1478 5165 ut
1493 5115 1580 5182 agant
1599 5109 1699 5180 libere,
1725 5109 1753 5164 in
1771 5111 1826 5165 illis
1843 5128 1908 5165 con·

222 5191 413 5248 liberarentur.
467 5191 544 5249 Neve
581 5191 643 5261 quis
681 5193 801 5263 cogitet,
834 5195 1051 5264 procreatorem
1077 5204 1169 5253 serrat
1186 5195 1315 5251 virtutem
1336 5181 1438 5268 agendi
1461 5195 1560 5262 libere,
1584 5195 1634 5250 sed
1658 5212 1709 5251 nec
1733 5198 1908 5266 quaternatio,

221 5279 304 5333 illem
331 5278 367 5333 ste
392 5279 467 5333 sitas
494 5278 646 5331 donatione
677 5285 703 5331 ct
728 5280 938 5334 cosaewotiooe
954 5281 1050 5350 foisse
1077 5299 1149 5354 quae
1169 5287 1211 5338 est
1227 5282 1363 5352 posterior
1386 5282 1497 5337 divinae
1518 5282 1710 5353 providentiae
1727 5288 1819 5348 aetus,
1845 5299 1908 5338 cau-

218 5367 308 5433 plone
326 5366 496 5432 absolutam,
524 5379 596 5433 quoe
622 5365 729 5418 nattam
754 5384 875 5434 prorem
893 5369 934 5421 ost
950 5385 1051 5422 cosam
1076 5387 1169 5424 smum
1186 5368 1368 5425 secundarum
1387 5369 1556 5424 activitatem
1574 5369 1710 5440 excludit,
1735 5372 1817 5424 Deua
1835 5369 1908 5424 enim

222 5454 361 5505 assumtus
378 5459 534 5520 respectam
545 5451 675 5519 obtineat,
692 5452 853 5521 notandum,
866 5454 945 5524 'quod
957 5455 1050 5509 nautis
1076 5472 1123 5509 ree
1137 5465 1250 5510 mestos
1269 5456 1310 5508 as‘c
1328 5455 1524 5524 administrat,
1548 5464 1580 5511 ot
1594 5472 1645 5511 eoa
1660 5457 1797 5527 proprios
1819 5465 1908 5512 motssr

222 5550 257 5591 ex
275 5537 339 5591 navi
356 5537 453 5609 fugere
477 5536 673 5609 quaerentibus
698 5538 839 5608 apostolus
860 5539 936 5595 dicat
954 5558 980 5601 r.
1000 5547 1049 5597 31:
1077 5560 1161 5614 apere
1184 5544 1258 5598 siam
1275 5541 1449 5613 Augustinus
1472 5542 1520 5597 lib.
1547 5549 1570 5597 7.
1597 5543 1632 5597 de
1661 5543 1714 5598 cir.
1743 5542 1797 5599 Dei
1822 5561 1845 5601 c.
1865 5548 1908 5603 311.
