4104 6014
916 228 968 284 De
985 226 1126 289 nomn.
1813 241 1870 300 175

172 396 230 451 pro
248 381 414 438 liberatione
433 400 452 436 o
466 382 608 452 peccatis,
625 382 714 453 Apoc.
736 386 785 445 tu,
807 399 833 439 v.
852 388 877 438 6.
897 381 947 437 sed
967 398 1008 437 re·
1036 401 1127 456 poena
1143 403 1162 441 a
1178 387 1240 442 Deo
1264 387 1373 452 allecti,
1398 387 1439 442 iiii
1463 406 1514 458 pro
1539 387 1637 443 eadem
1655 387 1738 456 culpa
1754 403 1872 457 nonpo-

174 467 309 523 surrectio
337 468 386 523 iiia
409 469 497 539 prima
523 468 581 524 sive
609 467 736 525 liberatio
763 484 781 521 a
810 467 933 537 peccatis
959 484 1010 538 per
1034 471 1148 526 niuntur
1167 479 1231 543 post
1250 472 1322 527 hanc
1345 473 1479 529 vitantia
1499 473 1676 546 purgatorio,
1701 472 1770 542 quio
1789 474 1869 527 Dsas

174 554 372 625 poeniteutiam
400 570 456 609 non
484 553 570 609 habet
588 552 706 623 amplius
730 552 822 608 locum
849 560 912 623 post
937 553 1009 606 hanc
1035 559 1153 610 eandem
1198 558 1313 626 cdpcm
1358 577 1500 628 wnqaom
1550 561 1592 613 tis
1633 560 1794 625 ulciscitur,
1841 563 1873 612 ut

174 640 275 708 vitam,
293 657 389 695 rerum
410 642 546 695 duntaxat
564 639 692 695 liberatio
711 656 728 693 a
746 644 924 709 peccatorum
944 654 1009 708 pce·
1035 642 1136 697 docent
1163 643 1315 703 Pontificii.
1351 646 1392 698 At
1418 645 1519 700 milites
1544 644 1584 699 iiii
1613 644 1758 713 temporali
1782 658 1873 713 poena

174 725 232 790 nis,
251 731 283 780 ut
302 725 355 796 ipsi
373 726 513 782 Pontiiicii
536 725 708 793 concedunt,
731 725 806 779 unde
824 724 1008 779 Beliarminus
1035 727 1071 783 ob
1110 735 1256 799 meatum
1292 747 1372 783 suum
1401 747 1419 785 g
1446 729 1507 785 Deo
1540 730 1632 785 ,σκιῇ
1664 734 1744 785 mne
1773 747 1798 783 v,
1828 733 1871 787 42,

175 811 268 866 etalii
288 809 476 867 Romanenses
500 829 550 882 pro
575 810 774 866 resurrectione
802 809 927 864 secunda
950 809 1009 863 sive
1036 811 1111 883 Ergo
1137 831 1192 868 non
1215 814 1270 869 tuit
1291 815 1347 870 alia
1371 832 1462 886 poena
1485 815 1630 885 temporali
1656 813 1685 868 in
1711 813 1872 884 purgatorio

176 913 321 967 corporum
341 896 431 968 accipi
449 896 551 953 debere
567 897 700 951 fatentur.
732 896 814 958 Quod
833 912 900 966 ergo
917 894 1009 950 ludes
1036 914 1114 967 opus.

176 981 276 1037 dicitur
293 982 427 1054 pecunias
446 981 668 1053 Hierosolymam
693 980 800 1035 misisse
821 986 1009 1055 προσαγαγεῖν
1071 989 1130 1041 231.
1168 989 1189 1041 t.
1209 984 1354 1042 Secundus
1377 984 1412 1041 V.
1430 985 1463 1040 T.
1483 986 1576 1054 iocus,
1603 1001 1636 1040 ex
1664 1001 1719 1057 quo
1739 990 1949 1055 purgato-arx

175 1072 238 1138 utel
259 1064 396 1139 ἆμαρτίας
422 1073 540 1137 θυσίαν,
565 1066 594 1120 id
619 1073 679 1121 tum
703 1066 739 1120 de
758 1081 849 1135 poena
866 1065 974 1136 peceati
991 1082 1009 1118 a
1035 1069 1106 1123 rium
1126 1072 1297 1125 succendere
1315 1071 1455 1142 cogitant,
1486 1071 1605 1127 hahetur
1629 1071 1699 1125 Tob.
1719 1077 1753 1138 4,
1778 1087 1804 1124 r.
1826 1074 1870 1126 ta:
1883 1053 1974 1146 3⁰2·st

175 1151 279 1223 populo
301 1154 448 1225 superstite
473 1153 626 1209 avertenda
650 1151 728 1221 (quis
752 1157 899 1222 peceatum
915 1150 1008 1222 phrasi
1037 1158 1146 1211 Panem
1162 1165 1239 1210 wem
1257 1165 1283 1211 ιι
1300 1160 1394 1211 „inum
1413 1167 1489 1213 mm
1508 1176 1593 1228 „qm
1609 1159 1782 1222 „mamm
1796 1156 1872 1226 jum·
1883 1132 1967 1197 rinch

175 1237 334 1309 Scripturas
349 1255 400 1309 pro
418 1255 508 1309 poena
524 1238 633 1309 peceati
648 1237 758 1306 saepius
776 1236 931 1309 accipitur),
949 1242 1008 1289 tum
1036 1242 1170 1295 constitae
1194 1249 1220 1296 st
1250 1243 1312 1296 soii
1334 1259 1367 1296 ee
1391 1259 1424 1297 eo
1442 1246 1615 1297 mamacas-c
1642 1251 1668 1296 st
1687 1243 1778 1295 bibere
1807 1259 1870 1295 cans
1883 1210 1984 1297 qqpprnss

176 1323 211 1378 de
236 1324 330 1379 futuro
360 1332 476 1395 peccato
514 1323 628 1377 vitando
658 1323 851 1393 accipiendum
885 1323 1010 1394 (vulgata
1032 1329 1235 1398 peccatoribus.
1274 1330 1369 1397 Hujus
1392 1330 1450 1383 loci
1471 1330 1573 1400 (iuquit
1591 1328 1791 1393 Bellarminus)
1809 1344 1868 1381 nos
1882 1313 1953 1401 {2⁰2

176 1410 265 1465 versio
291 1410 402 1466 eddidit
422 1428 477 1478 pro
495 1410 621 1479 peccatis
649 1417 823 1462 mortuoram
839 1408 1009 1477 sacrficium
1034 1420 1125 1481 potest
1143 1415 1289 1468 ascolias
1302 1430 1408 1480 senens,
1426 1431 1511 1483 quom
1530 1417 1563 1483 s‘s,
1583 1416 1691 1469 instrue
1709 1414 1866 1468 convicians
1883 1370 1986 1461 saisiss-

178 1499 295 1566 offerrs‚
321 1495 371 1551 scd
389 1513 442 1550 vox
473 1503 646 1549 mortuoram
663 1512 719 1550 non
751 1494 870 1550 hahetur
885 1495 914 1549 in
932 1499 1008 1549 textu
1037 1506 1063 1551 et
1088 1516 1158 1552 voca
1180 1499 1285 1569 fideles
1300 1516 1460 1571 pauperes,
1488 1510 1519 1554 at
1544 1501 1603 1569 ipsi
1627 1507 1694 1570 port
1725 1463 1999 1569 aceepmiiisim

180 1580 308 1649 Graeco),
326 1598 360 1635 ac
380 1581 455 1652 quod
475 1581 528 1635 sub
547 1581 631 1637 finem
650 1581 733 1651 hujus
751 1581 882 1635 historiae
900 1580 1010 1648 dicitur,
1037 1585 1239 1653 eleerrrospnom
1271 1593 1350 1641 orent
1376 1603 1435 1655 pro
1465 1587 1562 1641 asim
1597 1586 1731 1646 defuncti.
1787 1569 1929 1639 fiunem·

181 1667 289 1723 Jadom
306 1669 428 1722 votuisse
445 1669 510 1733 riori
527 1671 591 1739 περὶ
603 1671 659 1721 νῶν
677 1668 850 1735 τεθνηκότων
862 1632 1129 1740 ἐξιλασμόνῙΙοαιιιιι
1153 1676 1237 1741 urget
1267 1672 1352 1726 etiam
1375 1670 1507 1727 Costerus
1537 1671 1567 1725 in
1598 1669 1702 1725 enchir.
1730 1670 1765 1725 de
1790 1687 1872 1742 purg.

176 1750 368 1828 ιῆςὰμαριίας
380 1751 568 1822 ἀπολυθῆναι,
583 1753 612 1806 id
624 1754 677 1808 hoc
688 1769 771 1807 seusu
782 1751 899 1823 intelligi
912 1757 1011 1821 potest,
1037 1771 1117 1824 prop.
1139 1762 1163 1812 t.
1211 1755 1440 1827 Respondemus.-
1466 1763 1488 1813 1.
1511 1755 1583 1811 liber
1600 1755 1709 1811 Tobiae
1733 1762 1777 1810 est
1795 1760 1875 1811 extra

177 1838 252 1909 quod
265 1838 356 1893 ludas
374 1839 427 1910 piis
447 1840 576 1909 precibus
593 1845 622 1892 et
633 1837 774 1893 sacrificiis
787 1838 878 1893 Deum
899 1839 1011 1907 placare
1037 1857 1184 1909 monem,
1209 1858 1270 1895 cum
1294 1858 1349 1896 non
1367 1842 1405 1895 sit
1421 1858 1439 1896 a
1456 1840 1605 1912 propbeta,
1629 1857 1683 1895 nec
1697 1842 1794 1912 lingua
1810 1856 1873 1911 pre·

178 1925 312 1992 soluerit,
336 1942 372 1980 ne
391 1932 536 1996 peccatum
556 1932 725 1979 mortuorum
743 1923 846 1995 populo
871 1922 1011 1992 superstiti
1038 1924 1150 1996 pbetica
1168 1925 1302 1996 scriptus,
1328 1943 1392 1981 curu
1411 1926 1554 1981 contineat
1569 1927 1706 1996 quaedam
1724 1943 1787 1981 curn
1804 1925 1873 1981 reri·

177 2011 369 2083 imputaretur.
424 2011 504 2066 Haec
534 2010 708 2066 Chemnicius
739 2011 768 2064 in
799 2026 885 2065 eram.
913 2007 1011 2063 concii.
1041 2017 1098 2066 tate
1117 2009 1250 2064 historice
1269 2017 1298 2065 et
1322 2009 1387 2065 fidei
1406 2011 1536 2082 analogia
1562 2012 1730 2083 pugnantis,
1755 2028 1818 2066 cum
1835 2010 1873 2065 ab

177 2096 302 2154 Trident.
332 2114 403 2169 quae
429 2097 453 2152 si
483 2098 565 2152 elicui
594 2095 762 2150 videbuntur
788 2111 806 2149 a
834 2092 1012 2165 simplicitate
1039 2096 1158 2151 ecclesie
1177 2095 1333 2151 Isratiitica
1350 2096 1386 2151 V.
1404 2104 1433 2152 et
1457 2096 1597 2168 primitiva
1615 2096 1771 2152 Christiana
1788 2096 1822 2153 N.
1839 2094 1873 2152 Τ.

177 2182 273 2238 litem
292 2183 437 2253 paululum
455 2183 547 2251 abire,
574 2199 637 2237 eum
661 2180 697 2236 ed
716 2181 809 2251 priora
825 2178 1011 2249 responsionis
1038 2199 1056 2236 e
1073 2198 1179 2237 canone
1192 2182 1364 2250 excindetur,
1382 2188 1414 2237 ut
1430 2198 1480 2236 suo
1497 2181 1558 2236 ioco
1571 2182 1679 2252 plenius
1691 2181 1746 2236 tuit
1762 2182 1873 2237 demon-

177 2275 289 2325 nostrae
307 2269 433 2325 membra
452 2269 625 2325 remittimus.
1039 2273 1165 2323 stratum.
1210 2271 1233 2322 2.
1250 2266 1361 2321 Aliudit
1387 2267 1491 2321 Tobiae
1517 2269 1555 2322 ad
1581 2283 1684 2322 morem
1714 2267 1744 2320 in
1769 2266 1873 2337 populo

196 2359 270 2410 .230‚
318 2361 341 2410 6.
365 2355 530 2410 contuetur
559 2353 588 2406 in
614 2351 668 2406 hoc
695 2352 756 2421 ipso
786 2354 864 2405 textu
897 2347 1011 2419 aliquid,
1040 2353 1192 2407 israelitico
1217 2358 1374 2423 receptum,
1406 2358 1438 2407 ut
1462 2353 1605 2408 demortuo
1623 2352 1717 2422 aliquo
1735 2351 1820 2406 vicini
1839 2368 1872 2407 ac

178 2441 253 2512 quod
281 2441 475 2512 purgatorium
501 2438 607 2493 evertit.
655 2444 677 2493 l.
695 2436 806 2491 Dicitur
830 2435 902 2489 enim
921 2432 1012 2488 ludas
1038 2439 1120 2493 amici
1137 2438 1174 2492 ad
1193 2439 1277 2494 aedes
1294 2440 1355 2508 ejus
1373 2438 1562 2503 convenirent,
1581 2437 1659 2493 cibos
1678 2453 1774 2492 secum
1792 2436 1872 2493 alier-

177 2526 365 2583 considerasse
383 2524 434 2593 bis,
452 2526 503 2595 qai
518 2542 580 2577 eum
594 2525 702 2593 pietate
721 2521 907 2590 abdemium,
921 2516 1011 2574 stills·
1037 2533 1100 2580 rent
1116 2532 1145 2579 et
1165 2542 1228 2580 cum
1245 2526 1441 2596 superstitibus
1461 2524 1489 2580 in
1502 2526 1583 2580 domo
1601 2525 1639 2578 ad
1656 2524 1872 2578 consolationem

177 2629 243 2668 oros
260 2610 446 2682 ἀποκείμενον
455 2605 640 2683 χαριστήριον
661 2626 688 2664 v.
709 2614 751 2664 lb.
789 2605 851 2661 Hoc
868 2604 1011 2660 Beliarmi·
1037 2610 1219 2665 comederent.
1266 2610 1383 2665 Mandat
1400 2611 1501 2682 igitur,
1525 2616 1558 2664 ut
1579 2608 1652 2664 iilius
1669 2609 1794 2664 hemines
1810 2607 1872 2678 pios

97 2728 103 2737 ·
176 2716 229 2753 nas
254 2697 357 2768 accipit
384 2698 419 2753 de
443 2696 498 2751 iliis
518 2695 684 2762 interiectis,
713 2710 764 2764 pro
791 2692 892 2763 quibus
920 2691 1010 2746 ludas
1037 2695 1072 2751 de
1101 2695 1179 2752 obitu
1202 2696 1283 2750 amici
1307 2695 1436 2767 lugentes
1461 2695 1587 2751 convivio
1610 2694 1729 2751 iuuenali
1751 2694 1873 2765 excipiat

178 2783 343 2839 sucrificium
372 2782 465 2838 offerri
495 2781 592 2837 voluit
640 2780 738 2836 Stante
775 2778 829 2833 hec
863 2777 1011 2849 hypothesi
1037 2789 1066 2839 et
1081 2781 1205 2835 caritatis
1229 2780 1322 2836 officia
1345 2797 1478 2852 argaeos
1497 2787 1639 2849 exerceat,
1665 2797 1750 2850 quem
1768 2797 1872 2836 moram

177 2869 315 2926 interlecti
340 2869 381 2923 iiii
405 2887 461 2925 non
481 2869 596 2924 fuerunt
615 2866 644 2921 in
671 2864 844 2937 purgatorio,
870 2864 946 2935 quod
970 2863 1011 2918 sic
1036 2867 1181 2938 inpopuio
1190 2866 1312 2922 ludaico
1326 2867 1459 2921 usitatum
1469 2866 1555 2921 fuisse
1569 2865 1791 2937 exsequentibus
1802 2864 1871 2919 iocis

178 2957 406 3012 demonstramus.
452 2954 561 3019 Quibus
585 2958 650 3024 post
676 2958 792 3007 mortem
809 2949 914 3022 optima
931 2965 1010 3019 repo·
1037 2953 1185 3024 colligitur.
1219 2953 1302 3008 Dent
1317 2959 1358 3022 te,
1375 2970 1401 3005 v.
1417 2958 1462 3008 tt:
1479 2954 1545 3007 Non
1561 2952 1675 3006 dedica
1691 2951 1745 3005 illo
1758 2949 1871 3017 (sancti-

177 3041 232 3096 sits
251 3046 294 3096 est
310 3040 416 3112 grstia,
441 3039 482 3093 iili
507 3056 564 3093 non
589 3044 753 3107 torquentur
773 3035 891 3090 flammis
910 3050 1011 3106 purga·
1037 3045 1095 3095 tuto
1113 3039 1172 3095 sisa
1191 3037 1261 3094 cibis
1284 3038 1380 3106 αααιία)
1403 3023 1481 3111 mgb„
1499 3046 1624 3107 mortuo,
1652 3035 1796 3107 Pagninus
1819 3051 1871 3107 pro

177 3127 253 3191 torii,
273 3127 323 3181 sed
346 3126 383 3181 sd
402 3126 548 3181 coelestem
571 3122 692 3195 gloriam
715 3123 891 3193 perveniunt·
934 3119 1011 3184 Quae
1038 3128 1188 3193 defuncto,
1215 3124 1268 3180 hoc
1288 3131 1402 3180 estnon
1422 3123 1562 3180 celebravi
1590 3141 1622 3179 ex
1642 3122 1697 3177 iilis
1713 3120 1871 3176 convivium

178 3213 250 3267 enim
267 3213 336 3266 haec
354 3210 427 3266 foret
443 3210 549 3282 gratim
576 3208 685 3280 quodve
703 3208 870 3279 praemium,
890 3206 1012 3277 torqueri
1038 3212 1113 3283 apud
1133 3218 1269 3275 mortuos,
1293 3227 1344 3265 nec
1362 3210 1427 3264 dedi
1447 3210 1554 3281 aliquid
1577 3209 1613 3264 de
1632 3207 1746 3263 decimis
1764 3206 1818 3262 iliis
1835 3206 1874 3261 ad

178 3298 207 3352 in
222 3298 376 3370 purgatorii
398 3298 516 3353 flemmit
539 3298 637 3351 todem
662 3296 735 3366 igni,
760 3310 815 3365 quo
841 3293 964 3347 damnmi
983 3293 1011 3345 in
1038 3296 1244 3368 procurandum
1281 3294 1365 3350 funus
1400 3294 1541 3362 defuncti,
1577 3294 1643 3364 quia
1676 3291 1803 3349 tristibus
1839 3308 1874 3348 ae

178 3383 284 3439 inferno
302 3383 476 3451 crucientur,
500 3381 622 3436 abente
639 3380 693 3434 Dei
718 3379 823 3433 risione
842 3395 903 3434 esse
922 3394 1009 3432 remo·
1039 3383 1150 3437 moestis
1166 3399 1220 3437 non
1246 3381 1349 3436 licebat
1372 3380 1448 3435 vesci
1474 3381 1509 3435 de
1525 3379 1596 3436 cibis
1614 3378 1708 3434 saeris.
1751 3378 1810 3437 der.
1833 3383 1873 3443 lii,

178 3479 235 3525 turn
269 3476 298 3525 et
329 3486 346 3523 a
382 3467 564 3523 daemonibus
595 3465 764 3522 horribiliter
799 3463 1011 3520 excarnificari?
1038 3486 1064 3523 r.
1084 3475 1115 3523 5:
1142 3468 1210 3521 Noe
1229 3466 1404 3534 inprecliars's
1423 3466 1535 3519 ἀαπιιιπι
1561 3465 1666 3527 fes-olis
1689 3464 1774 3532 epuli.
1800 3479 1827 3518 s.
1846 3470 1872 3522 7.

177 3556 265 3627 Atqui
284 3556 368 3626 juxta
387 3554 549 3610 Beliarmini
567 3551 741 3618 {melantiam
759 3551 849 3606 ludas
872 3550 1011 3606 existima·
1039 3555 1104 3608 Nos
1122 3552 1228 3606 datam
1242 3552 1283 3604 eis
1295 3557 1396 3619 potum
1412 3550 1530 3604 cotieem
1546 3550 1770 3604 consolationum
1786 3564 1872 3618 caper

178 3643 233 3711 rit,
259 3640 420 3696 interlectos
443 3639 505 3694 iilos
531 3656 595 3694 cum
618 3638 722 3710 pictate
741 3646 862 3692 mortuos
889 3654 922 3691 ac
941 3637 1012 3706 opti-
1035 3646 1121 3708 patre
1139 3654 1200 3704 rao,
1220 3653 1246 3693 s.
1265 3640 1290 3691 8.
1307 3643 1333 3688 et
1353 3637 1465 3689 domans
1483 3637 1605 3689 convicii
1621 3633 1872 3704 nosisprsdioriq

178 3746 251 3783 mam
269 3728 387 3800 gratiam
412 3726 480 3797 ipsis
503 3726 589 3780 fuisse
614 3725 772 3796 repositam.
814 3724 889 3795 Ergo
908 3739 1012 3793 nequa·
1038 3732 1069 3777 ut
1087 3725 1188 3777 sedeas
1216 3739 1278 3775 cam
1304 3721 1345 3774 eia
1362 3722 1404 3774 ad
1427 3722 1629 3774 comedendum
1647 3738 1682 3775 cc
1707 3720 1871 3786 bibendam,-

178 3831 262 3885 quam
299 3813 401 3881 sensit,
439 3812 501 3866 ilios
539 3810 692 3882 purgatorii
729 3808 846 3864 flammis
880 3809 1011 3878 torqueri.
1038 3810 1068 3865 in
1086 3824 1169 3879 quem
1192 3807 1282 3862 iocum
1305 3806 1345 3861 sic
1370 3812 1570 3864 commentatur
1587 3806 1769 3876 iiieroymus:
1796 3804 1871 3867 Quis

180 3899 312 3969 Ulterius,
332 3899 380 3970 qui
400 3895 456 3969 μετ’
476 3895 613 3964 εὐσεβείας
625 3894 810 3959 obdormiunt,
828 3893 869 3947 iili
887 3911 942 3949 nou
961 3912 1010 3965 pu·
1039 3894 1196 3964 inpertitus
1222 3893 1299 3946 cibos
1335 3894 1433 3958 ferant
1469 3893 1651 3960 cosmoioqus
1686 3895 1872 3959 praepararet,

178 3986 293 4041 niuntur
310 3984 339 4038 in
358 3984 445 4039 altero
463 3983 564 4038 seculo.
600 3980 684 4035 Ratio
704 3986 755 4045 est,
773 3979 840 4051 quia
855 3978 912 4053 μετ’
938 3977 1012 4034 abac·
1038 3997 1109 4048 quoe
1129 3977 1237 4033 &oeci
1260 3977 1426 4048 περίδειπνα
1450 3984 1551 4032 wcost
1576 3985 1603 4031 et
1629 3994 1649 4029 a
1667 3975 1771 4029 ποιέειν
1787 3971 1871 4042 saepo

176 4076 248 4140 ῥείας
263 4074 419 4144 κοιμᾶσθαι
447 4073 490 4123 est
513 4067 543 4120 in
562 4066 680 4121 Domino
699 4064 783 4134 mori3
801 4066 861 4136 jam
881 4082 947 4120 rero
962 4067 1013 4135 qai
1038 4065 1224 4135 appellantur
1242 4064 1425 4134 parentalia,
1449 4079 1482 4115 eo
1512 4064 1590 4132 quod
1608 4061 1777 4130 pareatibus
1790 4059 1872 4128 jacto

177 4160 206 4212 iss
223 4158 348 4211 Domino
365 4158 537 4225 moriantur,
561 4154 636 4208 beati
653 4161 718 4207 nans
738 4148 840 4227 ἀπιέρτι
860 4160 887 4206 et
903 4152 1011 4221 requie-
1038 4154 1220 4207 celebrentur.
1262 4148 1362 4205 Erech.
1390 4154 1438 4211 24,
1462 4165 1488 4202 s.
1516 4154 1558 4203 it:
1585 4147 1631 4200 Ne
1653 4146 1750 4208 socios
1767 4145 1872 4199 lactans

177 4252 256 4298 soant
274 4261 293 4296 a
311 4242 457 4298 laboribus
476 4242 536 4295 sais
559 4239 649 4311 Apoc.
669 4244 717 4309 44,
744 4257 770 4294 v.
792 4243 831 4294 te.
870 4236 923 4302 Qui
948 4255 1011 4293 cum
1040 4247 1226 4303 monuomm,
1255 4252 1289 4289 ne
1318 4235 1433 4302 operias
1456 4233 1562 4287 lobiam
1579 4231 1708 4300 asperius
1726 4238 1753 4284 st
1767 4245 1871 4299 ponem

178 4330 282 4400 pietate
300 4329 463 4397 moriuntur,
480 4327 521 4382 iiii
538 4325 621 4382 etism
640 4324 670 4378 in
685 4324 796 4394 justitia
808 4330 837 4380 et
848 4323 902 4379 Dei
921 4323 1012 4396 gratia
1037 4325 1179 4378 lominum
1208 4320 1390 4392 (lugentium,
1413 4323 1446 4374 ut
1470 4317 1613 4388 Pagninus
1637 4322 1712 4371 recte
1729 4316 1819 4381 addit)
1836 4332 1872 4370 sc

178 4415 343 4480 moriuntur;
360 4415 420 4484 jam
438 4431 504 4469 raro
514 4413 661 4482 justorum
684 4412 796 4463 animos
814 4415 1010 4478 postmortem
1038 4410 1176 4474 comedes,
1193 4406 1247 4461 hoc
1265 4411 1308 4460 est
1324 4421 1360 4460 ne
1371 4411 1499 4473 acceptes
1516 4401 1681 4468 coavivium,
1698 4402 1774 4472 quod
1789 4401 1872 4459 amici

176 4510 241 4555 saut
260 4502 291 4554 iss
310 4518 396 4553 mona
412 4501 486 4569 Dei,
511 4507 537 4553 et
559 4516 615 4552 non
639 4496 729 4563 toops't
752 4494 820 4547 ilias
845 4501 1011 4547 tormentum
1037 4493 1074 4549 ad
1092 4492 1241 4549 levandum
1259 4497 1338 4544 tuum
1356 4490 1460 4543 luctum
1480 4487 1609 4543 exhibere
1623 4488 1719 4545 veiint.
1743 4486 1827 4543 Hcse.
1847 4493 1873 4555 e,

176 4587 242 4657 Sap.
260 4590 286 4654 ³,
303 4604 330 4639 r.
351 4590 373 4640 t.
403 4582 545 4639 interlecti
562 4582 612 4646 ilii,
624 4598 674 4652 pro
695 4578 798 4651 quibus
815 4578 905 4634 ludas
924 4577 1010 4632 sacri-
1038 4596 1064 4632 r.
1084 4585 1109 4634 4.
1138 4577 1239 4633 mentio
1265 4575 1299 4630 fit
1313 4575 1402 4645 possis
1426 4574 1590 4642 tepentium.
1637 4578 1662 4629 6.
1690 4573 1872 4645 Nequaquam

175 4671 269 4727 ficium
300 4669 393 4725 offerri
416 4669 518 4738 voluit,
542 4669 624 4738 juxta
650 4664 811 4721 Beliarmiui
842 4662 1010 4735 hypothesin
1038 4679 1104 4718 vero
1129 4663 1220 4718 cibum
1247 4677 1280 4716 sc
1303 4667 1399 4731 potum
1423 4658 1460 4714 ad
1484 4658 1613 4729 sepulcre
1634 4660 1681 4730 pie
1703 4667 1872 4714 mortuorum

175 4757 234 4831 μετ’
264 4755 404 4826 cierentur
433 4757 512 4812 luere
545 4754 654 4811 mortui.
705 4753 781 4825 Ergo
812 4769 869 4809 non
896 4750 1011 4806 tuorum
1038 4752 1191 4820 posuerunt
1213 4756 1331 4817 propter
1351 4746 1429 4815 ipsos
1445 4745 1608 4809 defunctos,
1624 4752 1656 4800 ut
1672 4744 1766 4799 solatii
1782 4747 1817 4799 a'o
1834 4743 1872 4797 is-

176 4843 267 4914 puniti
280 4843 309 4897 in
320 4844 407 4898 altero
422 4841 524 4911 seculo,
543 4838 1012 4912 etpsrconssquens1nontuernnt
1037 4833 1154 4889 reminis
1177 4831 1282 4903 aliquid
1294 4831 1331 4887 ad
1349 4846 1396 4885 sos
1414 4829 1443 4885 in
1473 4829 1635 4901 purgatorio
1660 4830 1791 4885 sudantes
1808 4829 1873 4884 iude

176 4931 205 4985 in
225 4929 394 5001 purgatorio.
431 4926 560 4998 Denique
581 4926 675 4998 quiin
693 4926 797 4997 pietate
813 4924 936 4991 moritur,
951 4939 1008 4977 non
1039 4919 1209 4991 perveniret,
1228 4919 1273 4976 rel
1291 4924 1325 4973 ut
1342 4932 1479 4988 pauperes
1494 4932 1545 4986 pro
1562 4915 1726 4970 liberatione
1744 4913 1870 4970 defuncti

177 5015 293 5072 moritur
311 5013 487 5085 inpeccatis,
506 5012 573 5083 quia
590 5012 660 5067 baec
671 5013 726 5068 duo
740 5011 859 5067 invicem
877 5015 1010 5081 pugnant
1038 5023 1071 5062 ex
1087 5005 1248 5076 purgatorio
1268 5003 1479 5067 intercederent,
1498 5001 1548 5058 sed
1567 5001 1723 5058 convivium
1741 5000 1812 5055 iliud
1829 4999 1871 5056 fu-

179 5101 232 5166 Qui
253 5119 307 5157 uon
325 5101 442 5155 moritur
459 5099 487 5153 in
505 5098 641 5168 peccatis,
668 5098 716 5154 iiie
739 5097 822 5154 etiam
848 5113 903 5152 uon
921 5103 1014 5167 potest
1038 5093 1132 5150 neraie
1150 5093 1184 5148 ob
1200 5092 1326 5147 orborum
1343 5091 1562 5145 consolationem
1577 5088 1633 5145 tuit
1649 5087 1822 5155 institutum,
1840 5094 1874 5141 ut

178 5188 208 5243 in
224 5188 314 5243 altero
332 5186 425 5242 seculo
449 5184 540 5256 puniri
564 5187 678 5254 propter
698 5190 850 5255 peccatum.
887 5181 939 5246 Qui
957 5198 1012 5235 non
1037 5179 1139 5236 Jerem.
1169 5185 1213 5247 16,
1232 5196 1259 5233 s.
1281 5185 1305 5237 l.
1331 5175 1477 5233 maritata
1497 5177 1619 5231 docetur.
1659 5174 1697 5228 Et
1717 5173 1785 5244 quis
1801 5173 1873 5228 alias

180 5274 295 5344 punitur
313 5273 343 5328 iu
361 5273 448 5328 altero
469 5269 577 5332 seculo,
591 5284 647 5323 non
663 5268 808 5325 descendit
826 5268 862 5323 sd
881 5276 1013 5339 purgato·
1033 5267 1116 5337 juxta
1135 5265 1295 5321 mandatnm
1314 5262 1368 5320 Dei
1387 5261 1557 5334 pauperibus
1582 5278 1616 5316 ex
1634 5258 1767 5315 conviviis
1787 5274 1871 5330 quse-

177 5360 258 5416 rium.
299 5359 375 5431 Ergo
398 5357 448 5429 qui
466 5356 496 5410 in
514 5357 618 5427 pietate
637 5354 766 5419 moritur,
793 5354 1014 5411 condescendit
1038 5353 1103 5407 dam
1122 5351 1200 5409 fuere
1218 5348 1401 5407 dauda.Neh.
1421 5355 1447 5418 6,
1465 5365 1492 5405 r.
1513 5354 1551 5405 te.
1569 5346 1634 5402 ideo
1652 5344 1735 5401 etism
1754 5361 1790 5400 ex
1806 5360 1873 5401 ous-

38 5453 108 5497 xuu.
119 5450 164 5497 tta.
178 5447 208 5503 in
224 5445 426 5519 purgatorium.
463 5447 488 5498 2.
508 5442 563 5510 Qui
589 5458 640 5513 pro
659 5447 774 5512 peccato
797 5456 848 5497 suo
865 5440 1013 5512 temporali
1037 5439 1111 5497 risio
1129 5437 1179 5495 iiio
1196 5436 1315 5495 luaenii
1334 5453 1386 5509 pro
1402 5433 1602 5492 smteatstioue
1614 5448 1767 5505 pauperum
1787 5448 1873 5505 quse·
