4104 6014
830 199 881 254 na
901 195 1040 252 nosue.
1122 154 1128 176 ⁸
1740 205 1779 261 ⁶5

85 355 174 425 culpa
190 356 238 412 sit.
270 371 294 413 c.
316 354 485 426 Ubicunque
512 370 588 412 caus.
614 361 642 408 et
666 360 772 425 quaest.
798 354 859 409 iisd.
887 372 921 410 ex
947 353 1048 405 melius
1074 352 1286 422 pronuntiatur,
1318 352 1361 405 irc
1385 352 1415 404 iu
1441 353 1551 406 dmum
1580 354 1671 406 turdus
1698 368 1781 421 quam

81 440 226 512 Chrysost.
248 442 277 496 in
295 441 376 512 epist.
395 441 431 495 ad
449 438 552 497 Hebe:
585 442 695 508 Lucam
722 449 747 494 et
766 442 920 513 deplorare
946 438 988 490 ire
1012 441 1054 492 acl
1076 438 1339 505 domuitionem,
1363 438 1438 494 Ecel.
1458 436 1491 501 7,
1523 455 1548 493 r.
1569 443 1593 494 3.
1630 437 1692 501 Quo
1712 437 1781 492 refe·

80 536 108 583 et
135 529 291 582 lamentari
315 545 375 593 sar,
405 528 456 596 qui
480 527 516 580 ab
543 528 595 581 lac
625 527 685 581 uita
705 529 855 593 decedam,
888 543 921 578 εε
947 525 1034 579 reuda
1060 533 1125 578 sunt
1151 525 1227 578 dicta
1254 523 1362 594 piorum
1392 530 1523 580 veterum.
1569 523 1781 595 chrysostomus

75 615 320 684 pusillanimitate
340 614 485 681 contingit,
502 614 555 666 hoc
571 622 665 666 autem
679 631 712 666 eu
725 613 921 682 desperatione
947 610 1037 667 homil.
1057 616 1098 667 61.
1120 610 1148 665 in
1166 610 1266 667 lohan.
1287 611 1362 666 circa
1379 609 1441 664 fin:
1461 612 1580 665 Minime
1601 611 1711 678 lupera,
1729 612 1781 664 sed

77 702 198 764 futuras
239 699 455 754 resurrectionis
498 697 676 767 intelligitur.
736 698 777 752 Ex
820 697 921 769 quibus
948 695 1078 769 iateque,
1098 698 1157 751 siae
1177 698 1271 751 delita
1291 699 1491 766 moderatione,
1511 698 1607 767 lupera
1625 705 1704 767 aeta,·
1723 714 1777 749 aaa

80 787 212 843 omuibus
237 788 355 858 quidam
380 793 476 840 mostra
502 792 662 855 tempestate
689 786 921 854 apamiarum,
946 802 1006 837 sum
1020 785 1150 837 immanis
1162 793 1244 852 atque
1258 784 1389 838 crudelia
1425 783 1521 849 Video,
1538 792 1668 837 maturam
1680 784 1778 838 dolere

78 891 138 927 aaa
169 891 231 928 csse
249 874 356 928 licitum
371 873 443 941 fletu
463 880 587 925 mortuas
600 872 753 941 prosequi,
771 877 842 926 teste
862 869 920 923 Sal·
947 879 972 924 et
992 870 1188 939 quotidianam
1205 871 1347 938 requirere
1368 870 1604 924 omasustudiaem.
1635 871 1702 923 Nam
1715 871 1781 924 licet

80 975 196 1015 merone
216 959 288 1031 disp.
310 966 334 1015 l.
354 959 383 1013 iu
404 965 426 1013 1.
444 957 541 1014 Thess.
563 964 588 1015 4.
947 957 1025 1010 uallo
1057 959 1161 1027 affeetu
1189 956 1312 1018 moseri,
1342 957 1420 1024 quad
1446 964 1472 1008 et
1495 956 1621 1010 Christus
1650 955 1781 1022 ostendit,

122 1053 163 1102 it.
200 1045 257 1102 Sed
284 1047 354 1101 haec
384 1047 477 1101 omnia
502 1044 667 1115 accipienda
696 1051 761 1097 sunt
788 1045 823 1095 ds
845 1043 921 1094 luctu
947 1042 1118 1109 lacrymatus
1144 1050 1183 1096 est
1210 1059 1293 1112 super
1312 1042 1437 1099 Lazaro,
1469 1043 1531 1111 eiua
1559 1057 1675 1112 sequere
1694 1058 1781 1096 esem·

83 1133 288 1202 immoderata,
322 1133 369 1204 qui
388 1133 432 1187 rel
451 1150 483 1187 ex
502 1131 683 1202 impatientia,
703 1129 747 1185 vel
765 1127 921 1183 diffidentia
943 1130 1034 1198 plura.
1075 1131 1256 1197 lacrymare,
1271 1131 1323 1181 aed
1341 1129 1442 1184 leuiter
1462 1138 1489 1183 st
1505 1131 1662 1198 madenia
1676 1136 1701 1182 et
1720 1145 1781 1182 cum

83 1218 173 1273 oritur
200 1235 233 1274 ac
252 1217 376 1273 debitum
407 1217 515 1273 excedit
533 1218 659 1280 modum,
692 1215 737 1270 cui
756 1214 922 1286 opponenda
949 1215 1008 1269 Dei
1023 1216 1128 1269 timore,
1170 1215 1273 1268 Silae
1293 1215 1405 1270 ratione
1424 1215 1567 1282 lacryma
1577 1216 1701 1282 suades,
1726 1233 1780 1269 aaa

83 1312 128 1360 est
146 1305 190 1360 lex
207 1303 303 1359 divina
325 1305 390 1358 Lau
414 1309 459 1367 19,
491 1322 515 1357 v.
536 1309 589 1359 28:
624 1303 717 1372 Super
740 1310 847 1356 mortua
866 1318 922 1354 aaa
947 1302 1163 1355 resurrectionis
1178 1301 1358 1365 diffidentiae
1378 1303 1515 1371 argueris,
1534 1304 1586 1356 secl
1602 1317 1685 1370 aspre
1695 1304 1780 1371 serre

82 1392 218 1445 incidetis
245 1407 344 1444 carues
370 1398 477 1443 vestrae
503 1407 591 1458 usque
605 1391 717 1458 figurae
733 1388 847 1456 aliquas
872 1394 922 1439 aut
948 1387 1090 1440 carissimi
1107 1387 1305 1456 sejunctionem
1322 1387 1469 1441 uidebaris.
1518 1389 1592 1442 Nam
1618 1395 1645 1441 ει
1658 1404 1780 1457 peregre

83 1477 220 1548 stigmata
247 1477 363 1542 facistis
390 1476 480 1536 eodm,
507 1493 557 1545 epa
582 1476 729 1529 Dominus.
773 1472 856 1529 Daui.
884 1478 923 1537 ll,
944 1474 1156 1543 proficiscentes
1175 1474 1309 1542 lacrymis
1325 1474 1536 1543 prosequimur,
1560 1492 1616 1527 aaa
1641 1481 1732 1527 wmea
1750 1482 1780 1527 ut

86 1583 114 1618 v.
133 1570 160 1619 1:
179 1564 246 1617 Noa
263 1563 393 1615 incidetis
416 1579 465 1614 aas
484 1579 533 1614 acc
551 1562 668 1625 facietis
691 1561 831 1615 calvitiem
850 1560 922 1611 iuter
948 1568 1080 1628 mortuas,
1097 1561 1139 1614 ita
1157 1569 1183 1614 ει
1202 1569 1231 1613 tu
1241 1561 1347 1629 iapcas,
1358 1568 1492 1630 tauqssam
1506 1561 1692 1629 praemiseris
1700 1577 1780 1632 perc-

89 1651 187 1705 aeulos
206 1658 312 1704 vestrm
331 1666 417 1719 super
434 1656 556 1713 mamam
574 1646 626 1702 hoc
645 1655 760 1702 estnon
778 1645 921 1700 imitemini
947 1648 1068 1716 prinum.
1115 1645 1237 1718 Cyrillus
1267 1646 1315 1701 lib.
1344 1651 1368 1705 1.
1399 1646 1428 1699 in
1455 1645 1611 1703 iohannem
1638 1663 1699 1718 cap.
1732 1653 1781 1703 20:

87 1752 177 1791 mores
206 1733 440 1789 idololatriarum
466 1740 494 1789 et
519 1734 771 1805 superstitiosarum
796 1731 921 1804 gentium
950 1735 1068 1788 Erudiit
1087 1753 1138 1788 aas
1157 1735 1297 1789 Dominus
1314 1735 1373 1786 suis
1393 1734 1536 1801 lacrymis,
1549 1735 1680 1802 quoniam
1698 1737 1782 1789 moda

85 1824 115 1877 iu
132 1820 278 1877 funeribus
304 1828 486 1892 cognatorum
505 1838 605 1892 corpus
630 1838 709 1875 suum
740 1816 921 1872 incidentium
949 1839 1031 1875 aaran
1048 1828 1156 1875 nastros
1177 1821 1235 1873 uita
1247 1822 1366 1889 sauctae
1383 1821 1538 1874 moderatis
1551 1821 1648 1890 etiope
1662 1821 1783 1876 rationis

85 1924 119 1962 ac
137 1906 360 1976 vulnerantium
392 1925 461 1963 vers.
477 1913 503 1963 2:
525 1909 656 1977 quoniam
665 1907 791 1979 populus
809 1912 922 1957 catulus
949 1907 1109 1977 temperatis
1130 1906 1263 1973 maauaie
1278 1907 1353 1974 dere
1372 1906 1526 1960 debeamus.
1579 1908 1705 1961 Names
1726 1915 1782 1961 tota

86 2013 116 2048 es
131 1994 256 2049 Domina
281 2004 327 2048 trra
354 2004 378 2047 ει
404 2003 430 2047 ιε
451 1996 547 2064 elegit,
581 2003 611 2047 ut
636 1995 677 2048 sis
695 1995 722 2046 ei
739 1994 769 2046 iu
782 1991 920 2061 papulum
948 2012 997 2047 uec
1023 1993 1152 2062 campali,
1182 2010 1230 2045 aec
1259 2008 1383 2045 maerere
1409 1993 1535 2057 seriaum
1563 2001 1604 2047 cat
1624 2001 1650 2048 et
1671 1996 1782 2059 durum,

82 2081 277 2149 peculiarem
296 2096 329 2135 ac
349 2080 447 2152 regula
463 2080 616 2152 apostolica
636 2087 658 2136 1.
671 2078 766 2134 Thess.
786 2084 810 2140 4,
827 2095 852 2129 v.
876 2082 921 2131 13:
948 2081 1046 2134 lomim
1088 2098 1153 2133 uero
1194 2078 1376 2132 exuberantia
1414 2079 1556 2135 muliebre.
1618 2080 1781 2136 Ambrosius

87 2168 135 2221 Do
159 2168 362 2222 dormientibus
398 2186 454 2223 nou
482 2167 698 2229 coutriattmt'ut',
731 2166 802 2218 aiud
829 2163 921 2226 ederi,
948 2166 1050 2223 acerbo
1073 2166 1151 2220 luctu
1175 2164 1395 2237 prosequebatur
1424 2171 1535 2219 sanctos
1555 2165 1590 2220 de
1609 2166 1700 2222 medio
1718 2167 1781 2223 sub·

85 2255 137 2322 qui
161 2270 239 2322 spem
262 2272 318 2308 aaa
341 2253 454 2315 tabeat,
486 2253 538 2308 hoc
557 2259 600 2307 est
625 2253 697 2308 sicut
722 2250 841 2322 gentiles
859 2265 920 2320 pro·
947 2255 1035 2317 latos,
1069 2271 1124 2309 non
1144 2251 1217 2324 quod
1240 2251 1275 2306 de
1295 2267 1388 2306 eorum
1407 2251 1541 2308 felicitate
1557 2251 1712 2325 dubitaret,
1733 2254 1782 2310 sed

88 2340 220 2394 missione
238 2355 272 2394 ac
292 2356 342 2411 spe
359 2339 459 2394 beatae
479 2339 516 2393 ad
535 2339 620 2393 vitam
639 2337 845 2393 resurrectionis
875 2335 920 2390 de·
947 2340 1139 2408 considerans,
1165 2358 1248 2409 quam
1268 2347 1338 2392 esset
1357 2339 1479 2403 difficile
1497 2339 1621 2394 iuvenire
1642 2358 1704 2411 cas,
1734 2343 1784 2412 qui

85 2426 187 2481 stituti.
236 2426 396 2481 Moderatus
419 2426 529 2481 interim
555 2427 647 2481 luctus
667 2424 832 2480 Christianis
854 2423 920 2477 vitio
948 2429 978 2482 ia
1014 2431 1212 2498 defunctorum
1242 2427 1332 2480 locum
1370 2427 1556 2480 stacedereut.
1609 2428 1781 2498 Augustinus

86 2513 158 2568 verti
173 2513 285 2584 nequit,
318 2513 446 2584 conmuit
464 2513 537 2568 euim
557 2519 580 2569 1.
605 2520 755 2582 praecepta
779 2509 921 2564 Siracidt't
947 2514 995 2570 lib.
1016 2522 1057 2571 19.
1077 2515 1111 2570 de
1129 2514 1202 2570 civit.
1221 2512 1273 2567 Dei
1294 2530 1317 2566 c,
1338 2518 1366 2567 8:
1388 2513 1573 2576 Qumrrsmaas
1589 2513 1648 2565 uita
1663 2521 1782 2582 propter

86 2615 112 2655 c·
131 2603 172 2663 38,
193 2617 218 2651 V·
239 2600 373 2668 1⁶2F2'12'2
391 2599 757 2668 wpermllrluumprvdut
771 2597 921 2665 lacrymat,
948 2603 1090 2656 amicitiae
1108 2601 1214 2656 solatia
1233 2600 1403 2669 delectabat,
1435 2602 1509 2653 uude
1532 2601 1598 2666 fieri
1616 2609 1722 2668 potest,
1752 2608 1782 2654 ut

87 2693 113 2738 cl
132 2685 303 2767 quasiflira
317 2702 423 2754 passeis
441 2702 483 2747 cs,
514 2686 606 2753 incipe
630 2685 737 2751 lucius,
771 2684 922 2735 secuudum
949 2706 1045 2743 eoram
1074 2707 1149 2743 mors
1179 2687 1288 2740 multam
1306 2687 1385 2740 uobis
1403 2686 1513 2754 inperat
1538 2686 1783 2740 maestuuaiusmt

88 2779 180 2825 audem
213 2771 350 2840 iudicium
377 2771 458 2824 illius
499 2778 612 2839 cocleae
639 2786 740 2837 coeptat
764 2768 844 2822 illiue
868 2771 921 2823 tte·
949 2794 1033 2844 quam
1053 2776 1102 2844 qui
1118 2774 1256 2844 prolibat,
1270 2772 1429 2842 prohibeat,
1449 2772 1477 2824 si
1488 2779 1589 2841 potest,
1608 2772 1700 2826 amica
1723 2774 1780 2827 sal-

87 2876 114 2915 r.
136 2864 174 2913 11.
198 2858 326 2911 wadum
343 2859 400 2924 faa
413 2857 512 2925 fletum
538 2864 563 2910 el
582 2857 702 2909 accende
725 2855 871 2924 plautium
897 2861 922 2907 ti
948 2861 1060 2930 laqueo,
1089 2860 1241 2913 interdicat
1267 2858 1442 2912 amicabilem
1460 2859 1618 2912 sodetamm
1636 2860 1679 2913 uel
1698 2860 1781 2912 iater-

81 2946 140 3013 sac
159 2944 262 2997 ludum
279 2945 430 2996 coeundum
448 2942 614 3009 dt'tnt'ialssm
632 2943 707 3011 eju&
736 2958 761 2994 V·
786 2944 825 2996 18·
848 2939 922 2992 diem
948 2949 1026 3002 cidat
1044 2949 1173 3017 affectum
1193 2946 1314 2999 amnium
1333 2945 1516 2998 humanarum
1539 2945 1781 3012 accusatorium,
1845 2986 1848 2991 .

87 3049 172 3084 uuum
202 3039 229 3083 et
258 3031 315 3083 cluo
343 3029 438 3098 pratia
463 3029 646 3082 detractionis
674 3036 700 3080 et
726 3026 872 3080 consolare
896 3033 922 3078 te
947 3035 1061 3089 „imula
1078 3033 1175 3087 mentis
1188 3031 1290 3085 immiti
1299 3040 1413 3100 stupore
1431 3031 1599 3101 disrumpat,
1618 3039 1666 3085 aut
1678 3032 1719 3085 sie
1738 3033 1778 3085 eis

88 3117 222 3172 tristitiae
245 3134 332 3171 causa
357 3125 407 3170 etc.
431 3133 454 3168 e.
473 3121 518 3179 22,
545 3131 570 3171 v,
595 3121 638 3169 to:
670 3113 762 3184 Super
785 3121 923 3166 risortuum
947 3123 1082 3175 „emaum
1108 3137 1166 3173 ωε
1196 3126 1322 3185 censam,
1353 3125 1384 3171 at
1413 3118 1495 3172 nulla
1529 3135 1561 3172 er
1590 3119 1630 3171 eis
1658 3119 1782 3171 animam

83 3204 188 3273 plora,
220 3204 325 3270 defecit
363 3203 435 3256 cuim
467 3203 533 3268 leot
563 3219 588 3255 v·
621 3206 660 3256 ll·
699 3201 809 3254 dulcius
837 3202 922 3269 Plora
949 3209 1070 3262 dulcedo
1084 3209 1256 3277 perfundat.
1300 3203 1409 3266 Quodsi
1420 3204 1490 3272 fieri
1513 3204 1593 3258 nulla
1619 3205 1701 3258 moda
1717 3212 1782 3277 pat·

10 3306 74 3350 Aut.
88 3307 174 3360 super
183 3299 331 3358 manuum,
348 3290 416 3358 quia
434 3289 588 3358 requievit,b
607 3305 632 3341 v.
656 3294 695 3343 13.
714 3287 803 3340 luciae
821 3287 925 3341 morial
949 3303 998 3362 est,
1016 3296 1101 3348 etiam
1118 3295 1170 3346 ltoc
1189 3310 1243 3363 qua
1263 3298 1348 3362 pacto
1367 3293 1494 3356 imarum
1512 3297 1560 3359 est,
1578 3297 1608 3343 ut
1623 3290 1685 3359 ejus
1702 3291 1783 3344 uobis

89 3385 192 3446 ceptam
212 3378 280 3432 diet·
319 3379 345 3430 2·
364 3376 487 3429 Ormlv
509 3373 922 3437 ·S'0²0m0m'820010⁸·32V-l=
951 3399 1053 3435 amara
1071 3398 1147 3434 mors
1166 3397 1221 3432 aaa
1249 3379 1299 3445 sit,
1322 3377 1403 3446 cuias
1422 3377 1513 3430 duleis
1536 3377 1596 3431 cita
1606 3377 1689 3446 fuiti
1719 3378 1783 3430 liae

93 3465 212 3533 Tempta
226 3463 321 3532 flendi
334 3470 361 3533 cl
382 3471 487 3530 tempus
500 3460 668 3530 plaudendi·
702 3462 728 3512 3·
758 3459 924 3513 Samiorum
950 3468 1079 3521 selemim
1099 3475 1124 3519 ει
1144 3465 1234 3519 luctus
1253 3463 1383 3534 quidam,
1402 3464 1487 3532 quad
1498 3462 1598 3516 miuus
1611 3463 1641 3516 iu
1659 3463 1780 3518 lumaao

90 3551 230 3620 scempls's.
269 3548 414 3602 Abraham
440 3547 518 3618 luget
535 3547 682 3617 conjugem
700 3546 796 3601 Sanam
823 3545 925 3600 defun·
951 3556 1044 3618 corde,
1062 3560 1111 3606 aut
1130 3551 1219 3618 ulam,
1236 3550 1284 3603 eui
1300 3551 1430 3603 sananda
1448 3549 1617 3602 adhibeatur
1635 3546 1783 3618 officiosae

88 3644 163 3692 mm
187 3635 290 3691 ⁶⁰⁰0&
316 3640 363 3704 2³,
395 3653 419 3690 V·
447 3640 470 3689 ²·
507 3633 634 3687 J⁰⁶0b¹⁴⁶
658 3632 746 3686 fllium
769 3648 849 3686 tuum
872 3631 924 3686 J0.
951 3640 1163 3695 consolationes.
1200 3635 1378 3692 Bernhardus
1398 3652 1476 3690 serm.
1496 3640 1538 3691 26.
1557 3634 1586 3689 in
1603 3634 1698 3692 Cant:
1719 3637 1784 3690 Nou

89 3723 219 3794 sephum,
251 3739 332 3792 quem
351 3720 469 3793 putabat
487 3727 641 3788 mortuum,
665 3719 734 3774 Gen.
761 3723 807 3789 et,
834 3735 860 3771 v.
883 3724 924 3775 34.
950 3728 1096 3796 culpamus
1113 3727 1250 3795 affectum,
1269 3723 1325 3776 uisi
1342 3741 1404 3775 aum
1419 3723 1526 3775 cecedit
1539 3724 1659 3776 madium.
1691 3722 1784 3777 Pauli·

90 3811 243 3864 Iml'll'lass
261 3808 376 3879 Moysen
399 3807 547 3873 9911134,
574 3811 644 3861 1·8-
665 3812 715 3860 etc·
752 3804 923 3876 Stephanum
951 3831 1003 3867 nus
1023 3813 1051 3866 in
1071 3808 1243 3882 panegyrico
1261 3807 1297 3862 ad
1312 3807 1784 3864 Pneumatiumsuavissimisversi-

90 3896 260 3968 sepelierunt
298 3895 354 3948 viri
392 3893 524 3961 relitiott'
558 3899 586 3946 et
623 3891 747 3947 fecerunt
781 3891 922 3963 planctum
950 3900 1019 3955 culis
1049 3896 1178 3968 exprimit
1205 3894 1417 3950 alternationem
1441 3894 1550 3966 piorum
1575 3893 1725 3951 affectuum
1755 3896 1783 3948 in

92 4000 224 4055 magnum
242 3999 325 4052 nuper
345 3998 408 4036 eum
425 3981 518 4034 Actor.
538 3985 562 4046 8,
583 3997 606 4033 V.
625 3983 648 4032 2.
686 3982 712 4031 sl.
735 3979 923 4031 Naturalihue
949 3987 1033 4041 eorde
1050 3984 1096 4056 pie
1115 3982 1282 4054 lugentium:

90 4070 207 4138 sarpis,
240 4085 309 4140 quas
327 4065 446 4137 Spiritus
471 4070 583 4119 sanctus
604 4080 655 4134 per
674 4081 703 4118 se
732 4082 786 4119 nan
810 4064 924 4118 damnat

90 4175 141 4213 nec
170 4154 370 4210 humanitatem
401 4169 433 4207 ex
463 4150 574 4207 homine
603 4150 686 4205 exuit.
738 4154 762 4205 5.
793 4150 922 4218 Regulus

89 4244 228 4299 caritatis.
275 4241 353 4296 Rom.
386 4245 433 4306 12,
461 4257 486 4296 v.
517 4244 560 4294 15:
593 4238 673 4291 Flete
695 4255 757 4291 aum
779 4238 921 4306 flentibus.

90 4334 115 4386 6.
132 4330 228 4401 Ipsius
248 4327 354 4382 Cirs'sti
366 4328 460 4395 sacta.
508 4325 536 4378 Is
554 4324 626 4380 enim
644 4324 743 4379 hauri
765 4324 920 4395 sepulcrum

89 4418 206 4473 intuitus
235 4416 409 4481 lacrymatur
426 4411 488 4468 loh.
511 4418 556 4479 tl,
582 4428 608 4465 v.
630 4416 671 4466 35.
697 4427 731 4466 ex
749 4427 803 4481 quo
820 4410 922 4466 Judaei

89 4504 240 4576 colligunt,
270 4518 330 4554 cccc
355 4500 494 4569 quamodo
521 4498 633 4552 aasubat
658 4515 727 4551 eum.
771 4496 920 4560 Frivolum,

89 4592 145 4645 imo
164 4588 316 4645 absurdum
342 4591 398 4656 est,
430 4586 503 4656 quod
523 4586 552 4640 in
578 4583 695 4641 concilio
712 4582 848 4638 Toletano
869 4582 922 4640 111.

90 4695 115 4735 c.
135 4683 174 4733 22.
195 4675 304 4743 dicitur,
325 4675 402 4743 quod
422 4675 562 4728 Dominus
582 4689 639 4726 aaa
654 4672 766 4740 fleverit
783 4671 920 4724 Lucanam

89 4773 243 4831 manuum,
272 4764 323 4816 sed
342 4763 383 4815 ad
398 4761 482 4832 liujus
499 4762 573 4814 uitae
590 4776 741 4813 aemimnas
763 4758 923 4828 ploraverit

89 4850 319 4906 resuscitamdum.
350 4849 439 4904 Eccur
458 4847 531 4903 enim
550 4846 645 4901 divina
658 4861 711 4900 sua
723 4844 923 4916 omnipotentia

89 4937 167 4991 illum
186 4935 393 5000 resuscitasset,
421 4935 444 4989 si
463 4931 679 4988 resuscitationis
698 4947 768 5002 opus
789 4931 920 5001 lacrymis

89 5024 183 5094 potius
215 5038 296 5093 quam
329 5019 568 5093 congratulatione
600 5018 823 5089 prosequendum
862 5034 922 5072 esse

89 5107 260 5165 censuisset?
298 5106 482 5179 Nequaquam
499 5104 587 5176 igitur
600 5104 758 5159 moderatus
777 5119 810 5158 ac
823 5103 922 5158 decem

91 5196 182 5250 luctus
200 5212 217 5249 a
235 5194 296 5250 Deo
313 5194 340 5248 in
361 5192 510 5265 Scripturis
534 5189 724 5261 improbatur,
752 5188 801 5242 sed
831 5189 922 5247 Stoica

89 5283 181 5354 potius
198 5280 320 5336 iniussa
340 5286 368 5336 et
386 5279 556 5347 ἀναισθησία
570 5277 717 5332 damnatur
736 5289 769 5328 ac
784 5277 924 5346 projectae

89 5369 245 5425 recantatis
263 5373 457 5439 argumentum
476 5364 621 5429 statuitur,
647 5363 674 5417 si
695 5361 810 5431 quaudo
832 5361 924 5429 iustus
950 5363 1075 5419 Eandem
1102 5361 1194 5416 luctus
1215 5358 1430 5416 moderationem
1460 5360 1653 5432 praescribunt
1683 5357 1710 5412 hi
1739 5375 1779 5413 se·

87 5457 217 5531 paritet
236 5472 313 5508 asma
332 5452 501 5522 considerat,
517 5451 580 5506 Esa.
595 5455 636 5520 ti,
656 5467 681 5503 r.
702 5454 724 5504 1.
743 5457 840 5501 contra
859 5465 922 5503 vcro
950 5452 1034 5504 narii:

141 5549 242 5592 essina
255 5548 304 5591 isa
320 5545 377 5590 riu.
1436 5556 1451 5606 5

1021 4104 1168 4168 Gratulm,
1187 4121 1225 4155 au
1242 4102 1379 4156 domam!
1397 4103 1500 4169 dianus
1517 4111 1634 4171 utraque
1650 4117 1729 4171 puer,

985 4194 1073 4261 (sajus
1091 4208 1171 4244 amor
1185 4190 1327 4256 lacrumas
1339 4196 1365 4242 et
1378 4206 1459 4241 amar
1471 4188 1542 4241 milti
1552 4189 1662 4258 gaudia
1670 4189 1780 4255 suadet,

1019 4278 1078 4332 Sed
1095 4278 1221 4347 paudere
1240 4277 1318 4342 fides,
1331 4276 1403 4344 flere
1415 4273 1498 4342 juta
1513 4274 1614 4342 pietas.

985 4365 1056 4418 Tam
1085 4363 1225 4417 modicum
1251 4361 1398 4429 patribus,
1429 4368 1487 4413 tam
1519 4360 1599 4413 dulci
1624 4377 1639 4412 ε
1660 4360 1782 4428 pipuarc

1155 4451 1281 4512 frutetum

1019 4536 1119 4604 Dcflso
1137 4534 1168 4586 ia
1187 4533 1286 4600 euipua
1305 4532 1437 4600 temporis
1455 4545 1514 4584 esse
1535 4533 1639 4587 ἀαιιεπ.

983 4624 1095 4676 lius-suis
1112 4629 1142 4672 ut
1160 4628 1292 4673 aeternae
1310 4619 1381 4671 baua
1399 4618 1478 4671 soluo
1494 4619 1633 4687 perennia
1653 4620 1735 4688 uitae,

1021 4707 1099 4770 Quae
1117 4709 1197 4760 Deua
1216 4705 1246 4757 ia
1265 4707 1344 4760 casia
1359 4713 1519 4774 praeparat
1538 4706 1675 4774 innocuis,

984 4791 1301 4859 naucratiticum
1317 4790 1448 4856 sunctum
1468 4792 1602 4845 mortalia
1623 4793 1707 4856 secla,

1022 4880 1056 4933 Ut
1074 4879 1129 4932 cito
1149 4875 1262 4929 diuitias
1275 4877 1476 4944 perfrueretur
1494 4894 1568 4946 opes.

984 4967 1029 5020 Ne
1051 4973 1163 5018 serrem
1183 4961 1235 5016 diu
1252 4961 1394 5030 cantapia,
1413 4961 1516 5015 mistus
1532 4962 1646 5032 iniquis,

1018 5054 1144 5105 Duceret
1161 5049 1192 5103 ia
1211 5047 1318 5116 fragili
1334 5049 1463 5116 corporis
1480 5047 1610 5119 hospitia.

987 5139 1046 5194 Sed
1064 5137 1144 5192 nullo
1163 5135 1245 5190 istius
1264 5141 1415 5187 temeratus
1433 5135 1548 5188 mimimo
1565 5136 1672 5202 muudi,
1795 5137 1922 5181 11111111.

1018 5223 1144 5291 Dipaius
1162 5231 1306 5276 aeteruum
1324 5222 1449 5276 tenderet
1466 5222 1508 5274 ad
1521 5223 1682 5276 Dominum.
