4104 6014
310 219 368 279 tot
912 209 1034 267 Locus
1051 205 1255 266 VIcasmus
1273 208 1419 267 SEXTUS

308 386 356 422 nos
376 383 424 420 eas
437 366 536 418 masin
549 373 628 419 terra
646 365 778 421 credatis.
801 365 844 425 (Si
862 384 916 420 non
934 365 1045 419 suntin
1063 370 1144 432 terra,
1172 372 1265 418 autem
1303 383 1336 420 eu
1363 365 1541 434 poenitentia
1579 364 1701 418 donatur
1736 363 1796 418 nita
1827 369 1854 417 st
1887 360 2008 417 claritas

309 471 375 524 crgo
393 452 481 507 multo
505 451 595 505 minus
619 451 672 506 sub
696 460 770 507 terra
791 451 819 505 in
838 451 962 506 cavernis
983 452 1143 523 purgatorii.
1171 460 1296 508 aeterno.
1352 451 1488 522 Origenes
1525 450 1553 503 in
1588 447 1707 521 praefat.
1739 449 1785 504 lib.
1816 451 1882 520 arpi
1913 445 2008 520 ἆρχόν

310 539 413 592 Sinon
436 544 501 592 sunt
524 537 553 591 in
580 544 667 602 terra,
692 554 759 607 ergo
785 536 953 607 praestigiae
980 537 1144 611 daemonum
1169 554 1235 608 pag.
1269 542 1335 592 coo:
1374 538 1480 590 Anima
1509 537 1694 590 substantiam
1726 535 1866 605 uitamque
1902 534 2008 589 babens

170 629 383 692 1v11.tot.sunt‚
403 624 514 694 quaudo
533 624 642 678 animae
667 639 696 677 se
719 623 748 677 in
766 624 846 678 terris
866 623 988 693 conspici
1007 630 1036 677 et
1054 621 1143 676 audiri
1166 623 1327 694 propriam,
1355 640 1417 674 cum
1436 640 1469 675 es
1485 623 1536 674 boe
1556 623 1660 674 mundo
1686 619 1856 688 discesserit,
1870 638 1928 692 pro
1947 619 2008 675 mis

310 710 427 781 tingunt.
476 710 507 764 Si
535 717 601 764 sunt
626 709 654 763 in
680 709 768 764 beatis
798 709 910 763 sedibus
935 725 998 762 cum
1025 707 1142 770 Christo,
1171 708 1277 761 meritis
1294 707 1468 775 dispensabit
1486 708 1544 761 siue
1561 707 1635 759 uitae
1652 714 1783 760 octonae
1799 714 1839 759 'ac
1856 705 2008 761 beatitudi-

311 813 378 866 ergo
398 812 454 849 non
467 800 631 866 torquentur
649 794 677 847 in
695 795 760 865 igne
774 794 926 864 purgatorii
939 811 1002 848 cum
1015 792 1144 860 diabolo.)
1170 794 1214 846 nis
1231 793 1540 860 nereditatepositura,
1559 794 1587 845 si
1603 793 1654 847 boc
1673 793 1701 846 ei
1716 810 1770 846 sua
1788 800 1867 862 peste
1881 792 2008 862 maesti·

314 881 462 935 Anselmus
484 881 513 933 in
537 898 634 935 comm.
660 879 764 934 Coloss.
794 886 821 935 t:
847 881 942 933 Morte
963 880 1070 934 Gbristi
1084 896 1145 948 pau
1170 881 1268 948 teniat,
1292 880 1349 932 sius
1367 880 1431 948 ipos
1451 887 1564 932 aeterno
1583 896 1618 931 ac
1636 877 1784 948 suppliciis
1804 878 2008 948 manmpanda,

310 975 392 1019 tanta
411 969 508 1036 effecta
527 974 576 1031 est,
594 974 624 1018 ut
642 982 715 1019 nunc
735 967 847 1019 animae
857 965 1010 1033 justorum,
1030 982 1091 1017 cum
1108 966 1144 1017 de
1170 967 1197 1019 si
1216 965 1246 1019 in
1264 967 1316 1019 boc
1339 983 1401 1018 eam
1427 965 1561 1019 scelerum
1587 966 1673 1034 culpa
1694 965 1852 1018 detorserit.
1888 963 2007 1034 Cypria·

311 1069 428 1120 corpore
457 1061 567 1116 coeunt,
594 1069 657 1104 mou
679 1058 823 1123 penetrent
849 1051 941 1103 coelos
958 1050 1144 1117 pandentibus
1170 1068 1222 1105 nus
1241 1068 1322 1106 serm.
1341 1051 1376 1105 de
1394 1051 1526 1105 mortalit.
1549 1069 1576 1120 p.
1597 1055 1661 1106 212:
1688 1050 1753 1103 Hoc
1771 1049 1927 1118 quadrina
1945 1049 2007 1103 ullo

312 1139 430 1207 onpetr‘s.
461 1137 640 1191 Innocentius
651 1136 702 1193 IV.
720 1137 748 1190 in
767 1135 897 1191 decretal.
911 1135 1038 1206 Gregorii
1056 1133 1104 1192 lib.
1118 1139 1142 1190 9.
1171 1137 1332 1191 discrinrs'ne
1356 1138 1468 1207 poneris
1494 1137 1611 1190 lamani
1632 1136 1704 1203 iusti
1733 1153 1795 1189 cum
1813 1135 1931 1205 injustis
1948 1152 2005 1189 sno·

309 1224 353 1277 tit.
378 1230 420 1279 42.
448 1239 510 1292 cap.
534 1229 557 1279 t.
581 1222 616 1277 de
645 1222 755 1278 ludaeo
782 1222 810 1276 in
837 1221 953 1276 articulo
982 1220 1076 1275 mortis
1105 1220 1141 1273 ad
1168 1224 1288 1292 riantur,
1305 1241 1362 1276 non
1381 1230 1424 1276 est
1441 1223 1518 1294 quod
1532 1223 1647 1292 putetis,
1666 1222 1744 1275 bonis
1757 1229 1784 1275 et
1802 1220 1888 1275 molis
1905 1220 2006 1279 iotari-

309 1309 449 1363 Christum
468 1324 599 1363 converso
619 1308 654 1362 ad
670 1309 831 1378 episcopum
849 1306 1001 1363 Meteonem
1020 1307 1060 1361 sic
1077 1305 1142 1359 scri·
1168 1318 1225 1363 tum
1243 1327 1302 1363 csse
1322 1326 1499 1363 communem.
1534 1309 1586 1361 Ad
1610 1308 1795 1377 refriperium
1817 1307 2004 1374 iustioocass·

308 1394 365 1452 bit:
387 1396 421 1449 Si
439 1396 507 1449 talis
526 1397 656 1449 continuo
674 1396 849 1458 decessisset,
876 1395 918 1446 ad
931 1393 1059 1462 patriam
1074 1409 1141 1463 pro·
1168 1404 1224 1463 tur,
1242 1397 1284 1449 ad
1301 1395 1471 1465 supplicium
1495 1393 1648 1463 rapiuntur
1665 1393 1783 1463 injusti,
1810 1395 1897 1448 datur
1916 1392 2007 1447 tutela

309 1483 385 1536 tinus
402 1481 538 1535 evolasset
554 1488 674 1551 propter
698 1480 870 1533 sacramenti
883 1481 983 1548 fidem,
1013 1477 1064 1531 etsi
1085 1495 1142 1530 non
1167 1482 1332 1549 fidentibus,
1363 1481 1487 1549 perfidis
1521 1496 1624 1549 poeno.
1677 1477 1801 1534 Hilarius
1839 1478 1868 1532 in
1905 1494 2006 1534 comm.

304 1575 426 1636 propter
445 1567 522 1635 fidei
548 1575 761 1622 sacramentam.
809 1564 961 1634 Excipiunt
993 1561 1142 1626 pontificii,
1169 1566 1268 1623 Psalm
1290 1573 1313 1622 2.
1332 1566 1406 1621 eirca
1424 1565 1508 1620 finem
1526 1583 1553 1635 p.
1576 1565 1710 1625 359sNe
1735 1565 1798 1633 quis
1824 1564 1881 1618 sibi
1892 1581 2007 1634 poenae

309 1653 434 1717 animas,
460 1669 532 1722 quae
551 1653 581 1705 in
596 1652 796 1719 purpatorium
814 1652 926 1718 abeunt,
953 1648 1051 1702 itidem
1070 1648 1143 1701 inter
1167 1656 1248 1708 lucro
1267 1654 1340 1707 inter
1355 1669 1448 1706 moros
1461 1652 1573 1719 judieii
1591 1651 1764 1717 blandiatur,
1783 1651 1813 1704 in
1832 1650 1910 1704 breui
1926 1667 2006 1703 nom·

309 1739 404 1793 beatas
421 1738 579 1800 numerari,
605 1737 790 1790 Bellarminus
812 1735 841 1789 iu
865 1751 941 1790 conc.
966 1734 1001 1789 do
1023 1741 1142 1804 quatuor
1168 1756 1220 1808 que
1241 1739 1400 1792 exardescit
1420 1738 1474 1790 ira.
1509 1737 1625 1806 Excipit
1644 1737 1717 1790 enim
1735 1736 1803 1791 illos
1820 1736 1917 1791 rtatim
1926 1736 2006 1791 ultor

309 1824 411 1879 noviss.
439 1840 516 1878 conc.
539 1830 561 1879 t.
590 1820 618 1895 ξ.
641 1830 674 1877 ut
699 1822 793 1894 igitur.
816 1839 850 1874 ae
869 1823 951 1875 illum
975 1837 1083 1890 quoquo
1100 1823 1141 1873 ad
1168 1826 1299 1891 infernus
1317 1831 1343 1877 ct
1362 1825 1526 1877 decedentes
1551 1823 1586 1874 de
1604 1838 1737 1890 corpore,
1765 1822 1794 1875 si
1812 1823 1855 1875 ita
1872 1821 2006 1891 mcerint,

308 1909 433 1978 pluriam
452 1911 573 1976 conseri,
604 1909 654 1978 qui
671 1909 712 1961 ad
735 1908 932 1977 paraetonium
957 1906 1055 1975 aliquo
1076 1914 1140 1960 tem·
1168 1911 1318 1974 confertim
1338 1911 1374 1962 de
1391 1910 1439 1961 uia
1453 1909 1533 1977 justa
1546 1909 1688 1976 peribunt.
1728 1908 1824 1962 Testes
1842 1907 1924 1962 nobis
1940 1917 2007 1963 ssent

304 2013 376 2065 pore
396 1998 556 2064 relepatur,
582 1995 725 2051 Sandaeus
750 1995 778 2048 in
802 1993 900 2064 castig.
924 2009 1014 2048 conse.
1042 1992 1140 2047 tenuit.
1168 1996 1309 2066 eoanpelii
1328 1996 1405 2048 diues
1425 2001 1452 2047 et
1466 2012 1594 2065 pauper,
1623 2012 1741 2063 quorum
1756 2012 1841 2048 sunum
1858 1994 1958 2064 ampeli
1974 1995 2006 2048 in

308 2099 372 2154 pag.
393 2087 451 2138 205.
489 2081 712 2151 Respondemus:
735 2079 866 2136 t.Patres
885 2095 1013 2148 expresse
1034 2078 1140 2143 dicunt,
1166 2083 1279 2137 sedibus
1304 2082 1447 2135 beatorum
1476 2088 1503 2134 et
1529 2081 1558 2134 in
1578 2081 1713 2135 Abrabae
1738 2082 1804 2135 sinu
1831 2080 2006 2150 locam,

308 2169 414 2222 animas
444 2166 567 2222 fidelium
601 2165 797 2236 transmigrare
828 2165 855 2218 in
885 2165 1060 2235 paradisum,
1090 2162 1138 2217 sed
1167 2170 1255 2223 atium
1277 2168 1373 2222 statim
1392 2183 1502 2237 poenae
1527 2169 1606 2236 sepio
1635 2167 1765 2236 suscepit.
1808 2167 1891 2220 Adeo
1910 2173 2004 2220 amem

308 2253 452 2325 paradisus
470 2269 526 2308 non
544 2256 586 2306 est
610 2252 640 2305 in
658 2250 836 2322 purgatorio,
861 2251 910 2306 sed
929 2250 1021 2320 potius
1038 2265 1140 2320 purga-
1167 2255 1261 2309 stasim
1282 2271 1378 2323 possa
1400 2263 1538 2308 mortuum
1563 2255 1686 2322 sucepit,
1717 2262 1747 2308 nt
1778 2253 1864 2306 etiam
1891 2254 2004 2316 fratres

308 2339 408 2394 lorium
427 2346 469 2394 etti
484 2338 512 2392 in
531 2338 652 2401 inferno,
678 2337 726 2408 qui
749 2336 878 2406 paradiso
903 2336 1008 2390 dlreeie
1026 2334 1140 2406 opponi·
1168 2341 1229 2409 rjus
1246 2341 1340 2393 adhue
1357 2341 1386 2393 in
1403 2340 1535 2409 supernis
1548 2347 1699 2393 manerent.
1730 2338 1812 2393 ΝΜ
1824 2337 1870 2392 iric
1888 2338 2005 2392 dilatio·
2020 2351 2051 2389 tt⁴

307 2431 361 2480 tur.
397 2431 421 2480 t.
440 2425 537 2479 Patres
557 2425 667 2489 dicunt,
685 2423 792 2477 animas
810 2421 934 2478 fidelium
954 2421 990 2475 ad
1011 2420 1141 2490 quietem,
1168 2426 1213 2480 „ts
1230 2434 1280 2480 aue
1302 2443 1398 2480 moras
1422 2432 1463 2479 sss
1483 2431 1534 2479 ete,
1576 2424 1713 2479 Macarius
1737 2423 1830 2478 homil.
1856 2429 1899 2480 22,
1921 2423 2004 2494 enjus

306 2510 442 2567 laetitiam
461 2517 490 2564 et
506 2509 623 2580 gloriam
641 2509 794 2579 pervenire,
813 2506 842 2561 id
860 2524 924 2564 sero
942 2507 977 2562 de
995 2505 1140 2560 animabus
1168 2513 1309 2586 ῥηψραφὴ
1334 2519 1376 2566 est
1406 2514 1442 2565 ds
1465 2512 1577 2580 duplici
1597 2512 1672 2564 sessu
1692 2511 1903 2566 decedentium.-
1933 2509 2005 2564 ann

307 2597 337 2651 in
355 2595 516 2668 purgatorio
534 2593 725 2650 aestuantibus
743 2593 798 2649 dici
815 2593 926 2665 nequit,
949 2592 1014 2662 quia
1034 2593 1058 2647 si
1078 2591 1140 2646 Bel·
1167 2600 1263 2653 anima
1281 2599 1432 2653 decesserit
1452 2615 1467 2650 e
1484 2615 1601 2670 corpore
1621 2598 1760 2667 bominis,
1787 2605 1854 2652 tunc
1871 2613 2005 2667 mapnum

307 2683 424 2737 larmino
453 2681 501 2736 lib.
521 2687 545 2737 2.
576 2681 612 2736 de
635 2697 715 2750 purg.
742 2696 803 2750 cap.
832 2685 871 2735 l'l.
896 2684 925 2735 et
947 2678 1079 2750 Gregorio
1106 2677 1141 2732 de
1167 2688 1310 2755 quoddam
1329 2685 1478 2754 peropitnr
1497 2685 1664 2752 musterium
1700 2686 1777 2739 Nam
1795 2685 1823 2738 si
1837 2684 1929 2748 fusrs't
1947 2683 2005 2739 uto

309 2769 440 2825 Valentia
464 2775 530 2823 tom.
556 2772 580 2822 4.
607 2766 739 2837 disputat.
759 2772 799 2823 lt.
827 2771 933 2836 quaest
954 2771 977 2821 l.
1003 2769 1098 2835 punct.
1117 2768 1140 2818 3.
1165 2773 1275 2842 peccati
1296 2788 1362 2834 rea,
1389 2772 1527 2824 accedunt
1553 2770 1634 2824 elteri
1659 2772 1826 2825 daemonum
1852 2778 1878 2823 ct
1905 2769 2006 2839 onpsli

307 2852 335 2928 ᾖ.
362 2862 476 2925 quarta,
506 2853 576 2908 fidet
601 2859 643 2909 eti
676 2852 818 2920 habenda,
845 2866 951 2921 poenas
976 2851 1141 2920 perpulerit
1166 2857 1279 2911 sinistri
1310 2874 1344 2911 as
1379 2863 1532 2926 potestates
1568 2857 1745 2910 tenebrarum
1784 2854 2004 2925 apprehendunt

306 2951 364 2995 tom
383 2958 482 3011 praees
500 2949 563 2994 sunt
577 2947 602 2993 et
618 2939 744 3006 acerbae,
763 2946 794 2990 ut
806 2939 889 3006 lonps
906 2945 1036 3007 superent
1048 2953 1141 2989 omncs
1167 2943 1292 2996 animam
1316 2942 1397 2996 illam
1422 2949 1448 2994 et
1463 2941 1583 3009 imperio
1608 2960 1658 2995 suo
1683 2941 1862 3008 sssbjupatam
1885 2939 1916 2993 in
1935 2957 2005 2995 atas

305 3045 428 3096 poenos,
459 3043 531 3096 quae
556 3024 676 3078 tolermi
697 3030 816 3094 possunt
843 3024 874 3075 in
897 3023 951 3076 boe
969 3024 1043 3091 uita,
1074 3024 1140 3092 puin
1166 3037 1263 3098 partes
1290 3028 1462 3097 pertrabunt
1488 3031 1539 3081 ete.
1592 3025 1674 3088 Quod
1702 3035 1793 3080 autem
1820 3042 1867 3079 res
1900 3024 1944 3078 ito
1973 3040 2004 3078 so

308 3114 392 3168 ctiam
413 3113 448 3166 ab
467 3113 537 3182 ipsis
563 3110 673 3174 inferni
687 3110 803 3179 poenis,
830 3110 969 3162 duntaxat
994 3108 1142 3161 duratium
1167 3115 1285 3178 labeas,
1302 3131 1335 3168 ss
1355 3130 1389 3167 ea
1402 3121 1489 3182 parte
1502 3120 1584 3182 potes
1604 3112 1776 3181 intempore,
1798 3127 1870 3180 quae
1889 3111 2004 3169 felicio·

309 3200 528 3267 distinpuuntur,
546 3197 577 3249 in
596 3197 661 3265 ipsa
681 3203 773 3249 aretem
790 3196 940 3249 acerbitate
959 3202 985 3248 st
1001 3195 1141 3263 pravitate
1167 3201 1209 3254 ris
1227 3208 1267 3253 est
1288 3199 1473 3267 conditionis,
1498 3199 1637 3268 siquidem
1660 3215 1695 3253 crs
1713 3198 1860 3267 praesenti
1877 3204 2006 3266 tempore

310 3287 482 3338 conveniunt.
531 3287 555 3337 3.
588 3280 704 3352 lpsimct
732 3279 873 3336 Pontificii
904 3280 1095 3352 purgatorium
1123 3296 1142 3335 a
1166 3286 1271 3340 sanctis
1288 3287 1348 3338 Dei
1375 3285 1463 3340 smum
1490 3285 1626 3338 assistunt
1655 3283 1751 3352 ampeli
1774 3300 1809 3336 oc
1832 3283 1927 3337 sancti
1955 3282 2007 3338 illi

307 3369 385 3425 coelo
419 3376 447 3424 et
485 3367 613 3439 gebenna
648 3365 837 3437 distinguunt,
881 3368 1019 3437 quomodo
1054 3366 1140 3438 igitur
1166 3373 1284 3443 spiritus
1298 3369 1874 3439 circumdantatquemutodiunt,eumquc
1883 3369 2005 3423 scissim

307 3457 416 3511 animae
433 3454 498 3508 illae
527 3452 563 3507 ad
582 3450 689 3506 coelum
708 3451 816 3506 evolare
834 3451 889 3507 dici
909 3457 1041 3523 possunt,
1068 3469 1140 3523 quac
1166 3476 1181 3513 e
1205 3474 1322 3527 corporo
1347 3455 1412 3521 boc,
1436 3456 1533 3522 anpsli
1557 3472 1651 3508 eorum
1672 3462 1817 3508 assumunt
1842 3453 1955 3507 animas
1973 3453 2005 3508 in

307 3542 337 3598 iu
352 3539 507 3612 purgatorii
533 3555 671 3594 carcerem
701 3537 904 3592 denuduntur?
948 3545 972 3593 t.
995 3539 1140 3603 Quomodo
1165 3550 1372 3612 suampcrtem
1390 3541 1420 3594 in
1437 3542 1621 3610 secutopuro
1640 3539 1723 3594 etsie
1741 3541 1949 3594 adducuntsas
1962 3541 2006 3595 ad

307 3628 347 3698 pii
373 3636 401 3681 et
426 3626 523 3680 fideles
550 3631 648 3678 contra
670 3629 785 3677 mortem
812 3623 927 3678 animari
952 3630 1082 3694 possunt,
1107 3631 1140 3678 ut
1167 3629 1328 3684 Dominum.
1372 3626 1543 3681 Athanasius
1568 3631 1674 3697 quaest.
1697 3630 1735 3681 19.
1762 3625 1799 3680 ad
1821 3624 1953 3681 Antiocb
1972 3624 2004 3680 in

307 3731 361 3768 non
391 3712 480 3767 solum
507 3710 678 3777 voluntario,
716 3711 766 3763 scd
796 3717 824 3764 et
852 3709 925 3765 laeto
954 3710 1046 3764 animo
1076 3727 1138 3765 eam
1166 3715 1267 3785 prino:
1293 3717 1340 3767 Ea
1359 3712 1517 3782 Scrspturss
1540 3713 1691 3776 discimus,
1718 3713 1796 3781 quod
1816 3720 2004 3782 pcccatorum

307 3798 461 3852 venientem
498 3796 650 3865 excipiant,
688 3803 775 3865 utque
813 3796 842 3850 in
876 3796 1056 3852 translatione
1088 3815 1139 3852 sua
1166 3801 1278 3854 animae
1296 3800 1420 3862 inferius
1447 3800 1524 3852 omni
1552 3806 1630 3851 terra
1656 3806 1682 3851 st
1701 3798 1777 3851 mori
1792 3798 1944 3869 smistant,
1970 3804 2004 3852 ut

305 3884 463 3955 gaudeant,
500 3881 524 3935 si
555 3881 709 3953 purgatorii
742 3882 838 3951 poenis
871 3882 991 3937 terrendi
1021 3888 1085 3937 sunt
1112 3891 1140 3938 et
1167 3886 1256 3954 inquit
1276 3885 1423 3939 Psalmus:
1448 3885 1484 3938 In
1502 3884 1624 3937 tenebris
1642 3891 1669 3936 ct
1686 3884 1716 3936 s'n
1733 3884 1834 3937 umbra
1852 3885 1954 3938 mortis
1974 3892 2002 3938 et

306 3967 500 4025 examinandi?
1165 3973 1231 4025 lacu
1252 3972 1364 4039 infimo,·
1390 3970 1531 4037 justorum
1554 3978 1647 4022 autem
1670 3969 1781 4024 animae
1804 3969 1834 4023 in
1854 3970 2002 4038 paradiso

175 4069 196 4111 a
210 4071 260 4111 ouo
341 4061 401 4112 tta.
437 4057 549 4113 Sextum
568 4055 682 4109 classem
701 4055 840 4125 complent
857 4053 934 4107 dicta
950 4053 1012 4117 illa,
1031 4053 1061 4107 in
1079 4055 1138 4122 pni-
1165 4064 1243 4126 sunt,
1280 4057 1313 4110 id
1343 4057 1420 4124 quod
1452 4056 1487 4108 de
1521 4055 1632 4109 latrone
1661 4056 1691 4109 in
1723 4071 1805 4109 cruce
1836 4055 2000 4111 didicimus.

177 4127 266 4212 iiiiii?
307 4143 357 4197 bus
375 4144 433 4197 duo
451 4149 557 4194 tantum
575 4141 735 4193 animorum
753 4139 933 4210 receptacula
952 4146 1091 4205 statuunt,
1108 4138 1138 4190 in
1166 4144 1353 4213 Hieronymus
1371 4142 1400 4196 in
1419 4158 1517 4196 comm.
1541 4158 1601 4211 cap.
1623 4146 1648 4198 9.
1667 4142 1765 4196 Amos:
1797 4141 1919 4204 Quando
1937 4143 2001 4196 ani·

176 4234 294 4324 Qum·
307 4246 378 4299 quoe
401 4231 513 4283 animae
532 4245 564 4280 ca
584 4227 749 4296 corporibus
775 4228 935 4280 secedentes
957 4225 1137 4292 collipuntur,
1165 4247 1211 4282 ma
1242 4229 1362 4282 uinculis
1395 4229 1494 4281 locata
1522 4227 1667 4296 corporeis
1698 4227 1824 4295 volandi,
1850 4245 1907 4297 quo
1933 4227 2002 4283 colit

176 4331 284 4366 nuruum.
305 4315 411 4370 coelum
429 4315 535 4368 scilicet
555 4321 581 4367 et
598 4313 754 4380 infernum,
780 4312 890 4365 tertium
913 4327 977 4364 uero
1001 4311 1093 4366 locum
1112 4319 1137 4363 et
1165 4317 1293 4383 sineque
1319 4315 1361 4367 ire
1386 4314 1577 4382 compellitur,
1608 4312 1735 4367 babuerit
1751 4313 1923 4383 libertatem,
1950 4322 2002 4369 out

304 4411 405 4456 statum
432 4400 627 4454 intermedium
663 4399 767 4451 diserte
798 4397 957 4453 excludunt.
1009 4396 1137 4450 surtinus
1157 4390 1340 4464 ¹adinferna
1358 4401 1483 4462 ducetur,
1503 4399 1653 4467 dequibus
1671 4399 1808 4468 scriptum
1826 4407 1882 4454 ost:
1901 4401 1939 4455 In
1955 4401 2001 4456 in·

304 4487 366 4540 loco
384 4487 508 4556 proxime
529 4486 627 4540 citato:
653 4485 802 4538 Justorum
824 4484 935 4535 animae
950 4490 1017 4552 post
1036 4483 1137 4535 coitum
1159 4489 1248 4551 serno
1272 4486 1334 4555 quis
1353 4485 1526 4554 confitebitur
1547 4484 1598 4538 tibi
1605 4485 1619 4537 i
1646 4492 1696 4537 aut
1715 4492 1789 4538 certo
1808 4489 1848 4539 ad
1866 4487 2002 4541 eoelsdia

305 4589 456 4640 ocorpore
472 4573 568 4625 statim
587 4572 618 4623 in
629 4571 802 4639 paradisum
816 4569 973 4636 abanpelis
990 4570 1138 4630 ducuntur,
1164 4572 1362 4627 alienabitur.
1412 4570 1535 4641 (Excipit
1560 4569 1763 4635 Bellarminua,
1795 4572 2002 4642 Hieronymum

305 4658 475 4725 injustorum
493 4666 584 4711 aretem
602 4658 714 4710 arsimus
739 4655 770 4707 in
792 4654 856 4707 loeo
875 4653 997 4719 inserui,
1023 4670 1081 4721 pro
1106 4670 1138 4707 eo
1162 4658 1243 4728 loqui
1278 4676 1333 4712 non
1379 4657 1414 4710 ds
1443 4664 1531 4709 morte
1570 4656 1712 4720 naturali,
1752 4659 1804 4710 sed
1846 4659 1882 4712 de
1924 4659 2001 4713 solu·

305 4750 389 4810 atque
407 4743 514 4795 dictum
532 4750 571 4795 est
590 4743 625 4795 ds
642 4740 919 4794 Nabuchodonosore
936 4738 1137 4806 repeBabplo·
1163 4745 1236 4798 eisne
1282 4745 1393 4797 animos
1440 4758 1459 4794 a
1507 4758 1624 4810 corpora
1664 4759 1719 4811 per
1769 4743 2000 4814 speculationem,

304 4827 365 4879 nis.-
389 4827 527 4889 Infernas
554 4828 648 4881 subter
674 4827 852 4880 exacerbatus
877 4832 918 4878 est
939 4825 968 4877 in
992 4841 1136 4878 occursum
1163 4828 1385 4898 Respondemus:
1426 4827 1449 4881 si
1486 4826 1515 4880 in
1552 4827 1605 4882 bac
1640 4827 1698 4882 rita
1722 4828 1865 4898 quaelibet
1906 4830 2003 4887 anima

303 4915 440 4966 aduentus
464 4913 514 4968 tui.
555 4915 595 4968 Et
618 4920 798 4967 asservantur
822 4925 945 4979 praepos
971 4910 1001 4962 in
1019 4909 1090 4964 locis
1108 4928 1138 4964 sc
1163 4920 1213 4969 aut
1242 4920 1285 4969 est
1314 4913 1379 4976 lilia
1412 4913 1471 4965 Dei
1495 4911 1531 4966 ad
1549 4913 1668 4968 coeleste
1696 4930 1812 4984 regnum
1847 4916 2001 4985 pertinens,

305 4998 401 5069 dipsis
428 5014 514 5066 mque
545 5000 586 5051 od
609 4997 826 5052 resurrectionis
850 5005 876 5049 et
903 4972 1151 5064 compensationisi
1165 5008 1214 5055 aut
1238 5001 1302 5065 filio
1327 4999 1439 5053 diaboii
1458 4998 1517 5070 igni
1546 4997 1673 5053 infernali
1703 5000 1874 5070 mancipata,
1902 5001 2003 5074 utique

305 5087 386 5139 diem.
418 5084 550 5139 irenaeus
570 5082 618 5139 lib.
641 5089 663 5138 l.
682 5083 745 5140 adv.
764 5082 868 5138 haeres.
888 5098 949 5151 cap.
963 5087 986 5136 t.
1005 5098 1069 5152 pag.
1088 5086 1135 5137 at:
1166 5086 1249 5141 etiam
1268 5085 1298 5140 iu
1316 5091 1403 5140 morta
1420 5102 1474 5139 non
1493 5084 1577 5139 debet
1596 5085 1682 5138 statui
1699 5085 1878 5141 intermedius
1896 5086 2002 5158 aliquis

303 5172 400 5242 Impii,
419 5170 527 5241 injusti,
545 5169 637 5240 iniqui
656 5177 683 5223 et
704 5169 859 5238 blasphemi
874 5168 998 5222 bominac
1025 5169 1135 5220 mittun·
1164 5177 1264 5228 status,
1300 5170 1383 5224 Adde
1404 5171 1479 5242 quod
1504 5186 1640 5241 perquam
1662 5170 1762 5226 durum
1783 5170 1821 5224 sit
1845 5170 1880 5225 de
1906 5171 2003 5228 anim·

303 5260 397 5313 turin
421 5257 513 5326 ipnem
532 5263 687 5319 ostensum,
704 5255 794 5324 justis
818 5262 909 5307 autem
934 5261 960 5308 et
975 5261 1133 5322 praecepta
1162 5274 1211 5327 per
1238 5255 1453 5327 speculationem
1480 5260 1617 5327 evagante
1643 5255 1771 5327 accipere
1800 5255 1887 5324 illud,
1920 5260 2001 5327 quod

306 5346 411 5404 Christi
426 5342 599 5396 servantibus
619 5349 646 5394 et
664 5340 695 5392 in
708 5342 856 5394 dilectione
876 5339 938 5409 ejus
947 5356 1130 5409 perseuerare·
1161 5343 1282 5396 uinculis
1297 5344 1442 5412 corporeis
1460 5342 1584 5409 laudm
1611 5342 1741 5412 quodque
1760 5341 1845 5397 abeat
1867 5359 1916 5409 eo,
1940 5360 2000 5417 quo

303 5433 392 5502 tibus,
426 5431 592 5503 quibusdam
625 5428 737 5502 quidem
764 5427 801 5481 ab
829 5425 927 5494 initio,
964 5426 1132 5497 minanam
1162 5428 1202 5487 ire
1220 5429 1416 5504 compellitur.)
1451 5427 1617 5500 “Ephrem
1634 5432 1701 5485 tom
1720 5434 1744 5485 1.
1761 5433 1842 5487 matt.
1859 5427 1897 5493 (ie
1916 5446 2000 5490 m.
