4074 6022
186 314 247 372 468
801 296 1031 360 Tuacra'rus
1049 299 1248 361 SECUNDUS

186 460 404 529 15.·Sclepleiua
430 458 458 512 in
477 458 663 513 Autisimonio
689 463 755 516 sect
781 463 803 514 9.
832 477 861 530 p.
882 463 949 515 tto:
984 455 1018 511 Si
1042 456 1226 512 animantium
1243 474 1346 523 rerum,
1365 462 1515 529 quaairsde
1523 459 1701 530 proueniunt,
1719 474 1772 513 uec
1784 466 1875 513 umen

188 547 378 621 proprietatea
393 546 522 616 eorporis
542 545 663 613 plariori
678 546 755 601 aliae
767 553 839 614 aaut,
858 546 941 600 etiam
954 544 1013 599 aub·
1044 543 1074 596 in
1097 544 1200 599 semme
1224 545 1337 599 arboria
1358 546 1489 601 uidentur
1507 549 1638 616 fructus,
1661 547 1770 616 staret,
1794 546 1878 610 folia.

186 635 298 704 jectum,
315 648 413 701 nempe
431 632 589 686 substantia
607 633 735 703 eorporis
753 633 873 703 plorioai
883 633 945 687 clia
958 632 1017 687 erit.
1044 631 1126 700 rami,
1146 639 1248 702 emen,
1267 639 1391 701 tranare,
1408 650 1469 687 cum
1487 632 1615 704 alioquin
1633 633 1665 687 in
1683 633 1739 688 ilio
1756 633 1835 688 ratio
1852 639 1878 687 st

190 720 227 775 Et
249 723 349 791 postea
376 717 522 790 distinguit
545 719 617 774 inter
635 719 817 773 substantiam
836 719 955 774 taminia
974 735 1018 772 re·
1044 717 1087 771 ris
1098 718 1198 772 borssm
1209 719 1332 773 omnium
1347 719 1463 774 assistat
1468 741 1480 791 ,-
1498 721 1539 774 rio
1558 736 1588 774 aa
1607 719 1878 775 renumeraret

190 806 330 876 surgentis
349 808 378 859 et
396 804 469 859 iuter
478 805 662 860 substantiam
674 807 810 876 eorporis,
830 805 1019 877 hominemque
1046 804 1075 857 in
1094 805 1232 860 cineribm
1255 813 1281 859 et
1303 807 1420 861 ruram
1443 824 1592 878 corporum
1610 814 1773 862 nostrorum
1793 815 1877 862 matu

189 895 305 947 eandm
334 909 390 945 non
424 899 516 947 atatem
547 893 623 946 idem
649 908 752 961 corpus
777 894 841 960 fore
869 892 1019 962 concludit,
1047 888 1108 959 ria,
1129 908 1163 944 σσ
1179 891 1234 944 uim
1253 891 1335 945 illam
1352 901 1432 948 uocat
1452 894 1661 969 σπινθηρισμὸν
1681 899 1731 950 καλ
1750 891 1879 966 ἀνιέρων

189 995 252 1034 cum
277 995 333 1050 quo
360 977 499 1033 consentit
524 977 593 1031 illud
618 976 715 1032 Alberi
739 977 768 1032 in
788 983 858 1033 erat.
879 978 914 1034 de
931 996 1020 1035 resur·
1048 977 1091 1030 rel
1108 981 1141 1031 nt
1157 976 1288 1032 Erasmus
1308 979 1336 1034 in
1354 979 1466 1035 scholiis
1484 980 1520 1036 ad
1529 979 1733 1052 Hieronymum
1753 981 1879 1037 emenda-

190 1071 255 1119 rect.
281 1063 329 1119 ubi
354 1062 496 1133 disputat,
529 1080 562 1118 ea
590 1072 710 1134 quatuor
729 1064 871 1119 elementis
888 1072 1022 1135 tanquam
1048 1060 1101 1128 vit,
1123 1059 1264 1135 σωτήριον,
1289 1065 1364 1136 quod
1384 1072 1426 1120 eat
1443 1067 1681 1122 eonsmuatorium
1697 1067 1745 1122 rei
1762 1069 1880 1122 cunina

191 1168 224 1206 ee
244 1167 315 1205 nara
333 1151 453 1203 materia
471 1151 608 1220 conflatos
621 1150 974 1218 taminesreeurreeturoa,
994 1159 1023 1206 ut
1050 1148 1123 1201 rium
1141 1156 1327 1219 moratorum,
1355 1151 1384 1205 id
1412 1158 1505 1208 antem
1527 1154 1617 1208 tradit
1636 1154 1749 1224 judieii
1767 1156 1882 1209 mereat

191 1236 233 1290 sic
250 1236 385 1291 identitaa
405 1254 461 1289 non
480 1238 508 1290 in
528 1236 646 1290 humani
661 1239 790 1308 corporis
814 1238 949 1307 materia,
973 1240 1024 1291 aad
1050 1241 1173 1304 tempora
1204 1238 1425 1306 perminaturum
1460 1248 1488 1295 et
1517 1241 1730 1311 pullulaturum
1760 1240 1882 1295 bumana

192 1329 300 1377 tantum
319 1324 348 1376 in
368 1324 431 1393 ejus
447 1324 556 1392 forma,
579 1323 613 1377 id
635 1331 675 1376 eat
693 1324 804 1394 anima,
829 1325 866 1378 ait
890 1325 1024 1379 restiturus
1050 1336 1180 1390 corpora,
1198 1325 1251 1377 sed
1267 1341 1323 1377 nou
1341 1342 1456 1395 cumea,
1474 1344 1540 1381 oaaa
1559 1335 1586 1381 et
1603 1328 1785 1396 sanprrinem,
1803 1345 1839 1382 ae
1855 1328 1883 1381 ia

194 1418 278 1480 atque
307 1409 371 1463 ideo
403 1409 479 1463 idem
510 1425 625 1464 numero
649 1411 730 1464 bomo
751 1418 871 1481 propter
892 1412 1025 1480 smmum,
1051 1407 1138 1462 coelia
1157 1425 1228 1478 apua
1245 1410 1396 1465 habeamus
1413 1412 1489 1478 cibo,
1512 1421 1594 1485 potu,
1620 1414 1745 1485 nuptiis,
1765 1413 1883 1469 mnsam·

195 1497 229 1551 id
246 1504 286 1550 eat
307 1495 440 1566 animam,
458 1503 667 1550 resurrecturus
685 1497 807 1553 dicutur.
845 1496 943 1569 (Atqui
966 1496 1025 1552 usi
1052 1493 1102 1547 besa
1122 1499 1172 1549 etc.
1428 1559 1431 1565 .

196 1583 271 1637 idem
301 1583 382 1636 bomo
414 1587 555 1653 resurget,
586 1581 682 1653 ntique
707 1582 790 1637 etiam
816 1584 890 1637 idam
916 1601 1026 1653 corpus,
1086 1584 1127 1634 λλ.
1154 1579 1327 1653 Argumenta
1355 1583 1574 1641 adversariorum
1593 1584 1702 1655 potiora
1721 1583 1793 1640 haec
1812 1579 1922 1671 κοσμῇ

196 1667 262 1739 quia
285 1672 378 1738 partes
403 1667 561 1723 urentiales
586 1667 705 1722 hominis
726 1674 791 1724 sunt
809 1669 902 1725 anima
921 1675 950 1724 et
967 1686 1025 1725 eor-
1053 1668 1075 1720 l.
1087 1681 1120 1719 eu
1131 1668 1246 1722 maculo
1258 1668 1922 1741 Saloutariablatth.20,v.³⁰.11uc20,r.³t:so

197 1771 258 1824 pus.
295 1759 318 1808 2.
339 1752 369 1810 Si
387 1753 518 1809 identitas
536 1753 644 1809 animas
665 1754 814 1827 requiritur
841 1756 876 1810 ad
897 1756 1025 1813 identita·
1052 1753 1126 1807 Filii
1142 1755 1357 1810 ressurectionu
1377 1767 1460 1811 erunt
1480 1755 1621 1829 ἰσάγγελοι
1640 1763 1686 1814 καλ
1704 1757 1741 1822 ὡς
1759 1733 1922 1832 ι’ίγγελοοξ.Ι

196 1845 252 1895 tem
269 1839 403 1909 hominis,
429 1841 526 1912 utique
546 1840 629 1895 etiam
649 1841 778 1897 identitas
797 1842 932 1914 corporis,
960 1843 1026 1914 quia
1052 1839 1134 1908 Erue
1151 1838 1181 1893 in
1199 1840 1356 1909 anaeticum
1374 1851 1506 1898 naturam
1525 1853 1727 1902 eonon-tantur.
1759 1836 1920 1918 limpor-¹²

198 1928 257 1981 sela
274 1926 366 1982 anima
384 1944 440 1981 non
458 1926 614 1997 esthemo,
636 1928 685 1982 aad
701 1929 792 1983 anima
812 1929 921 2001 corpori
940 1929 1025 1986 unita.
1053 1923 1166 1980 demus:
1200 1932 1224 1982 1·
1244 1926 1396 1983 similitudo
1422 1946 1477 1984 uon
1504 1938 1547 1986 est
1572 1930 1723 2002 identitas,
1754 1930 1883 2005 ὁμοιότης

198 2019 221 2070 3.
241 2013 271 2067 Si
291 2014 387 2070 eadem
402 2030 516 2069 numero
533 2020 813 2086 corporaresurgont.
832 2017 928 2087 utique
943 2017 1026 2073 aliam
1052 2016 1098 2066 sei
1124 2010 1216 2083 ludens
1238 2030 1294 2068 11011
1314 2021 1357 2070 eet
1379 2015 1473 2070 stetim
1491 2014 1632 2087 raira'rsp.
1669 2024 1692 2074 2·
1715 2018 1882 2074 Iurertimus

89 2117 183 2162 mer.
197 2100 346 2156 assentiam
375 2118 431 2156 non
463 2099 625 2169 habebunt,
660 2101 727 2172 qnia
756 2103 848 2158 unitas
878 2104 1027 2159 numeralia
1053 2099 1138 2171 igitur
1157 2107 1357 2172 argumentum.
1394 2101 1475 2157 Beati
1492 2109 1574 2158 erunt
1592 2104 1700 2160 simum
1720 2107 1766 2162 val
1784 2122 1882 2178 aequa·

197 2188 396 2260 praesupponit
414 2187 548 2243 unitatem
568 2187 750 2243 essentialem.
783 2189 860 2245 tEx
875 2191 1028 2245 mutatione
1054 2186 1094 2242 les
1110 2187 1225 2258 augelis.
1261 2187 1336 2260 Ergo
1356 2204 1412 2243 nen
1431 2196 1514 2244 eruut
1531 2191 1633 2263 angeli.
1667 2192 1752 2256 Quod
1771 2193 1801 2247 iu
1820 2193 1882 2248 ulte

86 2266 89 2272 ’
197 2274 397 2347 proprietatum
415 2292 472 2328 non
491 2280 585 2345 potest
607 2273 701 2330 inferri
721 2275 836 2331 mutatio
857 2276 943 2346 ipsius
964 2277 1028 2333 sub·
1053 2272 1110 2327 rius
1128 2272 1310 2329 substantiam
1328 2280 1520 2345 commutatur,
1538 2277 1640 2333 desinit
1651 2278 1693 2333 illi
1708 2294 1771 2335 esse
1785 2280 1882 2347 ansus,

194 2361 272 2433 jecti,
290 2360 358 2432 qnia
375 2360 451 2415 alind
469 2365 512 2416 est
529 2361 702 2418 substantiae
720 2363 855 2432 alteratio,
873 2363 949 2418 aliud
963 2380 1028 2419 vero
1054 2375 1087 2413 ac
1106 2358 1138 2413 lit
1157 2360 1247 2426 Mem,
1273 2361 1424 2418 similitude
1442 2362 1515 2417 anim
1534 2363 1570 2418 ad
1588 2363 1733 2420 minimum
1752 2371 1798 2422 est
1815 2366 1883 2422 inter

198 2446 327 2515 abolitio,
356 2463 389 2502 ac
418 2451 509 2518 potest
539 2464 595 2502 una
622 2448 774 2520 eademque
798 2449 954 2505 substantia
969 2450 1029 2506 sino
1054 2445 1118 2504 duo.
1157 2445 1202 2502 Sic
1220 2462 1320 2519 equum
1340 2449 1368 2502 in
1388 2448 1483 2503 vinum
1507 2466 1667 2506 conversam
1686 2468 1772 2508 neme
1796 2457 1883 2524 petest

199 2534 241 2587 sui
267 2531 415 2589 abolitione
440 2548 473 2588 ac
498 2533 638 2589 essentiali
659 2535 812 2591 mutatione
832 2535 941 2592 diversa
960 2536 1027 2591 reei·
1053 2531 1145 2587 dieue
1163 2531 1227 2587 vino
1246 2532 1369 2600 similem,
1388 2535 1454 2606 quia
1474 2534 1557 2591 desiit
1573 2552 1633 2593 esse
1652 2553 1737 2609 aqna.
1768 2543 1794 2594 3.
1808 2536 1883 2594 Beati

199 2636 265 2690 pere
284 2618 449 2676 accidentia'.
487 2618 564 2676 Sicut
583 2621 690 2677 ratione
708 2622 881 2678 substantiae
900 2640 955 2679 non
974 2622 1029 2678 tuit
1054 2623 1136 2674 erunt
1153 2618 1296 2693 ἰσάγγελοι
1314 2637 1369 2676 neu
1388 2637 1438 2692 per
1458 2623 1605 2676 essentiam
1618 2633 1754 2689 naturae,
1773 2627 1827 2679 aad
1833 2642 1882 2697 per

199 2706 276 2761 aliud
296 2723 397 2775 corpus
418 2706 447 2760 in
461 2706 579 2778 Adamo,
599 2708 674 2778 quod
693 2714 757 2764 ante
774 2708 883 2780 lapsum
902 2715 962 2765 erat
979 2709 1029 2764 im·
1055 2705 1272 2760 eouvmumun
1292 2707 1461 2776 qualitatum
1481 2719 1507 2763 et
1523 2708 1648 2779 pieriae,
1678 2711 1755 2766 unde
1775 2729 1831 2768 nen
1846 2710 1881 2765 di·

199 2793 328 2863 mortale,
358 2800 422 2863 post
445 2792 553 2865 lapsum
581 2795 710 2864 mortale,
743 2795 859 2851 aionon
883 2796 935 2852 erit
953 2797 1029 2852 aliud
1055 2799 1155 2848 cuntur
1175 2789 1297 2865 ἄγγελοι,
1316 2793 1365 2849 sed
1383 2794 1470 2849 futuri
1487 2794 1523 2857 ὡς
1539 2793 1661 2866 ἄγγελοι
1695 2803 1719 2854 i.
1741 2796 1922 2854 idoctori-¹¹¹

199 2897 298 2952 cerpus
317 2885 453 2950 nostrum,
473 2882 548 2951 qued
565 2881 593 2936 in
614 2880 666 2937 bac
684 2882 741 2937 vita
760 2888 803 2937 est
819 2883 947 2954 mortale,
965 2890 1030 2955 post
1054 2876 1151 2949 ligitur
1177 2896 1210 2934 ex
1230 2896 1322 2950 scopo.
1362 2879 1495 2951 Disputat
1513 2879 1640 2936 Christus
1658 2889 1758 2939 contra
1778 2883 1881 2941 Saddu-

200 2966 428 3023 resnrrectiouam
454 2968 627 3038 immortale.)
669 2968 747 3025 Idem
773 2969 928 3042 Scbegltius
957 2971 983 3026 d.
1012 2972 1030 3028 l.
1056 2980 1137 3019 eeees
1162 2981 1308 3036 corporum
1331 2966 1559 3022 resurrectionem
1579 2984 1612 3023 ex
1628 2967 1754 3025 mulieris
1772 2977 1882 3043 septem-

201 3071 321 3124 corpora
353 3054 481 3124 plordoaa
511 3057 649 3109 materiae
679 3057 806 3126 expertia
831 3058 896 3123 fore
925 3057 1030 3125 statuit,
1056 3050 1131 3107 virae
1158 3053 1283 3125 exemplo
1309 3052 1508 3109 absurditatem
1530 3053 1645 3110 rationlt
1662 3054 1824 3114 involvente
1839 3074 1882 3130 ep·

202 3161 264 3196 eum
294 3141 395 3203 fictura
426 3141 483 3193 siut
512 3141 706 3196 immutabilia.
753 3141 851 3214 (Atqui
882 3148 904 3198 l.
929 3143 1031 3218 veritas
1056 3143 1226 3210 pugnantes,
1259 3155 1292 3193 ac
1316 3146 1416 3211 negat,
1448 3156 1564 3211 corpora
1589 3142 1820 3200 resuscitatorum
1840 3160 1884 3217 per

202 3228 324 3298 corperis
340 3225 457 3298 requirit
474 3226 558 3281 etism
575 3227 719 3282 veritatem
736 3228 875 3298 materiae,
894 3247 956 3284 eum
970 3248 1031 3285 cor·
1057 3225 1262 3296 generationem
1294 3226 1503 3298 multiplicanda
1535 3235 1563 3283 et
1596 3231 1796 3304 propaganda,
1826 3248 1882 3288 eun

198 3333 256 3385 pus
274 3314 333 3369 aine
353 3313 473 3366 materia
490 3314 589 3379 faeere
607 3312 643 3366 ait
661 3313 826 3369 insomnium
853 3316 911 3370 aine
934 3334 1031 3371 senene
1057 3311 1133 3367 beati
1152 3313 1238 3367 futuri
1258 3314 1314 3369 sint
1332 3314 1472 3386 ἰσάγγελοι
1490 3315 1673 3382 immortales,
1692 3318 1882 3392 incorruptibi-

202 3409 333 3456 statuere.
371 3399 495 3472 Scaliger
517 3417 603 3457 exerc.
628 3405 837 3458 erassum.
878 3409 901 3458 2.
922 3401 951 3458 Si
973 3422 1031 3459 cor·
1058 3398 1098 3454 les
1117 3404 1146 3453 et
1162 3399 1374 3470 ingenerabiles.
1410 3408 1432 3457 5.
1462 3401 1526 3457 Huc
1549 3403 1695 3460 referenda
1722 3405 1800 3463 dicta
1815 3412 1881 3463 vote-

203 3504 270 3559 pora
289 3485 451 3542 resuscitata
469 3487 564 3540 futura
582 3493 674 3541 essent
697 3485 782 3558 duta,
812 3504 863 3543 nec
887 3488 1031 3545 beaterum
1058 3503 1126 3539 rum·
1162 3485 1351 3541 Tertullianus
1376 3486 1422 3543 lib.
1449 3487 1484 3543 de
1501 3496 1644 3545 resurrect
1663 3492 1755 3546 earnis
1776 3511 1805 3564 p.
1823 3498 1881 3549 til:

203 3588 319 3644 cerpom
336 3573 481 3628 coelestem
506 3571 636 3644 gloriam,
669 3589 719 3629 nec
744 3572 933 3628 damnatorum
959 3576 1032 3648 ignis
1058 3573 1152 3626 Erunt
1172 3581 1307 3643 tanqsaam
1325 3573 1427 3643 angeli.
1465 3574 1501 3628 Si
1516 3592 1572 3630 uon
1590 3576 1736 3645 ammae,
1753 3580 1822 3648 quia
1837 3595 1881 3633 aee

204 3659 345 3715 infernalis
362 3675 479 3731 poenam
496 3659 678 3730 perciperent.
714 3666 738 3715 3.
753 3659 875 3731 Corpora
887 3664 1033 3720 materiata
1057 3659 1215 3724 moriersdm
1246 3660 1341 3731 utique
1363 3676 1414 3715 nee
1440 3660 1495 3716 ulli
1513 3661 1604 3716 eimedi
1620 3666 1784 3719 maritari
1800 3664 1881 3721 rueri-

204 3751 233 3801 et
245 3746 376 3801 materiae
396 3746 519 3816 expertia
536 3743 617 3817 οὐσίᾳ
636 3763 668 3801 ac
687 3747 779 3818 speeie
799 3747 945 3818 differunt,
973 3753 1032 3821 jam
1059 3747 1152 3799 denua
1170 3747 1331 3816 corporalis
1352 3747 1531 3803 eonduionia.
1572 3749 1645 3814 Quia
1669 3759 1696 3804 et
1720 3753 1818 3823 angeli
1833 3750 1880 3806 ali·

203 3849 268 3888 varo
287 3832 431 3903 Scriptura
457 3832 552 3900 decet,
584 3832 681 3888 eadem
699 3849 812 3889 numero
831 3845 859 3888 et
877 3835 1033 3893 substantia
1058 3834 1173 3902 manu
1191 3841 1324 3902 tanquam
1342 3834 1466 3888 tamena
1484 3837 1600 3902 fuerunt
1613 3837 1722 3891 edendo
1738 3840 1879 3894 attumne

203 3936 320 3991 corpora
338 3936 397 3975 esse
416 3924 611 3974 resurrectura.
648 3926 670 3976 4.
692 3920 770 3976 Sicut
783 3920 812 3974 in
826 3937 939 3992 corpere
951 3924 1031 3994 primi
1058 3929 1084 3975 et
1105 3922 1195 3990 peries
1219 3920 1347 3975 lauacro
1358 3923 1520 3993 purpando.
1557 3923 1722 3978 Humanam
1747 3926 1819 3980 mim
1844 3926 1878 3979 ia

203 4007 320 4063 bominis
351 4006 405 4061 init
435 4006 550 4061 materia
578 4007 683 4079 absque
716 4007 889 4078 proclivitate
914 4010 950 4067 ad
974 4028 1032 4067 cor·
1059 4010 1179 4062 cluerent
1210 4008 1402 4076 superficiem,
1435 4009 1516 4062 salva
1540 4011 1614 4063 intus
1641 4011 1801 4066 mittentia
1817 4028 1877 4083 pre

202 4093 358 4166 ruptionem
388 4111 420 4148 ac
448 4093 520 4148 sicut
546 4093 575 4147 in
598 4092 700 4148 Christi
725 4111 838 4165 corpore
864 4102 928 4166 post
944 4114 1032 4153 resur·
1056 4096 1132 4165 pria.
1172 4093 1266 4164 Ipitur
1288 4096 1315 4148 ei
1336 4096 1433 4164 cupali
1453 4097 1530 4161 faeti
1553 4105 1691 4168 tanquam
1716 4098 1877 4154 heminaria

202 4182 352 4238 rectionem
374 4181 427 4236 suit
446 4179 562 4235 matoria
582 4181 687 4252 absque
712 4177 831 4256 δυνάμει
848 4180 1033 4257 tarentinam,-
1058 4184 1157 4237 eadem
1174 4182 1333 4236 rubetarum
1356 4184 1488 4253 spiritua,
1522 4184 1666 4238 carnalem
1691 4190 1876 4242 tractationem

202 4267 243 4321 ita
261 4284 373 4340 queque
392 4267 534 4323 beaterum
551 4283 667 4338 corpora
686 4269 715 4321 in
733 4269 827 4322 tuturo
846 4268 937 4325 seculo
952 4277 1033 4327 erunt
1057 4276 1245 4338 aeceperunt,
1266 4285 1317 4322 cur
1336 4287 1392 4323 nou
1413 4279 1438 4323 et
1456 4270 1581 4325 leminea
1596 4271 1674 4335 faeti
1690 4280 1823 4343 tanquam
1837 4290 1876 4326 as·

203 4353 361 4423 materiata,
385 4353 473 4408 omnis
492 4360 585 4409 tamen
604 4354 787 4425 corruptionis
806 4360 834 4410 et
850 4356 1031 4427 proclivitatis
1057 4355 1116 4424 peti
1132 4355 1162 4427 in
1177 4356 1274 4409 eadem
1293 4356 1451 4422 mbrmruia
1471 4357 1568 4411 earnis
1582 4359 1761 4431 spiritualem
1774 4360 1875 4414 subsaat

203 4439 239 4493 ad
258 4439 461 4508 corruptionem
481 4441 618 4510 expertia,
638 4441 704 4512 quia
723 4439 842 4510 δύναμις
860 4441 1032 4517 ἀποφάσεως
1058 4441 1277 4512 dispositionem,
1298 4460 1353 4496 non
1370 4442 1462 4510 mepta
1481 4443 1642 4497 solennibus
1658 4446 1758 4499 cama’a
1778 4442 1876 4500 otnams'

202 4541 258 4580 neu
276 4530 318 4579 est
336 4524 397 4595 ipsa
413 4526 545 4581 materiae
567 4527 699 4597 essentia,
727 4544 798 4600 quae
820 4528 958 4600 manebit,
982 4533 1030 4587 sed
1056 4528 1106 4581 neb
1124 4527 1251 4597 nepetino
1275 4529 1436 4582 indumento
1456 4546 1540 4598 σοασσ
1561 4529 1744 4597 napolitano
1768 4529 1872 4585 aeunni·

203 4610 331 4682 qualitas,
351 4628 422 4682 quae
439 4611 602 4669 abolebitur.
631 4613 733 4669 Confer
746 4614 912 4671 Meisncrum
926 4624 996 4687 part.
1007 4625 1029 4675 1.
1058 4616 1107 4669 bus
1124 4614 1273 4684 spirituum
1289 4613 1339 4668 neb
1356 4614 1499 4669 lsatmano.t
1522 4616 1583 4670 Nec
1600 4616 1665 4671 ideo
1684 4635 1741 4671 uon
1755 4633 1873 4688 parmas

203 4697 275 4752 sobr.
293 4697 360 4769 phil.
379 4702 444 4755 sect.
463 4704 488 4756 3.
513 4715 574 4770 cap.
594 4706 619 4755 2.
640 4717 686 4771 qu.
711 4707 733 4759 l.
752 4706 779 4756 el
799 4704 832 4770 2.)
870 4706 909 4757 le.
932 4703 1031 4760 Goele-
1056 4703 1118 4756 suri
1145 4701 1176 4754 iu
1202 4716 1300 4767 eume,
1330 4701 1397 4770 quia
1425 4720 1481 4755 non
1506 4710 1532 4756 et
1555 4703 1585 4755 iu
1602 4703 1765 4758 soknnibru
1781 4703 1873 4769 samu,

202 4790 265 4839 nius
281 4782 461 4857 philosophus
479 4784 687 4857 Marpurgensis
712 4787 740 4842 in
758 4788 855 4859 colleg.
876 4789 1028 4862 philosoph.
1056 4806 1118 4842 cum
1141 4804 1192 4841 nee
1216 4788 1311 4856 ampeli
1330 4789 1394 4841 ideo
1418 4806 1473 4842 non
1494 4788 1524 4842 in
1546 4789 1649 4858 spiritu
1667 4790 1872 4859 permaaeerist,

201 4870 285 4928 theol.
304 4871 373 4942 disp.
389 4874 428 4925 25.
450 4871 545 4929 itit.
565 4872 721 4938 contendit,
756 4876 833 4944 quod
856 4876 885 4929 in
914 4894 1031 4947 corpore
1056 4874 1124 4945 quia
1153 4892 1209 4928 uon
1231 4882 1257 4927 et
1279 4875 1309 4927 in
1333 4875 1494 4930 solertnibaa
1519 4875 1644 4945 spiritus.
1682 4878 1811 4948 Denique
1828 4891 1873 4930 aaa

200 4966 309 5013 mortuo
335 4957 429 5011 adbuc
454 4957 552 5011 vitalia
574 4961 712 5028 praedam
738 4962 780 5014 uis
805 4971 964 5030 remaneat,
997 4981 1030 5018 er
1056 4962 1140 5032 diust,
1168 4969 1248 5015 eruut
1273 4960 1383 5030 ampeli,
1409 4961 1583 5015 nilominus
1603 4969 1734 5028 reparet,
1758 4964 1809 5018 aad
1823 4970 1874 5017 tus·

200 5046 304 5114 quain
323 5039 472 5113 ἀναβιώσει
492 5043 571 5097 Deus
590 5047 689 5100 nouum
710 5053 736 5100 et
755 5048 906 5117 spirituale
926 5067 1029 5119 corpus
1040 5096 1043 5155 ,
1055 5065 1140 5120 quum
1157 5046 1259 5117 ampeli,
1278 5054 1309 5099 ut
1327 5046 1451 5100 Imminet
1469 5054 1653 5103 eorummet
1689 5050 1757 5103 Non
1774 5045 1876 5102 obtuli

199 5134 235 5186 sit
253 5135 458 5203 producturus,
489 5145 572 5200 quam
596 5132 751 5202 opinionem
775 5134 906 5204 peculiari
926 5135 1028 5205 scripto
1054 5134 1248 5202 substantium,
1268 5133 1316 5186 cui
1331 5133 1545 5188 similitudinem
1562 5132 1702 5191 attribuit.
1729 5132 1875 5192 Methodici

199 5219 298 5275 refellit
321 5218 459 5274 Weberus
482 5216 587 5272 amicus
611 5225 704 5275 nester
730 5219 914 5276 honorandus.
956 5220 1026 5277 Con·
1053 5220 1128 5291 apud
1144 5218 1331 5291 Epiphaniam
1349 5219 1397 5275 lib.
1418 5225 1443 5274 2.
1464 5226 1529 5274 tem.
1552 5225 1575 5276 1.
1596 5219 1658 5275 adv.
1677 5218 1754 5276 haer.
1774 5239 1801 5293 p.
1821 5223 1875 5275 us:

198 5305 293 5360 formis
319 5311 361 5360 est
389 5304 459 5360 haec
482 5302 575 5374 opinio
601 5303 728 5377 Origenis
757 5306 877 5375 somnio,
905 5307 979 5377 qued
999 5307 1028 5361 in
1053 5306 1181 5362 Olriatua
1196 5325 1253 5360 non
1272 5307 1358 5375 dicit,
1381 5315 1461 5361 erunt
1481 5306 1590 5376 angeli,
1619 5307 1672 5360 aed
1693 5307 1766 5361 ausu
1783 5304 1877 5376 aspslt

198 5389 246 5446 lib.
266 5398 328 5468 περὶ
346 5390 438 5468 ἀρχῶν
458 5390 592 5462 proponit.
628 5393 665 5447 In
686 5392 836 5446 seminibus
860 5410 954 5447 rerum
974 5393 1026 5463 (in-
1051 5410 1147 5463 nempe
1164 5394 1260 5463 pluria
1276 5393 1390 5463 quidem
1409 5401 1435 5449 et
1454 5392 1572 5459 leonore,
1589 5392 1664 5447 auu
1682 5394 1818 5464 scriptum
1834 5398 1878 5453 est

199 5477 270 5547 quit)
289 5476 375 5531 insita
395 5487 435 5532 est
452 5479 528 5533 ratio
546 5479 685 5547 quaedam
704 5487 729 5533 et
746 5479 788 5532 uu
808 5497 827 5532 a
847 5479 919 5549 Deo,
939 5487 969 5533 ut
987 5483 1028 5534 ad
1052 5480 1195 5550 coronati,
1216 5496 1311 5533 vuum
1325 5480 1477 5550 paululum
1497 5479 1532 5532 ab
1553 5478 1662 5549 unpels's
1682 5480 1841 5533 esurientes
1856 5485 1879 5531 et

197 5577 227 5616 ee
244 5563 341 5617 trabat
360 5581 465 5618 omnem
480 5566 608 5632 futuram
626 5564 770 5619 mmeriam
789 5571 815 5617 et
833 5564 1027 5633 corpulentam
1047 5567 1251 5637 propemodum
1280 5576 1310 5620 ut
1338 5566 1442 5636 angeli.
1494 5565 1737 5628 Quemadmodum
1769 5564 1879 5637 ermis
