4104 6014
236 287 293 344 loe
834 283 957 342 LOCUS
974 281 1178 341 wettelmus
1197 284 1346 343 SEXTUS

233 439 258 488 6.
279 434 358 489 Idem
391 440 489 505 postea
516 437 643 509 confugit
670 439 707 492 ed
734 439 856 494 limbum.
905 441 972 493 Non
997 439 1067 492 laec
1094 445 1135 492 eet
1152 441 1187 493 de
1203 441 1678 505 terrenaeoncretionesormatum,
1692 441 1777 510 queri
1785 442 1932 496 ιαιιιιιιιιι

233 521 381 590 dicuntur,
412 522 519 592 inquit,
550 525 634 592 quari
658 534 739 594 putet
769 525 917 591 Salomon,
943 527 1066 579 animam
1093 524 1130 578 sit
1148 526 1276 590 alteriue,
1294 528 1371 596 quod
1381 534 1422 581 est
1439 528 1586 582 aooeleeti
1600 528 1753 581 subtilitate
1771 530 1932 594 deductum,

233 606 354 661 hominis
375 609 417 662 ita
437 610 556 665 dissolvi
572 619 602 664 ut
620 613 745 666 animam
758 613 887 682 pecoris,
917 629 967 666 nec
985 612 1068 683 quari
1094 627 1154 663 cnm
1173 612 1216 665 oie
1233 612 1333 680 aliqua
1350 621 1497 682 ιιιιιιιιιιιι
1517 615 1690 678 discreverit,
1708 630 1780 682 quae
1798 612 1932 668 cauam

232 695 274 749 od
301 697 417 748 eundem
443 696 534 750 locum
564 699 793 766 proficiscantur,
822 700 875 752 ced
901 700 978 767 quod
1002 704 1067 751 onte
1095 713 1169 749 ruore
1185 705 1311 762 uocatur,
1333 706 1389 752 tum
1403 707 1550 769 utrumque
1568 700 1742 753 iuncturam
1755 701 1931 763 msamrcdit,

235 780 342 834 Cirieti
370 783 520 836 adverstum
544 801 639 838 omues
669 786 872 849 deferebantur
895 786 937 838 ad
958 785 1067 849 inferos
1094 784 1171 850 quoa
1194 800 1227 838 ιι
1252 792 1329 838 terra
1348 786 1422 851 fuit,
1455 786 1484 839 in
1509 793 1615 840 terram
1632 785 1768 854 coicitur,
1802 788 1879 854 quod
1899 803 1931 839 ea

233 871 285 921 etc.
320 867 359 919 Et
376 869 503 938 qesamcie
521 888 577 923 non
599 871 674 924 idem
697 880 738 925 ιιι
763 871 883 925 dieeoloi
905 879 932 925 et
951 852 1067 925 ‘concor
1093 868 1208 922 coetae·
1224 872 1336 940 spiritu,
1357 873 1509 926 idconmat
1525 877 1643 941 accipet
1660 888 1777 941 temper,
1797 872 1929 942 quoniam

232 952 303 1015 uari,
320 960 442 1006 attamen
457 972 563 1023 porum
581 957 697 1010 interest
715 957 835 1011 ιιιιιιιιί
851 966 881 1012 ut
899 957 994 1010 anima
1002 972 1068 1027 pec·
1094 954 1207 1008 diuinus
1225 957 1343 1024 spiritus
1362 957 1546 1025 :empiternue
1565 965 1614 1016 eet.
1660 961 1686 1012 2.
1712 959 1819 1011 Anima
1840 960 1928 1012 ratio·
1941 950 2035 1044 ξιξ..

233 1040 340 1092 ιιιοιιι
372 1048 397 1092 et
429 1042 457 1093 in
486 1043 607 1096 tenebrie
639 1044 768 1100 detineri.
813 1045 853 1098 et
885 1043 971 1114 paulo
1005 1047 1070 1114 poet
1092 1040 1169 1094 uolr'e
1192 1042 1295 1097 habero
1312 1044 1409 1113 nequit
1426 1044 1618 1114 operationem
1637 1062 1656 1098 a
1674 1061 1792 1114 corpore
1816 1015 2024 1104 onntnoimw

234 1125 429 1196 ostendemus,
463 1127 631 1199 hypothesin
657 1130 692 1185 de
719 1129 804 1185 limbo
832 1130 973 1186 adversari
998 1128 1068 1185 Seri·
1094 1127 1340 1196 independentem,
1372 1130 1422 1199 pai
1441 1131 1514 1184 enim
1533 1131 1751 1198 contemplatur,
1784 1147 1846 1185 eum
1870 1107 2014 1184 uncum*

234 1210 332 1280 pturis.
1096 1229 1158 1266 cum
1177 1213 1374 1283 phantasmate
1394 1216 1580 1284 contemplari
1602 1223 1719 1286 oportet,
1766 1216 1932 1271 Aristoteles

274 1302 330 1355 153.
366 1301 393 1352 2.
412 1302 559 1370 Rationes,
579 1319 652 1373 quae
669 1309 766 1358 nonme
785 1303 894 1358 animae
910 1300 1069 1356 immortali-
1095 1299 1157 1357 libr.
1175 1304 1200 1356 3.
1218 1299 1254 1355 de
1272 1301 1354 1357 enim.
1371 1306 1439 1356 text.
1458 1307 1500 1358 39.
1538 1304 1620 1372 Erpa
1643 1303 1728 1356 etiam
1754 1320 1811 1357 non
1824 1306 1932 1374 poterit

150 1436 156 1448 ,
236 1387 321 1438 tatem
340 1383 502 1455 formantur,
520 1388 604 1443 solvit
616 1389 779 1443 Lactantius
797 1389 844 1446 lib.
865 1397 888 1444 ι.
907 1389 971 1444 inst.
991 1405 1015 1445 c.
1032 1393 1068 1443 12.
1095 1387 1197 1442 habere
1225 1388 1414 1443 emutentiam
1444 1397 1525 1443 entra
1543 1406 1654 1458 empne.
1708 1389 1933 1460 Respondemus:

120 1487 126 1500 ·
235 1468 360 1525 Potiores
384 1472 438 1527 hae
462 1480 541 1529 sunt:
574 1481 596 1528 ι.
616 1476 722 1530 Anium
746 1477 876 1530 edaciter
894 1492 927 1528 ee
940 1475 1069 1543 potentia
1095 1490 1230 1544 negemus
1250 1473 1437 1545 antecedens,
1468 1475 1491 1529 si
1508 1475 1674 1547 generaliter
1697 1475 1865 1546 accipietur,
1900 1483 1932 1530 ut

235 1560 370 1611 materiae
396 1577 431 1614 oc
453 1578 508 1628 per
526 1563 732 1630 perorationem
753 1569 941 1632 prr-epagatum.
989 1562 1069 1628 Depo
1095 1564 1201 1613 statum
1219 1559 1327 1616 mimtm
1355 1577 1373 1615 a
1402 1577 1517 1632 corpora
1534 1567 1679 1631 separatae
1695 1561 1779 1615 etiem
1798 1561 1930 1616 includat

234 1643 265 1695 in
284 1653 372 1697 morte
390 1645 474 1699 etiam
493 1647 598 1701 interit.
643 1647 870 1718 Respondemus:
898 1647 1010 1719 proprie
1029 1647 1068 1701 lo·
1096 1644 1228 1701 Testetur
1245 1647 1319 1702 enim
1333 1647 1485 1717 Scriptura,
1503 1649 1610 1702 animes
1628 1662 1774 1717 eeorpore
1788 1652 1931 1716 separatas

235 1730 345 1800 quando
362 1731 454 1785 anime
470 1749 525 1786 non
541 1740 699 1803 generatur,
718 1732 768 1788 sed
786 1740 966 1805 propagatur,
985 1750 1067 1806 gene·
1096 1749 1152 1787 non
1171 1732 1284 1789 destitui
1316 1732 1373 1787 suis
1391 1732 1612 1803 operationibus,
1638 1739 1670 1786 ut
1696 1731 1781 1802 paulo
1800 1738 1864 1802 post
1880 1749 1930 1803 ep·

233 1815 304 1870 ratio
319 1816 392 1870 enim
409 1822 451 1871 est
471 1817 555 1873 totim
568 1819 720 1889 compositi.
746 1819 914 1876 Nonautem
935 1820 1068 1891 sequitur,
1094 1817 1212 1887 parebit.
1260 1818 1344 1873 Adde
1372 1819 1446 1889 quod
1476 1818 1591 1889 quidam
1615 1834 1650 1873 ex
1670 1818 1737 1887 ipsis
1757 1816 1930 1890 philosophis

232 1900 326 1956 anima
351 1911 540 1975 propagatur,
570 1921 637 1976 ergo
656 1905 740 1960 etiam
769 1905 970 1976 corrumpitur,
1002 1905 1068 1974 quie
1094 1907 1226 1973 statuent,
1246 1903 1416 1959 intellectum
1434 1920 1495 1958 esse
1516 1903 1715 1974 iuorganicnm,
1734 1920 1786 1958 nee
1803 1903 1930 1976 indigere

233 1988 342 2043 animae
357 1995 461 2044 natura
474 2008 530 2045 non
548 1997 591 2046 est
612 1991 787 2046 aestimanda
805 2009 839 2047 ex
858 1990 1066 2063 propagatione,
1094 1989 1130 2043 ad
1154 1989 1296 2060 propriam
1321 2006 1400 2043 suem
1427 1989 1616 2059 operationem
1641 1989 1780 2060 corporeis
1797 1989 1929 2059 phantes—

232 2076 283 2128 sed
306 2090 338 2128 ex
356 2075 468 2145 proprie
485 2077 546 2146 ejus
572 2077 707 2146 essentie,
729 2093 801 2147 qnae
823 2076 893 2132 haec
911 2083 968 2146 est,
992 2076 1066 2148 qnod
1093 2077 1184 2132 matis.
1223 2075 1336 2146 Species
1347 2075 1546 2146 intelligibiles,
1566 2091 1638 2145 qnae
1656 2075 1692 2128 ad
1710 2074 1928 2131 intellectionem

233 2159 269 2214 sit
298 2160 412 2229 spiritus
440 2161 632 2232 incorporeus,
664 2161 812 2218 invisibilis
840 2170 868 2219 et
892 2163 1064 2233 immortalis,
1093 2161 1284 2232 requiruntur,
1315 2163 1412 2218 eodem
1438 2160 1519 2216 modo
1543 2161 1572 2215 in
1596 2159 1690 2216 anima
1717 2169 1847 2232 separata
1865 2178 1927 2218 ease

233 2245 296 2300 telis
315 2246 388 2301 enim
408 2247 551 2319 quaelibet
564 2265 607 2303 res
627 2256 685 2313 est,
715 2249 825 2320 qualem
850 2266 913 2305 eam
933 2249 1010 2306 Dens
1038 2249 1066 2303 ie
1093 2252 1223 2317 possunt,
1253 2263 1309 2319 quo
1334 2252 1400 2302 sunt
1428 2247 1458 2301 in
1484 2247 1606 2318 angelis,
1639 2264 1708 2318 quos
1737 2254 1846 2303 constat
1866 2264 1927 2304 esse

233 2332 374 2388 creatione
394 2349 455 2388 ease
473 2334 562 2389 voluit
581 2340 609 2389 et
627 2335 710 2405 quale
729 2351 790 2391 esse
810 2335 836 2391 ei
854 2335 939 2392 dedit.
969 2335 1066 2406 siper
1094 2332 1208 2404 spiritus
1220 2333 1406 2404 incorporeos.
1430 2337 1457 2389 3.
1470 2334 1553 2396 Quod
1563 2336 1626 2402 pati
1639 2334 1919 2403 pateetnaturaiiter
1938 2324 1959 2368 ³·
1974 2324 2008 2366 ΑΒ

233 2418 408 2474 eductionem
440 2436 457 2474 e
488 2421 614 2489 potentia
648 2422 781 2477 materiae
811 2422 865 2476 hoc
892 2422 1064 2493 intelligitur,
1093 2420 1177 2473 enam
1196 2427 1288 2488 potest
1314 2422 1472 2489 corrumpi,
1508 2421 1575 2489 quia
1599 2422 1700 2490 parem
1729 2428 1770 2474 eet
1794 2371 1927 2474 ineiootd
1939 2377 2043 2478 insidiis

234 2505 309 2577 quod
335 2505 428 2560 anime
455 2522 490 2561 ex
513 2506 617 2563 semine
642 2523 775 2577 corporeo
802 2525 858 2579 qua
883 2508 934 2563 tali
953 2509 1066 2573 oriatur,
1093 2507 1233 2576 quamam
1252 2507 1406 2575 corruptio,
1423 2508 1476 2560 red
1491 2507 1595 2575 anima,
1611 2508 1718 2561 vivente
1738 2507 1856 2572 homine,
1875 2507 1926 2560 tri-

233 2608 382 2664 negamus,
410 2593 530 2647 enimam
549 2611 582 2648 ex
601 2594 726 2665 potentie
743 2595 876 2650 materiae
900 2595 994 2664 educi:
1024 2595 1066 2649 sin
1092 2593 1200 2646 :titiam
1227 2599 1253 2645 ιι
1274 2592 1401 2646 ιιοιιιιιι
1422 2593 1538 2662 patitur.
1581 2592 1666 2663 Ergo.
1702 2591 1927 2661 Respondemus:

232 2697 298 2735 vero
316 2679 369 2734 hoc
387 2679 469 2733 modo
493 2679 602 2750 phrasis
627 2681 676 2735 illa
695 2681 862 2751 explicetur,
888 2682 963 2752 quod
984 2681 1066 2736 homo
1093 2676 1206 2733 tristitm
1232 2677 1261 2731 in
1286 2676 1380 2731 anima
1402 2692 1459 2731 nou
1478 2677 1565 2732 oritur
1591 2694 1625 2732 ex
1640 2676 1761 2732 violenta
1777 2677 1928 2747 primarum

233 2766 261 2820 vi
285 2765 488 2821 benedictionis
515 2766 627 2821 divinae
651 2767 704 2822 sibi
722 2767 811 2823 simile
836 2767 988 2822 secundem
1006 2784 1066 2839 epo·
1094 2764 1260 2835 qualitatum
1275 2763 1469 2834 impressione,
1493 2780 1565 2835 quae
1583 2763 1716 2818 naturalis
1743 2763 1928 2834 corruptionis
1959 2795 1967 2809 ·

233 2852 303 2908 mem
318 2858 434 2924 generet
451 2869 485 2907 ao
502 2853 618 2922 proinde
636 2853 757 2908 enimam
774 2859 919 2925 propaget,
941 2854 1066 2908 concedi
1094 2857 1138 2905 est
1157 2866 1250 2919 causa
1268 2850 1317 2904 sed
1335 2867 1370 2905 ox
1390 2867 1482 2905 rerum
1502 2856 1618 2905 naturae
1636 2851 1754 2905 hominis
1779 2851 1928 2908 adversan-

232 2956 310 3008 mue,
339 2939 465 2992 unimam
489 2956 503 2992 e
515 2941 647 3007 potentia
671 2942 808 2994 materiae
827 2939 925 3008 educi,
954 2938 1008 2994 hoe
1027 2946 1069 2995 est
1094 2941 1163 2991 tium
1177 2936 1354 3008 cogitatione.
1391 2936 1514 2992 Doleudi
1532 2941 1613 2991 ectus
1631 2937 1727 3008 arguit
1746 2936 1928 2992 arctissimam

234 3041 291 3079 non
315 3024 475 3081 immediate
499 3026 594 3081 eDeo
610 3027 716 3095 emori,
747 3026 797 3081 sed
822 3043 841 3081 e
859 3025 1021 3096 parentibus
1039 3027 1067 3081 in
1094 3022 1203 3078 animae
1228 3039 1292 3077 cum
1320 3038 1435 3093 corpore
1451 3023 1595 3092 unionem,
1623 3038 1696 3094 quae
1712 3022 1813 3090 efficit,
1842 3031 1874 3078 ut
1892 3022 1929 3078 sit

234 3112 356 3168 sobolem
385 3111 479 3167 divino
507 3111 640 3168 beneficio
666 3121 694 3168 et
713 3112 886 3167 ordinatione
905 3114 1068 3184 propagari:
1095 3111 1263 3182 principium
1281 3109 1465 3166 materialium
1479 3109 1670 3180 operationum
1684 3110 1712 3163 in
1731 3109 1791 3179 ipso
1804 3125 1928 3181 corpore,

233 3199 282 3254 aad
301 3216 335 3254 ex
352 3216 385 3254 eo
403 3197 498 3253 inferri
519 3198 632 3270 nequit,
662 3198 783 3253 animm
806 3214 861 3252 non
889 3215 971 3268 posse
991 3205 1068 3254 extre
1095 3213 1274 3270 nequaquam
1297 3212 1364 3252 vero
1384 3195 1483 3265 iniert,
1513 3196 1588 3266 quod
1614 3196 1690 3250 inse
1707 3211 1741 3249 ee
1760 3202 1929 3251 sueneture

234 3300 336 3354 eorpus
353 3283 511 3353 subsistere,
530 3283 596 3355 quie
612 3291 768 3355 utrumque,
788 3283 987 3339 videlicettum
1004 3301 1067 3355 pro·
1094 3284 1131 3339 sit
1159 3283 1310 3339 materialis
1342 3289 1371 3337 et
1403 3281 1598 3353 corruptibilis.
1652 3282 1817 3336 Lactantius
1848 3282 1875 3336 d.
1909 3283 1928 3338 l

233 3369 347 3440 pagatio
367 3369 484 3433 animae,
506 3375 565 3424 tum
585 3370 646 3440 ejus
665 3376 743 3425 extra
761 3387 862 3440 corpus
880 3369 1067 3438 subsistentia,
1094 3369 1255 3440 respondet,
1287 3376 1440 3438 propterea
1465 3371 1594 3422 uirtutem
1625 3376 1652 3422 et
1674 3369 1844 3436 :apientiam
1869 3385 1928 3423 ecee

233 3455 395 3510 insolidum
428 3461 456 3511 et
472 3456 555 3510 unice
583 3455 687 3526 pendet
715 3473 734 3510 a
750 3454 805 3509 Dei
832 3456 1006 3511 ordinatione
1034 3471 1068 3510 ee
1092 3459 1296 3523 necesrcrinm,
1311 3463 1342 3508 ιιι
1360 3462 1386 3509 ιι
1403 3444 1515 3508 moeror
1529 3454 1702 3520 fortitudine
1720 3455 1885 3524 repellatur,
1902 3463 1929 3509 et

233 3541 383 3597 voluntate.
442 3542 574 3598 Irenaeus
607 3541 654 3595 lib.
685 3548 709 3597 ι.
739 3543 803 3596 adv.
836 3542 941 3598 haeres.
972 3560 995 3598 e.
1026 3549 1065 3599 el.
1093 3543 1224 3610 volupiae
1254 3542 1421 3595 abitincatia
1450 3550 1606 3609 caperetur.
1663 3542 1739 3594 Nam
1775 3542 1804 3594 ei
1831 3549 1928 3595 eareat

232 3645 260 3699 p.
282 3635 344 3683 tet:
371 3628 405 3682 es·
421 3630 471 3697 qni
489 3629 541 3681 tec
560 3629 591 3681 in
609 3628 672 3684 loco
691 3629 801 3692 (imant,
830 3647 886 3683 non
901 3645 987 3698 porse
1006 3630 1066 3683 uni·
1092 3628 1208 3697 ιίιιιιιι,
1231 3629 1258 3682 ei
1273 3628 1463 3697 voluptatibue
1482 3627 1583 3680 dedita
1599 3626 1759 3695 molliatur,
1784 3628 1868 3681 morti
1875 3632 1928 3694 fiet

234 3732 295 3767 mus
313 3731 369 3779 eae,
389 3731 461 3783 quae
472 3715 565 3782 paulo
584 3722 649 3768 ante
661 3729 721 3768 esse
733 3723 891 3786 coeperunt,
909 3717 940 3770 in
952 3716 1067 3770 muttum
1092 3715 1221 3783 obnonia,
1241 3714 1374 3783 quoniam
1393 3721 1419 3766 et
1437 3715 1526 3767 cirtae
1536 3713 1758 3766 immortalitatis
1776 3720 1817 3767 eet
1828 3714 1926 3779 fabri·

232 3801 366 3868 mmporie
380 3816 571 3869 perseverare,
590 3803 643 3855 sect
659 3809 789 3870 oportere
806 3818 855 3855 sae
877 3810 926 3855 eut
944 3802 1066 3855 innaeci·
1092 3803 1192 3870 eatriu,
1212 3809 1238 3854 et
1255 3801 1385 3870 voluptas
1402 3799 1511 3862 martie,
1531 3816 1607 3853 mors
1625 3807 1783 3853 autemnon
1793 3801 1927 3873 fundum

233 3886 303 3940 buteo
321 3902 396 3953 ecee,
429 3893 459 3938 ut
477 3887 535 3940 rint
552 3886 739 3952 immortales,
768 3886 813 3940 ret
831 3887 859 3939 ei
876 3887 1067 3956 perorationie
1089 3889 1205 3962 perimit
1230 3905 1263 3942 ae
1289 3888 1377 3954 delet,
1406 3875 1458 3939 ieci
1482 3885 1604 3939 oeternis
1624 3886 1719 3954 afficit
1745 3886 1925 3955 eruciatibue,

233 3971 273 4038 (in
296 3970 475 4042 generatione
507 3970 638 4035 hominis)
661 3972 772 4025 initium
796 3972 969 4041 acceperint,
1001 3989 1066 4027 cum
1091 3994 1157 4029 nom
1186 3975 1303 4028 interire
1320 3989 1444 4042 proreue
1468 3972 1563 4024 anima
1585 3988 1641 4026 uon
1656 3979 1758 4041 potent.
1806 3978 1831 4027 ι.
1851 3966 2033 4063 tluiussssluf⁸0

231 4059 295 4128 ipro
313 4073 431 4126 corpore
452 4058 538 4125 mori,
564 4058 691 4121 diccunt,
711 4058 843 4126 arconium
862 4060 924 4112 eine
942 4059 1023 4113 initio
1041 4066 1067 4112 et
1093 4061 1192 4115 ιιιιιίι
1214 4076 1311 4113 aenam
1331 4060 1361 4113 in
1375 4058 1476 4127 puerio
1503 4066 1528 4110 et
1547 4059 1577 4110 in
1590 4058 1742 4127 juvenibus
1758 4059 1831 4128 eipet
1850 4067 1877 4112 et
1896 4061 1927 4112 in
1939 4072 2026 4113 ιιιιιι-

232 4145 293 4197 eine
306 4146 366 4212 fine
383 4160 447 4197 oere
466 4127 612 4212 asemper
625 4145 809 4198 idemeodem
821 4148 945 4201 medeae
958 4146 1067 4216 habeut,
1092 4148 1217 4202 reantur
1252 4146 1432 4210 diminuitur,
1466 4145 1533 4199 inde
1563 4152 1693 4213 apparet,
1724 4144 1849 4196 animam
1869 4161 1927 4199 eece
1940 4124 2013 4165 ‘¹⁰¹¹‘

232 4230 310 4284 roms
340 4236 381 4282 eet
399 4231 494 4299 Deae,
526 4231 576 4299 prii
602 4237 641 4284 ιιι
670 4232 792 4284 omnium
811 4233 965 4302 Dominae,
995 4249 1067 4302 quae
1094 4233 1251 4287 mortalem.
1301 4231 1530 4301 Respondemus:
1561 4228 1632 4284 illud
1661 4229 1859 4285 incrementum
1894 4246 1928 4286 ac

234 4323 327 4370 autem
345 4323 410 4369 eunt
427 4318 464 4369 ab
483 4317 552 4385 s'tto,
582 4317 677 4370 omnia
702 4334 880 4387 prraecunque
905 4328 970 4373 eunt
986 4321 1068 4384 facta
1095 4320 1300 4375 decrementum
1321 4334 1377 4372 non
1394 4316 1508 4388 attingit
1526 4315 1616 4387 ipsam
1641 4316 1750 4371 animae
1771 4317 1929 4386 essentiam,

93 4408 220 4452 xviilto.
235 4410 262 4456 et
280 4406 360 4473 fiunt,
379 4403 492 4456 initium
504 4403 615 4472 quidem
628 4420 708 4456 auum
720 4404 864 4473 accipiunt
877 4408 1069 4474 permotionis
1094 4405 1143 4460 scd
1176 4405 1311 4459 duntaxat
1344 4404 1545 4476 operationem,
1583 4419 1656 4474 quae
1685 4419 1735 4473 pro
1767 4401 1930 4458 diversitate

234 4496 261 4543 et
282 4505 338 4558 per
367 4490 419 4543 hoc
444 4490 587 4551 inferiora
612 4497 676 4542 ment
704 4491 741 4544 ab
758 4508 804 4554 eo,
834 4493 884 4560 gui
918 4508 953 4545 ea
990 4494 1068 4562 fecit,
1094 4508 1270 4564 organorum,
1291 4491 1440 4562 spirituum
1458 4489 1564 4545 scilicet
1581 4489 1779 4556 aehumorum,
1796 4490 1928 4545 variatur.
1960 4495 1974 4519 ·

234 4577 366 4646 quoniam
390 4594 447 4629 ncn
472 4584 535 4629 :unt
554 4576 694 4645 inperita,
721 4587 904 4645 emeruerant
931 4587 1024 4633 autem
1044 4588 1069 4633 et
1094 4578 1259 4634 Lmtantiue
1285 4577 1312 4631 d.
1336 4577 1369 4632 l:
1399 4578 1466 4630 Non
1497 4583 1539 4630 est
1567 4577 1642 4630 idem
1672 4592 1747 4629 mene
1772 4583 1799 4628 et
1823 4576 1928 4631 animo.

235 4664 421 4717 eetendmstur
443 4665 474 4715 iu
499 4663 702 4730 lonpitudinem
722 4666 877 4718 teruncium
899 4666 1068 4720 uolumatem
1095 4666 1189 4719 Aliud
1205 4673 1245 4718 eet
1264 4665 1346 4732 enim,
1365 4679 1419 4731 pito
1436 4662 1566 4728 muimue,
1581 4662 1671 4725 aliud,
1690 4679 1744 4730 quc
1764 4664 1928 4732 copr‘tamue.

130 4812 133 4817 y
234 4749 356 4813 factoris
372 4749 447 4817 Dei,
465 4748 508 4802 ita
525 4758 556 4802 ut
584 4750 626 4802 eie
643 4749 725 4803 initio
741 4750 855 4819 fierent,
881 4759 907 4804 et
923 4759 1023 4822 postea
1039 4761 1069 4805 ut
1094 4753 1171 4806 Nam
1188 4751 1385 4806 dormientium
1403 4765 1492 4817 merse,
1516 4764 1572 4801 non
1588 4747 1684 4800 anima
1712 4747 1836 4816 copitar,
1860 4757 1885 4802 et
1897 4751 1928 4801 iu

233 4838 306 4901 rint,
330 4835 371 4889 eie
397 4837 494 4889 donat.
534 4834 697 4891 lactantius
723 4836 750 4889 d.
769 4835 801 4891 l.:
831 4839 897 4891 Non
922 4839 989 4906 prtia
1007 4856 1068 4892 cum
1085 4837 1214 4906 surioeie
1243 4853 1317 4890 mene
1346 4834 1546 4901 enetiupeitur,
1576 4834 1674 4887 animo
1694 4842 1794 4900 manet,
1818 4840 1844 4886 et
1862 4834 1928 4887 ideo

233 4938 350 4991 corpore
372 4922 469 4975 anima
486 4922 621 4987 nueoitur,
640 4938 702 4974 crem
714 4938 833 4991 corpore
845 4924 929 4976 etiam
948 4925 1067 4978 intereat
1092 4941 1148 4978 non
1169 4923 1324 4990 exanimes,
1351 4923 1403 4974 ιιιι
1417 4921 1557 4974 dementer
1573 4927 1716 4974 coconem.
1749 4921 1835 4973 Mene
1854 4937 1929 4989 erpo,

233 5025 344 5063 ιιιιιιι
361 5015 409 5076 eet,
427 5009 569 5061 nonenim
582 5015 623 5060 eet
639 5025 698 5076 par
711 5008 856 5080 utriusque
874 5011 958 5065 ratio.
992 5010 1067 5065 Soli·
1093 5012 1126 5063 id
1146 5017 1186 5063 ιιι
1221 5008 1417 5078 intelligentia,
1435 5007 1478 5060 cei
1497 5015 1629 5077 cupetur,
1655 5006 1700 5061 oet
1723 5006 1857 5060 minuitur
1870 5023 1927 5075 pro

234 5097 300 5149 dum
326 5094 397 5149 enim
420 5100 446 5146 et
465 5093 713 5164 compreheneitiie
730 5111 831 5164 corpur
848 5103 902 5160 eet,
926 5103 953 5148 ιι
976 5072 1080 5151 caute!
1094 5103 1194 5151 aetate.
1231 5095 1335 5149 Anima
1353 5094 1384 5147 in
1402 5109 1452 5146 ιιι
1470 5100 1545 5147 omui
1565 5109 1673 5161 :emper
1693 5099 1747 5160 ert,
1772 5100 1798 5145 et
1823 5111 1857 5147 ee
1874 5111 1927 5163 quo

234 5189 260 5235 et
278 5197 362 5234 manu
380 5179 491 5232 uidetur
508 5187 534 5232 ιι
550 5179 691 5247 turpiter,
717 5181 815 5234 anima
839 5197 906 5235 cero
932 5183 1023 5236 tenuis
1041 5191 1066 5236 ιι
1093 5190 1216 5250 tempore
1232 5181 1367 5250 epirandi
1384 5181 1493 5249 accepit
1508 5178 1694 5244 facultatem,
1719 5181 1817 5231 tadtm
1841 5195 1928 5248 “tw

233 5268 323 5321 ciuem
351 5265 646 5334 unumquempiam.
699 5267 841 5335 Corpuse
868 5275 948 5321 terra
968 5270 1066 5336 fiotum
1093 5270 1136 5321 oei
1152 5268 1278 5322 ultimum
1298 5269 1399 5336 durat,
1424 5269 1513 5320 donec
1535 5265 1636 5319 emisea
1656 5265 1784 5333 corporis
1803 5266 1928 5320 ciareetrc

234 5361 318 5422 atque
346 5352 500 5407 solidatum
527 5357 581 5418 ea,
611 5351 707 5403 anima
733 5353 763 5404 in
783 5369 814 5406 ιι
838 5353 911 5408 nihil
936 5357 1066 5425 ιιιιιιιί,
1094 5357 1134 5408 od
1151 5355 1337 5407 eedemeuam
1353 5355 1467 5407 recolet.
1495 5352 1533 5405 Et
1546 5355 1659 5421 postea:
1679 5352 1746 5405 Non
1762 5359 1802 5404 eet
1815 5352 1927 5405 animae

232 5439 306 5494 nitet
323 5438 429 5492 terreus¹
439 5437 574 5507 penderit
592 5435 674 5489 tacet
685 5442 737 5491 etc.
770 5438 902 5500 Quamne
914 5456 981 5510 erpo
995 5441 1068 5495 inter
1091 5441 1196 5507 citium,
1212 5439 1239 5493 ei
1256 5440 1333 5493 creua
1351 5440 1470 5507 monuit,
1490 5439 1517 5492 ei
1527 5438 1626 5506 linqua
1639 5437 1753 5506 torpuit,
1773 5437 1801 5490 si
1810 5438 1927 5491 auduus
1937 5489 1958 5531 a
1965 5489 2043 5531 Am

232 5541 263 5581 ee
281 5524 434 5593 coniuncta
454 5540 488 5579 oc
504 5523 614 5579 nosue
628 5531 791 5592 meeum,
804 5532 829 5578 ιι
845 5525 1067 5597 atterum,qeo‹t
1092 5526 1247 5590 obemduit,
1265 5527 1318 5579 sed
1334 5526 1472 5594 corperis.
1517 5527 1545 5579 ι.
1568 5521 1647 5576 Sicut
1663 5522 1761 5577 oraim
1779 5522 1890 5577 ιιιιιιιι
1906 5540 1926 5576 a
1938 5543 2043 5591 pumen
