4104 6014
273 215 333 275 258
860 211 984 270 LOCUS
1002 210 1207 271 VICESIMUS
1226 212 1374 273 SEXTUS

272 366 471 418 beatitudinem
494 366 618 434 pertinet
637 367 709 419 scire
736 383 784 434 ea,
810 383 882 435 qaae
905 370 946 422 ad
968 384 998 421 se
1016 368 1120 441 perti-l
1135 371 1170 423 de
1197 371 1337 441 praesenti
1365 371 1516 426 viventium
1551 375 1626 424 statu
1656 368 1762 440 aliquid
1791 368 1967 438 concludere,

224 440 229 447 ’
273 462 349 518 nent,
381 461 407 507 et
427 454 584 522 praecipue
615 469 687 521 quae
714 453 827 515 faciant
851 455 892 506 od
916 455 1048 508 honorem
1079 463 1105 507 ct
1133 457 1270 523 quomodo
1290 457 1372 510 etiarn
1392 456 1468 510 dives
1486 455 1568 526 epulo
1589 455 1624 509 de
1643 461 1718 508 statu
1735 456 1852 510 fratrum
1870 472 1967 524 super-

271 539 401 605 atorinm.
447 541 602 592 Praeterea
629 540 697 607 quia
721 540 814 592 sancti
837 539 867 592 in
886 540 971 593 limbo
990 559 1045 594 reon
1063 544 1104 594 ita
1129 540 1224 594 stitum
1252 541 1358 610 aliquid
1391 550 1513 597 noverat.
1572 550 1595 595 t.
1626 540 1790 595 Summatim
1821 547 1900 596 extra
1935 548 1964 596 et

269 626 400 691 parebant
426 643 524 678 curam
541 643 636 679 rerum
655 634 832 692 nostrorum,
853 643 903 679 nec
924 635 1004 680 erant
1019 645 1104 696 prae-
1128 633 1239 693 praeter
1255 627 1424 696 Scripturam
1440 635 1533 680 nostro
1552 627 1667 681 arbitrio
1684 627 1752 680 nihil
1774 627 1963 682 definiendum

265 712 356 778 positi
374 712 524 780 ecclesiae,
550 720 580 764 nt
605 713 698 765 sancti
715 711 745 763 in
764 713 841 764 coelo
861 722 932 768 aunt.
969 718 993 767 2.
1014 713 1102 766 Abra·
1128 717 1171 764 est
1191 712 1226 766 de
1245 719 1319 767 statu
1335 712 1542 777 defunctorum,
1568 714 1635 781 qaia
1654 730 1710 766 non
1728 715 1845 766 intrauit
1863 716 1892 767 in
1914 731 1964 767 cor

268 795 365 849 hamus
384 814 440 851 non
466 797 521 851 fuit
545 797 573 849 in
597 796 681 852 limbo
706 796 826 868 quodam
856 799 1022 852 constitutus
1040 806 1103 853 eta
1127 796 1260 866 hominis,
1284 799 1354 866 qnid
1373 801 1455 867 Deae
1472 801 1619 868 paraverit
1636 816 1667 853 se
1685 801 1879 869 attinentibus,
1897 799 1963 855 En.

268 881 397 936 beatifica
414 883 469 937 Dei
493 883 599 938 visione
615 891 752 952 remotus,
771 885 819 939 sed
838 885 866 938 11
885 887 1004 940 coeleste
1024 885 1102 940 habi·
1129 889 1171 952 64,
1188 900 1215 940 v.
1239 891 1262 940 4.
1284 892 1304 940 l.
1325 883 1451 941 Corinth.
1472 890 1496 950 2,
1514 903 1540 938 v.
1561 891 1585 941 9.

267 969 388 1021 taculum
407 978 436 1023 et
451 986 567 1039 regnum
584 968 689 1040 gloriae
707 976 836 1041 receptus
863 976 895 1025 ut
912 988 962 1025 suo
976 971 1037 1026 loco
1055 972 1101 1025 de·
1163 974 1221 1025 332.
1257 974 1281 1023 4.
1300 971 1328 1024 Ἀ
1346 971 1444 1027 simili.
1486 973 1724 1032 Quemadmodum
1742 988 1792 1024 ree
1812 971 1962 1039 quispiam,
1979 976 2051 1018 11111

267 1055 490 1109 monstravimus.
528 1059 552 1110 3.
571 1055 699 1109 Diximus
719 1057 855 1125 superius,
874 1056 1101 1128 distinguendum
1127 1056 1154 1107 si
1179 1058 1214 1110 dc
1237 1057 1388 1110 assidentis
1418 1058 1472 1110 sihi
1500 1057 1585 1109 amici
1612 1075 1713 1124 mapsa
1745 1058 1890 1110 commodo
1919 1056 1965 1109 vet

267 1155 328 1193 esse
346 1140 417 1195 inter
433 1140 560 1195 notitiam
578 1143 739 1209 peneratem
758 1158 791 1195 ac
808 1144 967 1212 specialem.
1011 1142 1101 1196 Abra·
1128 1142 1229 1196 eaimio
1248 1143 1345 1211 atiqrm
1364 1144 1434 1197 hono
1447 1159 1504 1215 per
1524 1144 1623 1196 literas
1642 1145 1746 1195 certior
1769 1150 1838 1195 esset
1855 1144 1965 1209 factus,

266 1226 329 1279 ham
353 1234 382 1280 et
400 1242 493 1282 omnen
519 1228 609 1282 sancti
635 1228 664 1282 iu
689 1245 790 1298 genere
816 1235 932 1293 norunt,
955 1228 1100 1283 ecclesiam
1127 1245 1183 1280 non
1205 1228 1392 1299 sentiment,
1422 1231 1543 1282 amicam
1558 1229 1610 1282 hoc
1627 1228 1692 1296 jare
1710 1228 1854 1281 amicitiae
1870 1229 1965 1280 oetan-

267 1313 442 1378 militantem,
460 1320 489 1368 et
506 1314 617 1384 singula
635 1315 695 1383 ejus
714 1314 837 1368 membra
855 1315 883 1368 in
896 1314 949 1369 hac
965 1315 1023 1369 vita
1041 1331 1100 1370 esse
1127 1315 1208 1378 dam,
1239 1314 1320 1381 cujas
1353 1317 1438 1369 sciret
1469 1317 1606 1385 paediam
1636 1331 1690 1384 per
1723 1315 1804 1368 ittam
1833 1315 1965 1366 notitiam

267 1398 395 1468 subjecta
414 1400 504 1468 111101,
527 1400 625 1471 111ρί01
645 1409 741 1455 contra
757 1402 786 1454 in
803 1399 855 1455 hoc
873 1401 976 1456 mundo
995 1401 1100 1471 florere,
1126 1401 1297 1453 vehementer
1315 1402 1415 1469 aupes-i
1433 1419 1534 1471 posse,·
1562 1404 1603 1457 sic
1622 1404 1717 1466 Deua,
1736 1402 1786 1471 qni
1802 1409 1965 1454 sanctornm

267 1486 315 1538 sed
337 1502 370 1539 ex
390 1502 423 1540 eo
446 1486 541 1541 inferri
565 1487 676 1558 nequit,
705 1488 779 1558 quod
802 1487 830 1541 in
856 1488 948 1557 specie
964 1489 1100 1559 cujusque
1125 1504 1239 1539 suorum
1255 1488 1411 1556 perfectam
1431 1488 1568 1557 paediam
1593 1489 1751 1555 desiderat,
1777 1487 1849 1540 nihil
1867 1504 1964 1540 eorum

267 1571 306 1642 pii
349 1573 473 1643 singulas
518 1574 641 1629 miserias
684 1581 712 1629 et
747 1575 931 1630 adversitates
964 1574 1098 1632 noverint.
1126 1572 1202 1641 ipsos
1232 1573 1317 1639 celat,
1349 1591 1421 1642 qnae
1450 1575 1547 1643 atiquo
1578 1576 1661 1627 modo
1689 1573 1767 1628 illud
1792 1589 1894 1640 aspere
1917 1574 1965 1628 eet

265 1663 290 1715 4.
309 1661 484 1729 Augustinus
502 1661 519 1714 l.
540 1661 574 1715 de
593 1678 649 1715 cur.
669 1677 719 1730 pro
737 1661 859 1715 mortuis.
884 1679 906 1715 c.
931 1667 970 1718 15.
987 1678 1099 1731 respon·
1121 1660 1259 1727 perficere
1283 1670 1411 1728 posceret.
1457 1661 1614 1730 Ejusmodi
1631 1677 1696 1714 vero
1722 1668 1786 1712 sant
1811 1662 1964 1726 orationes,

266 1742 359 1811 deret,
378 1744 569 1799 Abrahamum
588 1763 621 1801 ex
639 1746 772 1801 relatione
789 1746 950 1818 augelorum
966 1753 995 1802 et
1012 1748 1099 1818 ipsius
1126 1746 1258 1815 1111111111
1284 1746 1359 1814 ipsos
1383 1765 1402 1800 a
1420 1747 1573 1800 ciaerctihus
1593 1748 1776 1815 effundantur
1794 1754 1820 1799 et
1841 1765 1964 1816 qnocsm

264 1828 364 1882 Lazari
396 1830 576 1900 praeteritum
608 1832 700 1886 divitis
739 1832 864 1902 epulonis
899 1850 933 1887 aa
968 1835 1098 1903 pauperis
1125 1848 1178 1899 que
1197 1834 1280 1885 modo
1299 1833 1329 1884 in
1346 1833 1473 1900 ipsorum
1490 1832 1614 1901 pieriam
1632 1834 1668 1884 oh
1686 1832 1785 1885 iisdem
1805 1834 1964 1902 suscipian-

263 1914 363 1969 Lanari
384 1924 486 1971 statum
502 1919 680 1988 cognovisse,
699 1919 747 1974 aed
770 1937 802 1973 ex
822 1936 854 1973 eo
877 1919 971 1973 inferri
990 1921 1097 1989 nequit,
1125 1925 1186 1978 tur.
1216 1916 1347 1972 Costsrus
1374 1918 1401 1974 d.
1423 1917 1442 1975 l.
1460 1919 1589 1972 Becanus
1617 1918 1652 1974 de
1675 1919 1731 1974 inv.
1756 1928 1842 1972 sanct.
1864 1937 1893 1990 p.
1919 1925 1963 1975 67.

265 2005 339 2071 quod
358 2011 531 2072 praesentem
549 2005 685 2075 cujusque
704 2005 743 2075 pii
761 2011 864 2059 statum
884 2006 914 2059 in
933 2006 1096 2076 particulari
1123 2003 1349 2074 Respondemus:
1371 2009 1394 2061 1.
1412 2003 1513 2058 similis
1532 2022 1586 2057 non
1601 2005 1728 2074 probant,
1748 2005 1797 2059 sed
1811 2005 1962 2060 illustrant.

263 2094 292 2141 et
304 2089 386 2158 juxta
403 2105 497 2145 omnes
517 2106 550 2144 ac
570 2091 694 2162 singulas
714 2091 934 2146 circumstantias
955 2093 1098 2163 cognitum
1125 2096 1149 2145 2.
1175 2090 1220 2144 De
1251 2096 1327 2144 statu
1355 2090 1466 2144 futurae
1495 2091 1600 2162 gloriae
1627 2108 1682 2144 non
1709 2098 1800 2160 potest
1820 2091 1963 2161 judicium

263 2172 372 2229 habeat.
1123 2175 1182 2231 fieri
1207 2194 1240 2232 ex
1261 2181 1337 2230 statu
1361 2175 1445 2246 hujus
1464 2177 1550 2241 vitae,
1576 2183 1653 2230 extra
1673 2177 1833 2246 Scripturas
1861 2177 1962 2232 suffra-

297 2266 354 2317 331.
391 2268 416 2318 3.
432 2262 565 2334 Ejusdem
578 2265 1100 2335 1111011111,1111111111611111111
1123 2263 1207 2334 giam
1245 2261 1478 2319 1111111611
1503 2263 1691 2317 similitudinis
1713 2264 1958 2335 praesupponitur,

261 2347 290 2400 in
309 2350 424 2414 inferno
442 2369 498 2404 non
516 2352 656 2420 ignorant,
676 2369 751 2421 quae
765 2354 806 2405 od
821 2352 945 2421 ipsorum
959 2355 1097 2422 majorem
1122 2350 1198 2420 quod
1227 2350 1316 2404 sancti
1341 2350 1431 2404 sinta
1457 2349 1614 2404 viventibus
1639 2350 1801 2418 invocandi,
1827 2358 1856 2406 et
1879 2351 1958 2422 quod
2042 2347 2043 2351 ¹

261 2437 469 2491 damnationem
488 2457 508 2491 a
524 2439 675 2492 viventibus
694 2441 774 2503 finnt,
792 2439 879 2492 multo
897 2440 988 2510 meeis
1006 2441 1099 2494 sancti
1123 2435 1406 2490 nominenominee
1427 2435 1544 2507 gloriam
1569 2453 1664 2489 eorum
1689 2436 1836 2506 pertineat.
1871 2436 1962 2508 Atqui

261 2524 291 2575 in
314 2524 401 2577 coelis
424 2533 603 2594 copnoacent,
633 2541 705 2594 quas
735 2544 754 2579 a
782 2525 934 2579 visentibus
962 2535 1097 2596 parantur
1124 2523 1214 2576 sancti
1231 2528 1347 2588 norunt,
1371 2522 1408 2576 ad
1427 2523 1511 2576 solius
1530 2522 1583 2576 Dei
1608 2521 1725 2592 gloriam
1743 2522 1882 2592 pertinere
1897 2523 1961 2576 reli·

260 2611 302 2661 ad
319 2611 456 2678 maj0rem
472 2628 551 2664 suam
568 2612 700 2680 pieriam.
747 2612 806 2666 Sed
828 2628 922 2665 uerum
943 2615 1041 2683 prius,
1066 2621 1097 2668 at
1123 2607 1230 2680 giosam
1255 2609 1469 2666 invocationem.
1512 2608 1588 2678 Ergo
1611 2625 1672 2662 eam
1698 2625 1754 2662 non
1782 2617 1814 2663 ut
1842 2610 1960 2678 gloriam

260 2702 370 2747 constat
403 2697 531 2765 eaempto
569 2696 665 2751 divitie
701 2697 845 2767 epulonis,
887 2698 937 2767 qni
973 2708 1203 2775 noveratqsuam
1230 2693 1380 2764 recipiunt,
1406 2695 1456 2748 sed
1482 2695 1575 2763 potius
1605 2701 1637 2747 ut
1670 2695 1786 2766 gloriam
1816 2695 1868 2748 soli
1898 2695 1960 2751 Dec

258 2784 369 2847 fratres
386 2782 427 2834 ad
445 2782 492 2836 sui
511 2783 694 2837 imitationem
709 2783 821 2852 perdite
838 2784 939 2840 cinere.
975 2787 1055 2853 Erpa
1073 2804 1099 2856 ⁰t
1126 2780 1249 2835 debitam
1266 2797 1284 2834 a
1302 2797 1333 2833 se
1347 2779 1501 2849 repellunt,
1528 2779 1622 2835 Actor.
1644 2786 1689 2837 10.
1707 2798 1732 2837 v.
1751 2787 1790 2851 26.
1807 2781 1897 2850 Apoe.
1919 2788 1958 2849 49,

258 2868 412 2934 posteriue,
431 2867 562 2924 (10111111
580 2868 643 2925 dl.
679 2869 903 2940 Respondemus:
932 2875 954 2929 1.
974 2887 1007 2926 ex
1024 2879 1099 2928 statu
1125 2885 1151 2920 v.
1175 2873 1215 2922 10.
1236 2872 1287 2921 etc.
1327 2872 1351 2921 4.
1372 2867 1612 2936 Praesupponitur
1629 2868 1713 2921 etiam
1730 2867 1807 2932 illud,
1827 2866 1903 2937 quod
1920 2867 1958 2920 ad

261 2952 455 3008 damnatorum
469 2970 526 3008 non
543 2959 637 3025 potest
654 2955 767 3025 procedi
780 2956 817 3010 ad
830 2962 932 3010 statum
947 2956 1097 3028 beatorum,
1125 2952 1258 3023 gaudium
1276 2961 1436 3006 sauctorum
1460 2952 1598 3021 pertineat
1622 2969 1789 3023 cognoscere
1807 2970 1902 3023 preces
1921 2953 1958 3006 ad

264 3056 326 3092 cum
346 3039 375 3092 in
393 3038 543 3110 Scripturis
567 3047 598 3094 ut
622 3042 738 3096 maxime
763 3042 883 3112 oppositi
908 3047 998 3097 status
1017 3044 1097 3099 nobis
1123 3056 1153 3093 te
1172 3038 1304 3106 directas,
1333 3038 1382 3093 ted
1414 3037 1545 3093 beatifica
1563 3037 1617 3092 Dei
1642 3039 1712 3091 vitio
1735 3045 1814 3093 tanto
1831 3056 1878 3094 eor
1895 3056 1957 3108 per·

258 3133 454 3195 proponantur.
501 3132 526 3181 2.
557 3125 731 3197 Supplicium
771 3127 963 3182 damnatorum
999 3146 1033 3184 ex
1064 3148 1096 3185 eo
1123 3124 1216 3179 fundit
1233 3125 1352 3196 gaudio,
1379 3131 1411 3179 nt
1429 3125 1562 3189 aliorum,
1582 3139 1654 3195 quae
1675 3133 1741 3178 sunt
1759 3132 1837 3179 extra
1855 3124 1956 3188 Deum,

259 3212 356 3281 augeri
374 3219 475 3281 potest,
495 3214 569 3283 qnod
588 3215 689 3278 sciunt,
709 3232 739 3269 se
756 3231 803 3268 eos
817 3214 1001 3269 damnationis
1015 3164 1248 3271 habi-lnotitiam
1278 3219 1307 3265 et
1336 3211 1470 3266 visionem
1501 3211 1612 3264 minime
1642 3211 1806 3268 desiderent·
1848 3218 1872 3266 5·
1898 3211 1956 3266 Nec

259 3302 336 3350 turos
361 3314 421 3351 esse
445 3300 547 3367 socios,
578 3316 648 3370 quos
678 3300 803 3370 exemplo
830 3300 1012 3370 seduxerunt,
1043 3303 1092 3356 sed
1121 3298 1290 3352 eredendum
1308 3304 1364 3364 est,
1391 3305 1501 3352 sanctos
1519 3315 1553 3351 er
1571 3315 1619 3362 eo,
1644 3298 1719 3366 quod
1738 3298 1843 3368 gloriae
1861 3305 1890 3354 et
1907 3297 1956 3352 ho·

260 3384 394 3454 gaudium
409 3386 552 3440 beatorum
577 3405 610 3442 ex
634 3387 739 3442 visione
758 3387 811 3442 Dei
832 3393 922 3442 ortum
944 3406 999 3443 non
1019 3384 1181 3460 capitinori
1208 3383 1262 3437 Dei
1287 3383 1421 3450 detrahit,
1448 3383 1648 3437 incrementum
1679 3384 1775 3453 gaudii
1806 3385 1956 3454 percipere.

261 3470 461 3525 incrementum
479 3488 511 3525 ex
530 3474 642 3541 notitia,
668 3490 720 3528 nec
738 3473 943 3529 decrementum
962 3491 996 3528 ex
1016 3476 1094 3546 igno·
1106 3468 1185 3527 11111
1203 3486 1268 3524 vero
1287 3469 1417 3540 religiosa
1441 3469 1579 3523 invocatio
1603 3469 1676 3537 ejus,
1709 3470 1783 3540 quod
1816 3478 1858 3524 est
1878 3478 1956 3524 111111

260 3557 351 3611 rantia
369 3573 473 3626 eorum,
493 3575 564 3629 quae
582 3559 671 3613 inhia
689 3561 769 3614 terris
790 3565 933 3632 gematur
965 3566 989 3617 3
1007 3561 1093 3616 Ante
1105 3546 1227 3627 lDeum,
1252 3555 1375 3608 detrahit
1391 3554 1498 3624 gloriae
1523 3555 1641 3609 divinae.
1685 3562 1709 3611 6.
1729 3555 1956 3610 Extraordinaris

257 3642 358 3696 cedens
391 3650 478 3697 111
458 3646 651 3714 particulare,
676 3645 824 3717 plerosque
848 3647 992 3701 damnatos
1023 3648 1106 3701 scire
1104 3630 1147 3696 'et
1164 3642 1294 3711 specialis
1312 3641 1484 3712 quarundam
1503 3658 1594 3693 rerum
1614 3641 1745 3694 revelatio
1765 3641 1801 3695 ad
1819 3659 1952 3713 augmen·

254 3746 302 3797 ea,
333 3730 451 3798 quaein
482 3730 562 3784 terris
591 3739 734 3802 geruntur
776 3732 852 3803 Ergo
877 3751 910 3789 ex
935 3751 968 3787 eo
996 3690 1177 3797 inferriltum
1207 3728 1303 3800 gaudii
1327 3729 1429 3781 sanetis
1453 3727 1482 3780 iu
1507 3727 1584 3780 coelo
1607 3727 1684 3781 faeta
1712 3728 1834 3782 nondum
1852 3727 1955 3798 prohat

254 3816 352 3885 nequit
384 3818 558 3882 universale,
596 3818 671 3888 quod
703 3836 797 3874 omnes
827 3820 915 3874 sancti
943 3821 973 3874 in
1006 3821 1090 3875 coelis
1117 3815 1618 3885 01111111111111111161ογ1111
1643 3813 1680 3866 ad
1700 3814 1884 3884 religiosam
1876 3831 1954 3868 ruvo-

254 3902 382 3955 noverint
406 3918 454 3969 ea,
480 3919 553 3973 quae
578 3904 608 3957 in
632 3904 712 3958 terris
737 3912 879 3976 geruntur
922 3911 946 3961 4
969 3905 1104 3961 Noverat·
1116 3901 1253 3954 tationem
1272 3902 1382 3954 omuino
1402 3901 1593 3955 necessariam.

255 3986 333 4041 dives
346 3988 435 4058 epulo,
452 3987 574 4042 fratres
566 4007 594 4042 11
609 3990 791 4044 terrisadhnc
806 3992 1008 4061 superstitesin
1022 3991 1089 4045 luxu
1151 3992 1210 4045 ³³3.
1255 3987 1448 4051 Quaeritur.
1435 3994 1456 4040 ·’.
1513 3988 1559 4039 An
1599 3988 1692 4039 sancti
1728 3989 1856 4051 defuncti
1893 3988 1951 4040 sint
1964 3988 2051 4080 mn

254 4090 287 4125 ae
312 4072 417 4127 deliciis
443 4075 549 4143 rivere,
577 4079 708 4143 noverat,
739 4093 787 4130 eos
819 4093 881 4131 esse
905 4075 1374 4187 contemnum*omnipraesenteet
1416 4073 1520 4128 Sensus
1547 4083 1575 4127 et
1599 4081 1686 4128 status
1712 4074 1880 4142 quaestionis
1899 4080 2051 4138 11111111

251 4157 356 4228 Moysis
369 4177 402 4213 ac
414 4160 627 4231 prophetarum
646 4162 711 4215 inde
724 4161 855 4233 collegere
866 4170 983 4233 potarat
1004 4164 1103 4218 etiam
1115 4178 1151 4214 111
1183 4162 1284 4214 sanctis
1319 4165 1459 4230 competat
1496 4160 1560 4213 talis
1596 4158 1841 4228 omnipraesentia,
1877 4144 2037 4235 qnasssffi,

249 4242 324 4314 ipsos
343 4246 480 4300 inlocum
504 4246 583 4301 illum
608 4255 807 4303 tormentorum
831 4249 868 4303 ad
892 4267 923 4303 11
949 4257 1088 4315 venturos,
1100 4234 1264 4317 requiritur
1287 4247 1323 4299 ad
1347 4246 1505 4315 religiosam
1528 4245 1751 4300 invocationem?
1797 4244 1949 4299 Affirmant
1961 4258 2051 4339 mim

250 4331 304 4383 nisi
326 4333 525 4401 poeniteutiam
554 4342 677 4405 agerent
722 4334 804 4399 Quod
832 4337 957 4390 autem
944 4355 974 4387 sn
995 4338 1102 4405 parti,
1100 4331 1260 4386 Pontificii
1290 4332 1428 4402 turpatus
1440 4331 1610 4384 Frontinus
1603 4349 1631 4384 11
1644 4331 1754 4400 scripto,
1764 4347 1820 4401 quo
1830 4333 1946 4400 exponit

249 4418 484 4486 11111νὲ101111,
514 4421 576 4490 quis
599 4421 772 4491 singulorum
799 4439 831 4475 eo
855 4432 980 4491 tempore
1003 4421 1211 4477 sacriticausas
1229 4435 1295 4472 suae
1312 4416 1491 4483 rinocerotem,
1510 4416 1769 4485 omnipraesentium
1788 4424 1947 4471 sanctorum

249 4510 351 4568 status,
379 4505 522 4576 Scriptura
541 4507 669 4577 nuspiam
698 4508 804 4562 asserit.
852 4478 1636 4578 1111111111111111111111111111111111Αροο.
1659 4510 1747 4566 14,v.
1769 4502 1948 4571 41811111-

249 4605 300 4641 nec
336 4605 368 4641 ex
407 4597 565 4645 sanctorum
597 4593 760 4665 angelorum
788 4593 936 4662 relatione,
972 4610 1023 4648 nec
1052 4608 1100 4649 ex:
1097 4580 1157 4645 tor
1177 4597 1298 4660 Aprum,
1317 4607 1478 4659 qnotranne
1496 4590 1569 4651 ierit,
1588 4591 1616 4642 in
1635 4606 1718 4660 quem
1738 4591 1830 4643 locum
1849 4589 1947 4643 111110-

247 4677 417 4746 aequalitate
441 4693 505 4732 cum
532 4681 652 4751 angelis,
683 4699 735 4736 nee
760 4697 792 4734 ex
818 4680 949 4734 beatifica
971 4681 1075 4736 risione
1078 4694 1211 4748 ,lnymus
1228 4677 1268 4730 sic
1284 4675 1369 4730 fuerit
1383 4684 1596 4729 commentatus:
1616 4676 1759 4743 Sidyma
1772 4675 1872 4743 atique
1893 4686 1944 4737 est,

246 4779 298 4816 nec
330 4779 362 4817 ex
394 4762 489 4817 divina
519 4767 690 4823 revelatione
720 4774 853 4831 noverat,
885 4767 953 4838 quid
983 4768 1098 4821 fratres
1096 4783 1177 4849 erpo
1197 4773 1221 4817 et
1244 4764 1349 4827 sarrcti,
1374 4763 1423 4830 qai
1441 4771 1590 4830 sequnntur
1611 4765 1735 4831 rtpnnm,
1760 4761 1860 4830 abique
1885 4781 1948 4814 cers·

245 4848 434 4919 superstites
427 4867 455 4902 11
474 4851 554 4904 terris
578 4860 704 4923 agerent.
749 4852 824 4924 Ergo
843 4868 876 4906 ex
897 4852 990 4907 divitis
1009 4854 1098 4917 111111
1110 4851 1191 4903 scindi
1216 4859 1290 4906 sunt.
1334 4849 1438 4918 Georg
1458 4847 1646 4902 Cassander
1639 4866 1668 4901 111
1693 4848 1809 4904 contult.
1830 4854 1882 4903 art
1902 4854 1931 4904 21

244 4935 368 5006 exemplo
387 4952 442 4989 uon
459 4944 552 5007 potest
571 4939 685 5037 pmbari
705 4940 803 4994 modus
822 4939 1001 5009 cognitionis,
1028 4944 1098 5009 quo!
1109 4955 1137 5006 p
1157 4941 1221 4991 964:
1242 4936 1342 4990 Sarrcti
1361 4954 1416 4989 nors
1434 4944 1496 4988 1111
1517 4953 1536 4987 a
1555 4936 1633 4988 noth
1652 4936 1789 5000 abrentes,
1815 4934 1884 5006 qm'a
1903 4954 1946 4989 se-

242 5024 332 5076 111111
352 5029 454 5076 norunt
472 5039 519 5092 ea,
551 5042 624 5094 quae
649 5027 678 5081 in
700 5026 780 5080 terrie
804 5033 956 5097 geruntur,
988 5043 1083 5081 omnes
1110 5033 1232 5092 quantor
1252 5023 1374 5092 Aprensis,
1393 5038 1556 5090 quocunqne
1575 5023 1649 5074 ierit.
1692 5020 1726 5075 In
1743 5020 1854 5076 Mariali
1871 5022 1947 5091 psal·

240 5110 313 5163 enim
335 5108 372 5162 illi
394 5110 477 5179 modi,
495 5128 546 5181 per
565 5128 634 5182 quos
654 5129 697 5168 rss
717 5112 852 5166 humanas
873 5113 962 5166 sancti
980 5129 1097 5197 cogno-
1095 5110 1178 5164 terio
1197 5109 1336 5178 Deiparae
1355 5106 1515 5179 frequenter
1538 5109 1579 5161 sic
1599 5107 1744 5162 aecinunt.
1770 5111 1881 5163 Mecum
1905 5109 1947 5162 sis

241 5213 317 5250 scere
336 5202 513 5268 statuuntur,
532 5198 569 5251 ad
587 5198 637 5253 illa
656 5206 777 5270 quatuor
796 5200 889 5269 capita
909 5206 1081 5254 revocantur.
1095 5172 1139 5249 'in
1158 5197 1284 5248 01111111
1305 5195 1374 5247 niens
1392 5194 1628 5247 tribulationibus
1666 5193 1889 5250 Bellarminust.
1910 5195 1946 5251 de

240 5285 264 5334 6.
284 5281 313 5335 Si
331 5283 502 5353 comparatio
532 5283 617 5339 debet
649 5302 710 5341 esse
740 5285 878 5357 legitima,
908 5301 1081 5357 consequens
1094 5272 1182 5336 '.beat
1202 5286 1395 5338 11101126
1420 5297 1494 5349 resp.
1517 5280 1599 5334 1116.
1628 5297 1686 5351 arg.
1705 5280 1822 5334 adducit
1839 5280 1946 5335 dictum

238 5367 336 5432 fuerit,
355 5378 465 5424 sanctos
486 5387 519 5425 ex
538 5371 680 5426 verisimili
703 5373 865 5428 collectione
883 5387 993 5436 eorum,
1008 5388 1080 5443 quae
1095 5368 1221 5423 ,Basiliis
1237 5369 1407 5421 Revereatur
1424 5366 1587 5433 1191101111
1607 5367 1838 5421 innumerabilem
1850 5368 1946 5421 maiti-

237 5452 268 5507 in
284 5453 337 5507 hac
364 5456 496 5511 visasint
525 5456 592 5529 ipsis
616 5459 662 5514 val
685 5459 748 5513 aliis
772 5459 907 5530 obtigisse
931 5463 1075 5522 noverunt,
1093 5450 1233 5515 itudinem
1249 5462 1276 5508 et
1294 5472 1357 5507 cam
1374 5455 1419 5507 hia
1432 5461 1550 5522 patrum
1571 5462 1682 5506 sanctos
1701 5454 1828 5522 spiritus,
1845 5455 1944 5510 11111111
