4104 6014
272 231 332 291 270
860 225 982 284 IrOCUS
1000 222 1204 282 VICESIMUS
1223 223 1369 285 SEXTUS

273 379 429 450 (ι’-11901101
449 391 530 434 errat
544 399 649 449 pueros
669 383 856 450 elementaque
873 382 964 434 tradit
1113 386 1173 453 qest
1192 378 1316 436 infinitae
1334 383 1475 451 potentiae
1493 398 1571 454 opus,
1589 389 1647 437 tam
1665 383 1799 437 audacter
1816 378 1968 437 asserunt?

267 466 377 531 Prima,
394 467 498 519 deinde
516 469 600 520 etiarn
618 469 776 521 studiorum
796 468 918 520 instillat
938 484 1069 520 amorem.
1113 464 1153 537 54.
1173 468 1219 520 En
1235 468 1300 535 ipso
1325 471 1556 523 adversariorum
1581 469 1735 538 lippothesr'.
1780 468 1967 523 Bellarminus

267 552 399 605 Nicoleos
416 561 520 604 nautas
538 553 654 606 miseros
672 559 779 606 tutatur
797 552 828 605 in
847 553 916 620 alta,
1112 541 1179 607 'lib.
1201 557 1221 607 1.
1247 553 1282 607 de
1300 552 1410 608 Christo
1435 570 1460 610 c.
1485 560 1509 611 9.
1534 555 1707 609 divinitatem
1736 553 1839 608 Christi
1862 553 1968 624 probat

266 621 374 705 Et⁰qui
389 638 537 705 trajiciunt
554 638 627 690 rasti
646 639 754 692 tumida
776 655 902 707 aequora
915 638 1007 707 ponti,
1127 653 1161 692 ex
1180 654 1226 700 cc,
1255 640 1332 707 qnod
1350 641 1446 693 omnia
1474 650 1615 694 somerset
1644 660 1678 694 aa
1704 641 1853 710 qulernet,
1879 640 1966 708 juata

266 723 483 793 ¹Christoplrorus
500 725 609 793 prandi
626 726 752 796 depictus
772 742 891 794 corpore
911 725 995 793 culpo
1111 692 1217 791 idiota,
1248 726 1342 779 omnia
1371 727 1401 779 in
1427 727 1490 796 ipso
1514 735 1657 794 eonststnt,
1691 738 1716 780 et
1742 735 1843 795 portat
1867 727 1966 781 omnia

267 807 354 862 Curat
372 810 463 878 idem,·
482 819 641 880 tantumque
658 813 817 881 adspectus,
837 814 927 865 noctis
944 819 1054 863 atroces
1110 801 1208 881 lambo
1229 813 1340 865 virtutis
1358 829 1434 866 suae.
1455 830 1478 868 c.
1495 817 1533 868 13.
1554 812 1725 868 divinitatem
1739 812 1857 883 Spiritus
1875 813 1966 867 sancti

271 896 351 950 Visus
368 903 544 965 terroresque
566 905 643 950 arcet
659 914 838 967 somnumque
855 899 978 966 quietum
1125 894 1226 963 probat
1245 915 1278 952 ex
1306 913 1352 959 eo,
1377 900 1455 967 quod
1486 899 1645 964 ecelesiam,
1678 917 1750 970 quae
1779 908 1819 953 eet
1843 917 1964 968 repnurn

268 985 403 1051 Certaque
416 1000 472 1052 per
489 984 575 1036 sitam
593 984 699 1037 cultori
715 985 823 1051 quudia
841 985 959 1052 consent.
1127 981 1247 1052 Olrristi,
1271 993 1303 1036 ut
1320 986 1462 1039 Dominus
1487 986 1631 1039 absolutus
1648 986 1788 1054 pubernet.
1830 984 1917 1056 Atqui
1939 986 1962 1039 si

265 1071 309 1124 Ne
326 1077 444 1122 noceant
462 1069 540 1138 iqnes
559 1079 729 1139 surpantqne
747 1071 879 1122 incendia
898 1070 972 1137 dira,
1125 1068 1207 1123 etism
1236 1070 1339 1125 sanctis
1367 1071 1498 1143 competit
1531 1071 1690 1142 praesidere
1717 1071 1800 1126 rebus
1827 1070 1965 1139 humanis,

266 1157 326 1209 Dat
344 1156 433 1208 uirtus
453 1155 599 1223 1191111100,
612 1172 704 1226 porro
722 1163 787 1209 orta
806 1155 976 1223 exstinquere
992 1156 1087 1219 fertur
1124 1154 1257 1211 ecclesias
1275 1173 1418 1227 praeesse,
1439 1158 1532 1213 omnis
1549 1158 1577 1210 in
1596 1158 1676 1212 terris
1697 1157 1868 1229 gubernare,
1886 1156 1964 1212 labe·

264 1241 430 1310 Florianus,
448 1244 531 1306 ferro
549 1249 623 1295 totns
641 1242 762 1294 munitus
781 1250 807 1294 et
823 1259 897 1295 urna
1124 1238 1258 1296 iactatum
1281 1243 1332 1298 erit
1348 1243 1432 1314 th'us
1450 1243 1605 1314 argumenti
1617 1243 1837 1299 fundamentum.
1876 1248 1901 1296 t.
1915 1244 1964 1296 En

267 1327 404 1382 Graviter
422 1330 577 1391 infundent
601 1329 728 1382 Urbanus
746 1329 813 1380 nina
831 1329 967 1381 secundat
1123 1327 1335 1395 paternationis
1352 1331 1496 1403 requisita
1542 1328 1610 1382 Esse
1631 1328 1786 1398 praesidem
1807 1345 1840 1383 ac
1858 1327 1961 1401 gnber-

264 1415 304 1468 Et
320 1414 408 1468 multo
427 1415 519 1482 replet
536 1413 696 1483 spumantia
715 1414 795 1467 dolia
815 1423 910 1468 musto.
1125 1421 1249 1469 natorem
1280 1432 1371 1470 rerum
1406 1422 1593 1484 terrenarum,
1626 1416 1785 1485 cumprimis
1818 1415 1961 1479 ecclesiae,

263 1502 387 1555 Iodoons
405 1497 504 1568 fraqes
518 1501 624 1554 tristia
637 1502 766 1568 rubipine
780 1507 881 1565 serrat,
1122 1499 1238 1569 requirit
1257 1499 1380 1568 divinam
1407 1507 1436 1555 et
1460 1501 1595 1556 infinitam
1626 1504 1769 1565 virtutem,
1796 1508 1828 1555 ut
1851 1508 1962 1556 constat

265 1590 304 1641 Et
322 1588 439 1640 bruchos
457 1587 533 1641 toltit
549 1586 686 1655 Mopsus.
727 1587 788 1639 Tua
804 1604 883 1654 cura,
904 1583 1018 1653 Geor-pi,
1123 1600 1156 1639 ex
1182 1601 1228 1648 eo,
1254 1587 1329 1656 quod
1349 1584 1475 1641 Christus
1504 1588 1569 1643 inda
1600 1594 1684 1658 atque
1715 1588 1778 1641 ideo
1806 1587 1961 1641 secundum

266 1674 336 1728 Sunt
354 1675 458 1742 equites
485 1688 641 1741 maqnaqus
664 1672 759 1725 colunt
783 1680 831 1724 tua
852 1673 973 1736 foedera
990 1687 1098 1739 pompa
1122 1669 1272 1725 humanam
1298 1679 1427 1727 naturam
1453 1690 1502 1728 rex
1532 1680 1560 1728 et
1588 1679 1674 1744 caput
1698 1673 1834 1729 ecclesiae
1859 1674 1963 1727 dicitur

263 1761 354 1827 Reqes
372 1768 455 1828 atque
474 1761 559 1812 duces
575 1776 827 1828 qenerosorumque
845 1767 980 1812 emersae.
1123 1757 1300 1826 constitutus,
1326 1759 1393 1829 quia
1423 1759 1511 1813 omnis
1535 1765 1658 1829 potestas
1685 1757 1713 1811 in
1741 1758 1817 1814 coelo
1837 1775 1870 1813 ac
1887 1766 1963 1814 terra

266 1848 354 1902 Curat
373 1863 457 1914 equos
472 1846 559 1911 saber
576 1845 726 1914 Eulopiua
746 1853 853 1898 tutatur
872 1852 898 1898 et
916 1861 1009 1898 omnes
1122 1841 1177 1912 ipsi
1198 1843 1272 1899 data.
1308 1844 1373 1900 dam
1391 1860 1457 1899 vero
1484 1845 1572 1899 sancti
1592 1862 1647 1898 non
1666 1851 1731 1898 sunt
1749 1845 1961 1914 omnipotentes,

265 1933 381 2001 Falros,
399 1948 448 1984 seu
463 1932 574 1995 ferrum
594 1938 720 1994 tractent,
737 1948 787 1984 seu
802 1931 948 2000 puls-brius
969 1947 1078 1983 aurum.
1122 1934 1154 1981 nt
1178 1928 1394 1985 demonstratum
1421 1931 1475 1985 fuit
1504 1937 1609 2001 quaest.
1635 1936 1658 1989 3.
1703 1930 1775 1985 Item
1801 1932 1961 2002 gubernare

266 2018 368 2072 Omnia
382 2019 524 2087 pictorum
541 2026 633 2070 servat
650 2017 770 2084 callepio
788 2017 888 2082 Lucas,
1122 2029 1166 2068 res
1182 2014 1332 2083 humanas,
1364 2016 1541 2086 cumprimis,
1562 2016 1707 2071 ecelesiam
1732 2019 1849 2088 requirit
1874 2017 1961 2071 omni-

265 2104 380 2158 Oosmas
400 2122 460 2158 eum
478 2105 555 2158 socio
574 2105 696 2157 medicos
715 2104 846 2171 dqfendit
865 2110 892 2155 et
909 2108 1000 2169 ornat,
1122 2104 1323 2171 praesentiam,
1346 2103 1412 2175 qnia
1431 2102 1508 2158 Dens
1532 2119 1587 2157 non
1608 2104 1724 2171 absens,
1753 2105 1802 2158 sed
1828 2121 1961 2173 praesens

264 2193 364 2245 Omnes
381 2193 444 2260 quis
461 2198 586 2244 numeret
607 2190 687 2242 diuos
707 2191 842 2256 divosque
858 2197 991 2259 papatus,
1123 2188 1216 2242 omnia
1235 2188 1388 2259 gubernat,
1408 2206 1463 2243 non
1483 2189 1571 2243 utitur
1590 2189 1714 2257 vicariis,
1737 2189 1786 2245 ssd
1803 2191 1863 2260 ipse
1881 2208 1960 2261 prae·

264 2280 314 2332 Ad
332 2295 401 2347 quos
416 2277 531 2346 quisque
544 2277 623 2345 sapit
641 2283 733 2344 contu,
746 2290 842 2346 prece,
861 2290 981 2339 munere,
999 2273 1098 2326 01111113
1122 2273 1293 2329 sentissimus
1325 2275 1418 2330 omnia
1450 2274 1634 2329 administrat.
1682 2275 1746 2330 Jam
1775 2293 1839 2330 vero
1870 2276 1961 2331 sancti

1122 2375 1178 2413 nun
1204 2368 1269 2415 sunt
1301 2361 1550 2431 omnipraesentes,
1588 2368 1621 2415 ut
1649 2360 1818 2415 ostendimus
1852 2369 1959 2434 quaest

139 2465 251 2513 11111111
299 2454 358 2504 351.
394 2447 550 2518 Negantem
570 2444 738 2516 quaestionis
757 2450 865 2516 partem
879 2446 1096 2501 demonstramus
1123 2449 1146 2499 2.
1175 2443 1340 2500 Gubernsre
1369 2464 1413 2502 res
1442 2455 1566 2501 terrenas
1599 2453 1627 2500 et
1659 2463 1787 2516 praeesse
1816 2448 1959 2514 ecclesiae,

135 2519 333 2590 1’¹“¹‘''²“‘·l.err
354 2534 520 2602 Scripturas
536 2532 655 2587 silentio.
686 2531 829 2601 Scriptura
846 2532 973 2602 nuspiam
991 2531 1096 2597 asserit,
1122 2531 1237 2602 requirit
1262 2533 1498 2597 omniscientiam,
1524 2533 1589 2602 quia
1607 2535 1741 2601 διοίκησις
1759 2535 1961 2604 praesupponit

262 2621 366 2675 sanctis
378 2619 606 2691 gubernationem
620 2624 648 2672 et
658 2617 808 2672 dominium
820 2635 911 2672 rerum
925 2625 1095 2672 terrenarum
1121 2621 1232 2686 γνῶσιν.
1280 2619 1345 2675 dam
1373 2636 1439 2675 vero
1467 2620 1556 2674 sancti
1585 2636 1640 2673 non
1671 2625 1736 2672 sunt
1760 2621 1899 2686 omniscii,
1927 2625 1960 2673 ut

262 2725 322 2765 esec
338 2707 521 2761 commissum.
549 2704 627 2768 Quae
640 2720 690 2772 pro
703 2719 735 2757 eo
753 2703 917 2758 stabiliendo
934 2702 1097 2771 afferuntur,
1122 2711 1262 2758 ostensum
1281 2705 1335 2759 fuit
1353 2713 1459 2776 quaest.
1485 2712 1506 2761 1.
1541 2710 1566 2759 6.
1588 2707 1634 2758 Es
1652 2706 1786 2759 absurdo.
1818 2705 1912 2761 Sancti
1929 2705 1958 2759 in

262 2797 289 2849 in
309 2795 430 2850 alienum
449 2793 649 2862 detorquentur
667 2806 790 2857 sensum,
816 2795 848 2843 ut
865 2796 963 2860 postea
981 2806 1094 2861 appare·
1121 2789 1171 2844 illa
1189 2791 1286 2844 mundi
1304 2797 1332 2846 et
1349 2792 1483 2848 ecclesiae
1502 2790 1703 2863 gubernatione
1721 2798 1770 2845 sut
1797 2793 1889 2855 finite,
1908 2800 1958 2846 ant

266 2882 315 2937 bit.
353 2890 378 2937 2.
397 2881 444 2933 En
462 2881 520 2932 Dei
533 2879 665 2948 proprio.
706 2875 796 2931 Solius
815 2876 867 2930 Dei
885 2875 1026 2947 proprium
1044 2882 1095 2945 est,
1120 2875 1229 2930 infinita
1255 2878 1357 2932 virtute
1381 2885 1476 2949 agunt.
1516 2878 1545 2933 Si
1564 2878 1648 2948 prius,
1667 2895 1722 2931 non
1742 2885 1807 2932 sunt
1829 2879 1958 2949 religiose

241 2970 353 3023 -omnis
370 2969 398 3022 in
418 2967 495 3021 coelo
514 2981 547 3019 sc
566 2970 641 3018 terra
660 2962 830 3034 gubernare,
858 2964 940 3018 rebus
966 2962 1093 3017 humanis
1120 2962 1282 3029 invocandi,
1303 2964 1369 3035 quia
1387 2974 1419 3018 nt
1435 2964 1565 3035 religiose
1583 2961 1644 3034 quis
1663 2963 1819 3031 invocetur,
1838 2966 1958 3035 requiri-

260 3056 417 3126 praesidere
437 3059 466 3108 et
483 3052 603 3107 omnium
623 3067 717 3105 curam
735 3067 839 3121 gerere.
882 3049 921 3106 Ut
941 3050 999 3120 ipse
1018 3048 1092 3104 solus
1120 3056 1166 3102 tur
1185 3049 1273 3103 virtus
1292 3048 1409 3106 infinita.
1441 3050 1525 3104 Adde
1543 3051 1617 3121 quod
1635 3057 1761 3120 pastores
1777 3051 1956 3105 eeclesiarum

260 3150 302 3197 est
318 3133 441 3195 omnium
460 3146 581 3205 creator,
601 3136 641 3191 ita
661 3153 771 3209 quoque
791 3145 976 3202 conservator,
993 3137 1092 3207 guber·
1121 3152 1153 3190 ex
1171 3134 1320 3206 hypothesi
1338 3135 1546 3191 Pontificiorum
1565 3137 1621 3190 sint
1647 3137 1788 3207 praesides
1808 3143 1837 3191 et
1854 3137 1956 3208 guber·

260 3239 338 3282 nator
362 3235 390 3281 et
415 3225 543 3280 director.
593 3222 651 3277 Jos.
678 3229 708 3291 t,
736 3241 762 3278 r.
794 3227 837 3278 11:
869 3222 979 3275 Jetovn
1013 3225 1093 3276 Deus
1120 3228 1229 3276 ueteres
1255 3223 1403 3291 ecclesiae,
1432 3239 1484 3276 nec
1513 3230 1606 3277 tamen
1633 3224 1760 3294 religiose
1784 3223 1956 3279 invocantur.

258 3323 347 3368 nester
364 3321 406 3366 est
426 3314 506 3365 Dens
524 3309 553 3362 in
579 3310 664 3362 coelis
685 3327 774 3378 supro
801 3317 828 3361 et
846 3308 876 3360 in
899 3308 984 3362 terris
1003 3310 1091 3370 infra.
1121 3306 1249 3379 Denique
1267 3325 1438 3380 consequens
1458 3309 1552 3378 luerit,
1570 3310 1674 3379 duplici
1691 3310 1794 3363 virtute
1810 3310 1956 3365 ecclesiam

258 3402 359 3456 Psalm.
379 3405 409 3465 8,
437 3416 463 3451 v.
496 3403 524 3452 1:
554 3397 676 3450 Domine
706 3396 848 3447 Dominus
875 3403 982 3461 noster,
1008 3411 1092 3463 quam
1120 3395 1278 3465 gubernari,
1296 3396 1447 3451 infinitaet
1465 3396 1560 3451 divina
1574 3396 1684 3463 Christi,
1703 3395 1957 3451 finitaetbumana

259 3486 426 3541 admirabile
463 3492 503 3536 est
539 3501 638 3535 nomen
672 3490 749 3533 tuum
780 3482 810 3533 in
839 3481 971 3534 nnioersa
996 3481 1093 3534 terra!
1120 3490 1284 3534 sanctorum.
1324 3481 1353 3537 si
1370 3482 1521 3551 posterius,
1546 3481 1634 3535 virtus
1653 3482 1701 3535 illa
1718 3491 1873 3536 sanctorum
1893 3481 1956 3536 infi-

260 3573 359 3628 Pealm.
380 3576 427 3634 33,
453 3587 478 3622 r.
503 3575 548 3623 13:
575 3571 604 3622 E
622 3568 709 3621 coelis
731 3567 848 3636 respicit
869 3567 992 3635 Jetora,
1017 3567 1093 3619 sidet
1120 3568 1181 3621 nita
1196 3567 1262 3636 ipsis
1281 3567 1334 3622 erit
1347 3568 1391 3622 vel
1408 3567 1591 3623 essentialiter
1605 3569 1724 3638 propria,
1743 3568 1788 3621 vel
1802 3571 1954 3623 communi·

260 3675 352 3714 omnes
369 3657 443 3719 tilios
467 3655 614 3708 hominum.
643 3670 668 3708 r.
697 3658 737 3707 15.
767 3653 865 3705 Finxit
891 3651 975 3705 sinsul
1004 3655 1093 3705 eorda
1119 3663 1189 3708 csta.
1228 3655 1364 3708 Neutrum
1383 3653 1438 3708 dici
1456 3662 1557 3724 potest.
1589 3653 1652 3709 Non
1671 3654 1757 3723 prius,
1776 3655 1841 3725 quia
1860 3656 1957 3710 divina

259 3762 363 3798 eorum.
398 3742 499 3796 Psalm.
520 3744 569 3803 36,
588 3758 613 3792 r.
635 3746 664 3793 7:
690 3740 825 3792 Homines
841 3747 866 3792 et
889 3739 1016 3806 inurente
1036 3739 1093 3791 sal·
1119 3741 1206 3793 virtus
1237 3740 1339 3794 nemini
1371 3740 1425 3793 nisi
1456 3741 1508 3795 soli
1537 3756 1601 3794 vcro
1620 3739 1682 3795 Deo
1703 3748 1746 3795 est
1769 3742 1955 3796 essentialiter
1998 3761 2001 3767 ·

258 3831 337 3885 salis
355 3829 485 3882 Domine.
526 3824 628 3880 Psslm.
654 3830 715 3888 115,
746 3842 771 3878 r.
793 3830 836 3879 15:
871 3825 955 3878 Oculi
973 3826 1098 3894 omnium¹
1119 3827 1247 3895 propria3
1266 3842 1321 3879 non
1342 3826 1488 3896 posterius,
1510 3825 1576 3896 qnia
1595 3826 1806 3881 communicatio
1826 3826 1955 3882 foretrel

260 3919 289 3971 in
308 3927 333 3971 te
352 3921 476 3988 sperant.
524 3912 656 3981 Sapit,
687 3926 712 3965 r.
734 3916 763 3962 t:
799 3910 860 3963 Tna
879 3911 967 3963 Pater
996 3912 1093 3979 proci-
1119 3911 1285 3981 personalis,
1312 3911 1357 3966 rel
1373 3911 1561 3967 accidentalis.
1605 3917 1644 3965 At
1659 3927 1713 3965 non
1733 3919 1775 3966 est
1791 3913 1954 3983 personalis,
2019 3956 2021 3961 .

258 4006 354 4059 dontio
370 4001 517 4072 qubernat.
560 3999 625 4051 Act.
648 4001 693 4059 11,
715 4014 740 4050 r.
761 4000 810 4051 28:
831 3998 867 4049 ln
886 3998 1011 4051 Domino
1027 3998 1094 4050 sisi·
1119 4000 1185 4068 quia
1218 3999 1307 4052 sancti
1340 4016 1396 4053 non
1428 4006 1493 4053 sunt
1515 3999 1689 4068 hypostatice
1709 3999 1770 4054 Deo
1789 4000 1873 4063 nniti3
1901 4017 1955 4056 nec

159 4142 161 4147 ,
259 4109 333 4160 mus,
352 4104 493 4142 moremur
511 4092 537 4139 et
555 4099 657 4137 sumus.
692 4079 798 4136 Coloss.
822 4088 850 4145 1,
874 4099 899 4134 v.
923 4084 1091 4137 171011111ιά
1119 4085 1307 4151 accidentalis,
1326 4085 1394 4155 quia
1405 4083 1512 4138 infinita
1524 4085 1578 4139 Dei
1592 4085 1679 4139 virtus
1694 4101 1750 4138 non
1762 4091 1805 4140 est
1815 4085 1955 4144 accidens.

252 4196 306 4247 per
326 4179 417 4249 speum
437 4173 598 4226 consistunt.
646 4177 668 4223 1.
686 4166 759 4224 Tim.
779 4174 808 4235 4,
832 4183 857 4220 v,
880 4174 924 4223 10:
953 4170 1033 4222 Deus
1052 4179 1092 4224 est
1121 4175 1143 4227 7.
1163 4173 1209 4224 En
1227 4181 1388 4225 sanctornm
1409 4175 1608 4234 defunctorum
1627 4173 1823 4240 descriptione.
1856 4171 1954 4229 Sancti

255 4265 382 4317 salvator
416 4260 536 4314 omnium
572 4256 713 4310 bominum
755 4257 873 4308 maritae
909 4257 1090 4310 credentiam.
1115 4265 1267 4325 postquam
1285 4257 1470 4311 inservierunt
1488 4259 1520 4310 in
1544 4275 1596 4312 sua
1614 4257 1794 4327 qeneratione
1812 4259 1956 4314 voluntati

257 4349 341 4404 Hebr,
365 4356 391 4414 ι,
419 4364 445 4401 v.
464 4352 495 4401 3:
522 4346 625 4398 Portet
654 4341 748 4395 omnnia
777 4341 860 4394 verbo
886 4343 996 4395 virtutis
1013 4359 1090 4396 suere.
1119 4346 1189 4411 Dei,
1220 4344 1393 4411 collipuntur
1419 4346 1459 4396 asi
1486 4362 1553 4398 suos
1572 4353 1673 4413 patres
1699 4346 1763 4398 Act.
1786 4350 1829 4408 13,
1863 4363 1890 4398 v.
1910 4352 1954 4404 36.

260 4442 281 4493 l.
299 4435 373 4489 Petr.
393 4439 422 4498 5,
448 4450 473 4485 v.
495 4438 524 4485 t:
557 4429 623 4499 Ipsi
644 4446 714 4482 cura
743 4436 783 4481 est
813 4430 848 4481 de
872 4429 958 4484 votis.
1000 4432 1027 4482 3.
1045 4430 1090 4482 At
1117 4430 1292 4497 requiescunt
1315 4448 1334 4483 a
1359 4431 1420 4483 suis
1446 4430 1608 4495 laboribus,
1637 4429 1738 4500 quibus
1763 4430 1793 4482 iu
1821 4429 1872 4484 hac
1893 4432 1955 4488 vita

256 4523 354 4588 officio
371 4517 575 4584 Clu-istirepio.
603 4514 713 4570 Christo
727 4514 787 4585 regi
800 4514 932 4568 divinitus
942 4515 1091 4570 constituto
1117 4514 1241 4568 defuncti
1264 4517 1354 4580 fuere,
1387 4516 1503 4586 Apocsl.
1532 4520 1577 4579 11,
1606 4533 1632 4569 v.
1656 4520 1695 4571 13.
1747 4516 1833 4570 Oculi
1855 4534 1952 4572 eorum

256 4610 335 4662 unice
355 4605 489 4675 competit
507 4602 666 4673 praesidere
685 4602 736 4656 noti
754 4611 889 4655 terrarum
910 4601 984 4669 orbi,
1002 4603 1090 4656 eccle·
1115 4620 1172 4654 non
1189 4604 1284 4655 vident
1296 4604 1383 4670 malo,
1402 4621 1473 4674 quae
1488 4604 1641 4656 introducit
1655 4605 1734 4656 Deus
1748 4620 1833 4675 snper
1845 4612 1955 4660 terram

257 4696 327 4748 siam
347 4708 443 4763 regere
461 4707 494 4744 ac
513 4689 677 4755 defendere,
698 4688 789 4742 hostes
808 4688 869 4757 ejus
889 4688 1039 4756 reprimere
1057 4706 1090 4742 ac
1117 4693 1139 4742 2.
1158 4687 1228 4758 Reg.
1248 4693 1295 4756 22,
1315 4707 1341 4742 v.
1359 4697 1401 4745 211.
1424 4706 1529 4757 eorum,
1547 4707 1620 4758 quae
1636 4691 1687 4743 sub
1704 4690 1764 4743 sole
1781 4692 1859 4759 finnt,
1878 4694 1954 4746 nihil

258 4772 837 4844 0011111010,Ρ111111.2,ν.1111111128,
862 4790 888 4828 r.
906 4780 930 4829 6.
954 4780 1005 4827 010.
1025 4775 1091 4845 quia
1117 4783 1251 4827 nonerunt
1287 4775 1411 4843 amplius
1443 4773 1549 4830 Euclea
1582 4782 1613 4844 9,
1647 4794 1673 4829 r.
1702 4784 1725 4830 5.
1762 4777 1887 4830 1101010111
1926 4789 1954 4832 et

257 4868 317 4939 ipse
336 4865 410 4919 solus
429 4862 602 4917 addextram
623 4860 676 4915 Dei
695 4860 787 4914 Patris
806 4861 886 4913 sedet
902 4876 935 4913 ac
953 4859 1089 4914 infinitam
1116 4861 1249 4928 iqnorant
1282 4879 1335 4914 nos
1370 4861 1462 4915 adine
1499 4864 1663 4931 superstites
1697 4861 1760 4915 Ese.
1785 4867 1832 4930 63,
1862 4880 1889 4916 r.
1910 4870 1953 4919 111.

256 4958 421 5025 potestatem
453 4956 481 5004 et
509 4950 682 5018 majestatem
711 4963 729 5000 a
757 4945 818 4999 Deo
851 4944 935 4999 Patre
973 4947 1089 5015 accepit.
1116 4947 1252 5016 quomodo
1277 4946 1365 5018 igitur
1393 4955 1564 5002 terrenorum
1592 4947 1757 5019 gubernatio
1780 4947 1847 5018 ipsis
1865 4949 1954 5005 tribui

256 5039 343 5094 Hebr.
363 5046 388 5106 l,
407 5054 432 5090 r.
454 5038 500 5089 13:
521 5035 572 5085 Ad
590 5050 669 5102 quem
688 5032 854 5100 anqelorum
873 5031 961 5098 dixit,
984 5033 1049 5084 sede
1069 5050 1089 5085 a
1115 5031 1227 5101 potest?

256 5127 363 5179 destris
381 5124 471 5176 meisi
510 5119 548 5173 Et
566 5135 637 5191 qnae
664 5117 733 5171 haec
752 5115 912 5187 prodigiosa
930 5114 1088 5170 absurditas
1150 5123 1208 5173 355.
1243 5120 1419 5188 Argumenta
1431 5117 1648 5186 Pontificiornm,
1667 5119 1953 5190 qnibusccntrsrium
1966 5126 2037 5179 arqu-

255 5221 312 5279 est,
345 5210 419 5281 quod
452 5205 592 5262 Pontificii
623 5203 732 5259 Christo
761 5203 913 5257 secundum
938 5200 1088 5257 humanam
1115 5205 1241 5258 evincere
1278 5212 1426 5274 conantur,
1460 5207 1549 5275 petita
1576 5212 1641 5260 snnt
1679 5212 1701 5261 1.
1732 5223 1765 5262 ex
1790 5208 1952 5278 scripturis.
1966 5187 2051 5273 2222:

119 5325 197 5369 mu,
209 5322 242 5366 72
254 5306 382 5353 naturam
400 5292 489 5366 Λόγῳ
506 5292 687 5364 personaliter
704 5290 819 5354 unitum,
838 5288 973 5343 infinitam
992 5298 1088 5359 poten·
1119 5299 1141 5344 1.
1157 5289 1259 5344 Psalm
1278 5297 1371 5360 45,1.
1393 5297 1438 5346 17:
1461 5292 1617 5346 Constitues
1636 5309 1682 5346 eos
1701 5293 1846 5362 principes
1864 5313 1954 5364 snper
1967 5294 2051 5334 '‘¹¹⁰⁹'‘

1965 5337 2051 5376 {setara

254 5385 320 5440 tiam
347 5385 487 5455 denegent
518 5388 602 5451 atque
632 5378 738 5432 interes
766 5383 876 5430 sanctos
905 5376 956 5430 toti
984 5376 1088 5431 mundo
1115 5394 1221 5430 omnem
1240 5385 1353 5432 terram.
1398 5379 1479 5445 Erpa
1499 5379 1592 5431 sancti
1609 5378 1739 5445 defuncti
1759 5387 1824 5432 amnt
1837 5382 1954 5449 praesi-
1967 5386 1986 5428 1.
2001 5388 2034 5427 ss

253 5471 411 5544 praesidere
429 5477 458 5524 et
474 5469 631 5523 nniversam
654 5463 797 5520 ecclesiam
815 5462 985 5535 gnbernare,
1012 5462 1088 5534 qnod
1115 5465 1166 5517 des
1196 5463 1282 5517 totitas
1322 5465 1438 5532 mnndi,
1470 5463 1601 5519 costerus
1630 5465 1660 5519 in
1691 5464 1794 5520 enchir.
1832 5485 1861 5536 p.
1891 5472 1956 5526 391.
1965 5439 2039 5540 222„
