4104 6014
340 244 402 306 tut
879 264 883 270 ·
954 232 1183 294 morasus
1201 230 1403 296 SECUNDUS

340 408 456 462 empus,
481 393 534 447 sed
549 408 644 461 emm,
664 395 742 463 osted
758 391 908 458 tamam,
928 391 1170 463 reparabilemut
1246 392 1276 444 ri
1301 410 1392 446 sense
1427 411 1578 464 oppressus
1599 390 1680 460 suit,
1706 401 1737 446 ut
1763 410 1821 447 non
1848 392 1977 457 sentiret,
2003 392 2038 447 id

340 485 539 548 coneeqrsenter
561 479 652 550 possit
675 496 731 550 pro
757 479 895 549 agonibus
915 478 1073 549 praesensit
1098 476 1174 530 odae
1201 476 1302 548 1πίωῂ
1326 479 1367 533 eie
1391 479 1422 533 in
1446 479 1501 534 illa
1519 478 1567 533 die
1587 480 1724 547 dicemus,
1748 496 1808 534 eece
1825 481 1876 534 boc
1895 497 1997 549 corpus
2016 497 2035 532 a

340 582 401 618 cum
429 565 526 619 anima
551 583 604 619 sua
629 581 697 619 earo
719 565 764 619 oel
784 566 893 635 pudica
916 565 1051 620 coronari
1064 563 1108 617 uel
1124 563 1175 615 im·
1200 563 1338 617 vantem
1377 582 1523 620 comosum
1559 565 1590 618 in
1624 573 1759 634 quantam
1791 567 1880 620 subito
1913 567 2036 636 gloriam

335 651 446 721 pudiea
467 651 573 719 puniri.
609 667 675 722 pag.
698 654 764 707 set:
793 651 941 721 Numquid
966 667 1070 729 corpus
1093 665 1173 703 suum
1201 650 1300 718 surgit.

339 737 524 804 contingentis
551 744 577 791 et
604 737 694 806 digito
716 738 867 808 palpantis
895 755 948 791 soa
976 744 1031 800 est,
1059 735 1174 804 quando
1237 740 1275 790 70.
1307 734 1471 790 Antithesis.
1494 741 1516 791 1.
1536 736 1572 790 de
1584 736 1699 803 Origine
1720 736 1845 791 referunt
1862 735 2036 807 Epiphanius

219 842 278 883 xlx.
292 823 485 893 asponam
512 822 596 891 dicu,
624 819 740 894 oporte!
761 822 815 876 boc
844 822 1025 892 coemptibils
1055 821 1173 874 induere
1200 817 1306 878 haeres.
1325 827 1368 877 64.
1403 821 1591 893 Hieronymus
1616 822 1645 875 in
1669 822 1749 892 epist.
1775 822 1811 876 ad
1836 823 1943 880 Pomm.
1964 830 1991 878 et
2007 823 2036 878 in

296 928 308 954 ο
338 909 599 978 incorruptionem!
629 908 769 964 Macarius
792 908 885 963 homil.
913 914 960 965 lbr
994 908 1073 963 Simu
1105 922 1173 959 aeus
1200 904 1274 976 apol.
1303 914 1389 963 eontn
1418 907 1521 962 Ruftin.
1557 908 1748 964 Damascenus
1778 909 1813 964 dc
1841 909 1947 964 haeres.
1982 914 2036 966 etc.

338 995 369 1047 in
389 995 480 1064 ignem
500 995 633 1064 projesta
649 1002 755 1049 mutato
773 995 869 1049 colore
887 996 1006 1048 uertitur
1023 993 1172 1062 inignem,
1200 995 1277 1060 quod
1299 995 1450 1048 eorundem
1474 1011 1589 1048 numero
1615 1011 1781 1063 corporum,
1813 997 1912 1064 quibus
1935 995 1964 1047 in
1984 994 2036 1047 boe

338 1097 394 1134 non
413 1088 506 1134 tamen
524 1081 613 1149 plane
631 1080 725 1134 deleta
744 1087 785 1135 est
802 1088 908 1134 natura
924 1080 1015 1145 ferri,
1040 1081 1093 1132 sed
1110 1078 1172 1132 1ιώ-
1199 1079 1293 1133 eeaslo
1320 1080 1469 1150 vestimur,
1502 1082 1733 1135 resurrectionem
1763 1083 1923 1151 negaverit,
1960 1081 2037 1150 meod

338 1167 413 1220 sistit
418 1187 431 1232 ,·
446 1167 488 1220 ita
504 1167 534 1220 in
551 1168 755 1221 resurreetione
771 1173 918 1236 resurgent
936 1165 1031 1219 emnia
1050 1164 1172 1218 membra
1199 1166 1367 1219 concesserit
1392 1167 1506 1236 quidem
1535 1166 1660 1219 bomincs
1684 1175 1891 1221 resurrecturos
1918 1168 1948 1219 in
1974 1185 2037 1220 cor·

339 1269 374 1305 ac
398 1251 502 1305 lumine
526 1259 552 1306 et
574 1252 639 1319 igne
656 1253 815 1321 tingueretur,
835 1259 980 1306 mutantur
999 1251 1124 1319 quiam,
1143 1255 1173 1302 ol
1196 1251 1331 1320 poribus,
1359 1253 1413 1305 sed
1443 1253 1536 1306 sireis
1565 1253 1609 1307 uel
1640 1257 1705 1306 abre
1738 1254 1946 1320 subtilioribus,
1978 1270 2037 1305 non

229 1386 231 1389 .
339 1354 395 1391 non
418 1338 609 1406 resoluuntur,
640 1345 690 1391 aut
715 1337 746 1391 in
770 1337 863 1407 ipnem
884 1339 1019 1405 madunt,
1049 1343 1080 1388 ut
1095 1336 1172 1389 ultra
1199 1344 1293 1409 autem
1316 1337 1505 1392 constantibus
1528 1355 1613 1392 carne
1638 1347 1664 1392 et
1686 1340 1819 1395 membris.
1856 1339 1975 1404 Quidam
1995 1346 2036 1392 ta·

338 1442 393 1478 non
427 1425 553 1479 subsistit
592 1431 704 1477 natura.
755 1422 925 1478 Prudentius
964 1424 993 1477 in
1031 1420 1171 1492 apotheos.
1199 1440 1262 1478 men
1281 1427 1423 1492 statuunt,
1451 1422 1602 1495 Origenem
1631 1423 1692 1495 (qui
1708 1431 1823 1495 propter
1845 1424 1986 1479 assiduum
2007 1428 2037 1478 et

337 1510 432 1581 hymn.
453 1510 517 1568 ult:
1199 1506 1368 1564 indefessum
1393 1509 1550 1581 scriptionis
1573 1510 1696 1566 laborem
1718 1511 1910 1565 Adamantius
1944 1512 2037 1565 dictus

1199 1593 1263 1663 fuit)
1280 1594 1316 1650 ab
1337 1594 1389 1651 hoc
1409 1613 1501 1653 errore
1520 1596 1607 1652 imese
1625 1597 1762 1666 alienum,
1788 1597 1855 1668 quia
1874 1596 2038 1667 Pamphilus

338 1634 433 1686 Nosco
450 1649 540 1686 meum
558 1631 588 1683 in
606 1630 718 1685 Christo
735 1646 837 1698 corpus
849 1645 1027 1697 consurgere,
1046 1629 1116 1698 quid
1129 1643 1173 1680 me
1418 1681 1425 1694 ,
1509 1682 1516 1694 ,
1611 1682 1667 1697 ,,
1813 1683 1820 1696 ,

1200 1698 1259 1736 sive
1276 1686 1383 1752 martyr
1402 1699 1460 1738 slve
1480 1682 1551 1737 alsus
1571 1700 1633 1753 quis
1658 1700 1687 1737 ur
1711 1682 1855 1754 apologia,
1881 1701 1964 1753 quam
1984 1698 2037 1753 pro

338 1720 503 1788 Desperare
515 1717 621 1786 pubes!
637 1734 756 1784 emma,
776 1715 876 1785 quibus
896 1715 948 1769 elle
966 1722 1082 1781 revenit,
1200 1764 1248 1820 ino
1272 1767 1383 1836 scripsi,
1407 1785 1435 1836 p·
1456 1772 1513 1823 338·
1540 1785 1614 1838 oper.
1640 1767 1753 1841 origen·
1774 1774 1802 1823 et
1820 1776 1885 1824 tom,
1903 1775 1927 1823 4,
1959 1784 2036 1837 oper,

337 1801 467 1942 3²52ss
477 1802 952 1955 ἲηίαΜωῖθηξῖἑπξῖῗηῖἷέἭ
968 1802 1147 1954 ,eligam
1200 1851 1315 1951 iiicmn.
1340 1870 1367 1923 p.
1394 1859 1451 1911 187.
1482 1870 1515 1908 ex
1533 1854 1643 1926 seriptis
1670 1856 1731 1926 ejus
1757 1855 1885 1910 evincere
1910 1860 2035 1919 conatur,

338 1975 421 2027 Nm
439 1990 511 2041 mm,
528 1972 671 2026 mmor,
705 1972 812 2036 Vm,
829 1972 911 2041 ,im
929 1980 955 2026 α
973 1972 1054 2027 0430,
1073 1974 1157 2036 idem,
1201 1956 1291 2009 rpsum
1318 1937 1354 1994 de
1382 1940 1581 1995 resurrectione
1609 1947 1779 1996 mortuorum
1809 1941 1944 1997 catholice
1974 1957 2037 1995 sen·

341 2057 398 2121 Qui
414 2059 498 2112 modo
517 2058 594 2126 uste,
613 2058 677 2126 erit,
694 2074 744 2111 nec
760 2073 803 2111 me
819 2057 863 2112 uel
880 2059 970 2124 deute,
985 2058 1030 2111 oet
1050 2075 1140 2127 ungue
1200 2024 1282 2125 ⁸iff⁸⁰2
1307 2030 1340 2079 ¹¹⁸
1362 2024 1509 2080 ”simne
1527 2025 1576 2125 {iij
1603 2042 1636 2082 θ’
1653 2043 1725 2126 ilum}
1747 2026 1784 2125 ffb
1802 2027 1959 2126 Epil’hflflffl
1979 2025 2035 2097 ῙΡΒῙ

339 2145 519 2198 mmm
540 2150 663 2198 mom,
677 2145 825 2211 pausam·
841 2145 923 2202 som
940 2144 1073 2213 malm-⁸
1200 2110 1368 2179 tribuuntur,
1386 2110 1423 2167 ab
1437 2110 1584 2167 haeretrors
1603 2111 1646 2169 vel
1668 2113 1768 2168 rnvrdrs
1793 2113 1951 2169 hommrbus
1970 2113 2036 2167 dolo

1201 2197 1273 2252 malo
1292 2197 1402 2268 scriptis
1421 2197 1495 2252 illins
1514 2197 1645 2268 Graecis,
1670 2205 1702 2252 ut
1728 2200 1758 2253 in
1783 2199 1883 2254 Latim
1906 2199 2035 2253 versione

340 2279 516 2351 Augustinus
532 2279 562 2334 in
582 2279 684 2335 eneffir.
704 2296 726 2337 e.
746 2284 793 2336 st:
810 2281 1044 2335 Remrreotnram
1061 2297 1175 2335 earnem
1199 2281 1305 2338 factum
1323 2298 1384 2338 esse
1403 2288 1525 2348 constat,
1549 2282 1636 2339 fuisse
1654 2285 1766 2353 inserta,
1786 2285 1910 2356 quamvis
1927 2285 1973 2339 alii
1992 2284 2033 2338 di·

341 2368 481 2436 omnium,
506 2367 662 2436 animaque
690 2367 754 2422 nati
776 2373 841 2422 sunt
861 2367 1001 2421 bominum
1022 2373 1104 2436 atque
1124 2384 1174 2421 no·
1200 2383 1310 2422 versum
1337 2374 1468 2425 statuant.
1511 2368 1613 2425 Conler
1642 2369 1832 2441 Augustinum
1858 2369 1964 2424 haeres.
1992 2375 2035 2425 43.

339 2461 460 2522 seentur,
480 2460 505 2507 et
521 2454 626 2508 mortui
642 2460 708 2507 sunt
724 2453 1075 2524 numerumnunerum
1091 2456 1174 2509 modo
1199 2452 1344 2509 Ruifinum
1379 2454 1408 2509 in
1442 2471 1517 2528 com.
1549 2454 1584 2511 de
1618 2455 1737 2512 adulter.
1769 2456 1863 2512 libror.
1897 2455 2034 2526 Origenis‚

341 2539 472 2593 ambare
503 2539 584 2595 debet
618 2538 804 2594 Christianus.
854 2538 1006 2611 Gregorius
1038 2539 1099 2596 libr.
1135 2545 1173 2596 14.
1198 2538 1345 2595 Erasmum
1373 2540 1402 2595 in
1432 2557 1538 2597 consur.
1566 2541 1594 2595 in
1621 2540 1683 2595 libr.
1709 2541 1786 2612 Orig.
1810 2541 1913 2597 lohan.
1933 2540 2032 2594 Picum

338 2625 435 2681 moral.
455 2641 478 2679 c.
499 2627 549 2680 29:
578 2626 757 2682 stmiaatem
775 2628 811 2680 de
828 2626 1011 2696 reparatione
1028 2643 1096 2681 uera
1112 2643 1172 2680 cor·
1200 2624 1385 2682 Mirandnlam
1409 2627 1439 2682 in
1460 2626 1534 2697 spol.
1559 2644 1587 2698 p.
1611 2631 1666 2682 teu.
1702 2626 1878 2696 Alphonsum
1897 2645 1914 2681 a
1931 2625 2031 2681 Castro

334 2713 419 2781 poris
438 2711 562 2782 dauid,
581 2711 701 2782 meisi:
720 2720 747 2766 et
762 2730 874 2766 rursum
887 2712 1083 2767 circumdabor
1095 2713 1174 2784 pelle
1200 2710 1263 2767 adv.
1290 2711 1364 2766 haer.
1389 2711 1419 2766 in
1443 2711 1518 2766 verb.
1555 2711 1732 2768 Resurrectio
1761 2728 1842 2767 error.
1864 2719 1884 2768 1.
1925 2712 2032 2766 Sixtum

338 2815 417 2865 mea;
445 2799 495 2869 qui
512 2799 606 2853 adbuc
626 2801 668 2853 ad
684 2800 860 2864 aufermdas
878 2800 1010 2869 ambnpes
1029 2799 1171 2869 coemtio·
1198 2796 1346 2852 Senensem
1364 2796 1426 2851 libr.
1447 2803 1470 2854 5.
1500 2796 1628 2854 biblioth.
1654 2803 1748 2853 annot
1769 2803 1823 2855 ltu.
1863 2797 1966 2868 Negari
1985 2815 2032 2852 ne·

338 2887 383 2939 nis
402 2893 517 2939 nostrae
533 2884 644 2939 subdit:
669 2893 695 2939 et
720 2885 749 2939 in
770 2903 857 2939 earne
876 2903 937 2939 mea
954 2886 1054 2939 uidebo
1071 2888 1171 2941 Deum.
1198 2882 1267 2955 quit,
1286 2881 1433 2954 Origenem
1454 2883 1482 2937 in
1495 2883 1602 2955 aliquot
1613 2883 1681 2938 locis
1695 2884 1873 2955 ipsorummet
1885 2901 2033 2955 corporum

339 2970 414 3024 Ecce
444 2971 696 3038 resurreetionsm,
725 2988 786 3025 ecee
816 2987 944 3038 samm,
979 2987 1041 3026 eece
1068 2971 1172 3041 pellem
1199 2969 1426 3024 resurrectionem
1453 2985 1576 3026 asserere
1596 2986 1629 3024 ac
1647 2971 1769 3041 graviter
1788 2970 1933 3040 conqueri,
1957 2971 2032 3041 quod

338 3058 446 3128 aper&
465 3059 575 3123 fatetur
593 3058 713 3114 aarum,
754 3057 830 3121 Quid
846 3076 913 3129 erpo
931 3067 1071 3128 remanet,
1097 3062 1172 3115 nude
1200 3052 1330 3110 habuerit
1363 3071 1486 3127 aucupes
1514 3072 1670 3111 sermonum
1711 3073 1818 3127 semper
1851 3057 1960 3112 deditos
1996 3057 2032 3111 ad

333 3143 427 3213 possit
450 3160 528 3198 nune
552 3151 650 3198 nostra
675 3144 828 3199 dubuerat
852 3154 902 3200 em,
939 3145 975 3200 Si
993 3154 1061 3216 pose
1079 3164 1171 3201 rmor-
1199 3138 1417 3211 criminandum,
1443 3148 1474 3197 ut
1499 3148 1650 3201 venenatas
1674 3141 1703 3197 in
1726 3160 1788 3198 eum
1808 3143 1920 3214 linguas
1940 3144 2029 3198 vibra·

337 3229 486 3284 rectionem
504 3245 606 3299 eorpus
620 3229 770 3300 palpabile
787 3248 844 3285 uon
863 3230 930 3295 erit,
945 3235 1080 3301 prosecta
1097 3233 1173 3287 alim
1198 3230 1269 3282 rent.
1303 3225 1387 3282 Forte
1407 3227 1495 3300 igitur
1511 3230 1609 3283 earnis
1626 3229 1753 3299 nomine,
1780 3247 1864 3301 qnam
1882 3248 1900 3283 a
1917 3230 2032 3285 resusci-

337 3315 437 3385 eurgit,
454 3332 539 3385 quam
555 3314 683 3385 moriem,
701 3318 779 3385 quod
792 3316 871 3370 dictu
888 3316 1030 3382 nefacere
1048 3321 1173 3383 medae,
1198 3310 1264 3366 tatis
1292 3312 1455 3384 corporibus
1474 3322 1611 3385 removet,
1641 3316 1790 3388 qualitates
1815 3315 1945 3383 vitiosas,
1977 3335 2032 3372 non

338 3401 406 3472 queis
426 3417 480 3472 epo
497 3401 613 3466 morior,
638 3410 665 3455 et
688 3401 764 3455 alius
787 3406 941 3472 resurgat!
975 3419 1038 3474 cap.
1060 3410 1111 3461 ³0:
1139 3405 1174 3460 8⁸¹
1199 3405 1292 3454 antem
1309 3415 1471 3471 corpoream
1488 3401 1673 3457 substantiam
1684 3401 1829 3470 intellexit,
1845 3403 1920 3474 quod
1933 3411 2033 3473 postea

339 3488 413 3542 enim
441 3487 513 3541 ursa
536 3486 654 3556 guisiam
680 3503 810 3542 enorum
833 3504 967 3559 sequaces
985 3490 1173 3562 arbitrantur,
1198 3485 1227 3539 in
1264 3484 1385 3541 alienum
1418 3501 1530 3542 sensum
1567 3485 1655 3558 ipsius
1687 3488 1816 3543 malevoli
1849 3488 2029 3545 detorserunt.

334 3582 404 3642 post
422 3574 654 3629 resurrectionem
672 3590 775 3642 comtes
789 3575 939 3645 palpabile
954 3592 1010 3629 non
1028 3577 1094 3644 erit,
1121 3580 1174 3632 sed
1199 3577 1224 3630 2.
1253 3572 1420 3643 Eunyntm
1452 3570 1581 3645 Origenis
1612 3573 1737 3646 vestigiis
1773 3575 1902 3629 insistens
1940 3575 2030 3630 locum

339 3658 491 3714 inuisibilis
508 3659 639 3728 eorporis
657 3659 801 3714 subtilitas
818 3677 886 3714 earo
902 3668 1029 3731 ubemur,
1046 3663 1173 3732 quemme
1198 3656 1316 3728 apostoli
1343 3663 1364 3713 1.
1388 3657 1449 3714 Coi.
1470 3664 1517 3729 15,
1545 3678 1571 3718 v.
1595 3665 1636 3716 50.
1667 3678 1736 3714 earo
1770 3669 1797 3714 et
1825 3664 1941 3731 sanpuis
1973 3681 2029 3717 non

342 3745 500 3801 substantia
526 3745 620 3800 earnm
645 3762 702 3799 non
722 3744 771 3811 sit,
797 3747 928 3815 profecto
946 3746 1022 3801 alius
1039 3755 1095 3814 est,
1125 3751 1175 3817 qui
1198 3744 1379 3814 possidebunt
1398 3760 1515 3815 repnum
1536 3745 1599 3815 Dei,
1617 3746 1656 3799 sie
1672 3745 1800 3816 explicat,
1818 3750 1894 3814 guod
1911 3749 1985 3801 beati
2002 3750 2031 3802 in

340 3832 473 3896 moritur,
490 3838 516 3885 et
535 3831 617 3900 alius,
636 3831 688 3900 gui
706 3832 837 3901 resurgit.
857 3830 1173 3889 Sed-bratusJoblrans
1199 3831 1277 3885 coelo
1289 3848 1345 3885 non
1360 3832 1417 3885 sint
1429 3832 1554 3886 babituri
1565 3850 1669 3902 corpus
1685 3851 1826 3901 carneum,
1841 3837 1893 3887 sed
1911 3841 2030 3889 ebreum.

341 3920 383 3972 eir
401 3917 568 3972 sententiam
584 3917 713 3973 omdica
730 3934 795 3973 uoce
815 3919 944 3989 destruit,
960 3920 1010 3989 orsi
1025 3922 1074 3985 nit,
1092 3938 1173 3993 quern
1200 3921 1223 3971 3.
1240 3913 1411 3987 Nicephorus
1431 3916 1478 3974 lib.
1499 3923 1538 3974 14.
1556 3917 1620 3972 hist.
1640 3917 1709 3974 eccl.
1729 3935 1752 3978 c.
1772 3925 1814 3975 45.
1835 3921 1933 3985 refert,
1969 3930 2034 3975 tem-

339 4005 451 4058 oisurus
475 4021 535 4058 eum
557 4020 607 4073 epo
627 4005 686 4073 ipse
704 4011 730 4059 et
749 4005 826 4058 oculi
843 4005 901 4059 mei
916 4007 1094 4075 conspecturi
1109 4016 1175 4062 sunt
1196 4020 1269 4077 pore
1294 4003 1447 4057 Theodosii
1474 4004 1658 4073 imperatoris
1682 4007 1718 4059 do
1743 4014 1914 4060 mmtumum
1942 4025 2035 4062 resur-

340 4099 368 4144 et
386 4108 442 4145 non
460 4090 544 4144 alius.
581 4090 642 4144 Nos
663 4095 756 4144 aedem
775 4090 850 4144 beati
873 4091 930 4144 Job
952 4093 1037 4157 fidem
1060 4108 1174 4163 sequen·
1199 4089 1322 4144 rectione
1357 4089 1493 4158 ingentem
1528 4088 1750 4160 disputationem
1788 4090 2038 4162 Constantinopoli

339 4184 380 4231 tes
397 4183 425 4231 et
442 4174 609 4230 redemtoris
626 4176 720 4229 nostri
730 4182 798 4245 post
819 4177 1052 4231 resurrectionem
1069 4195 1174 4250 corpus
1201 4181 1300 4230 ortum
1339 4174 1463 4238 Quidam
1491 4176 1563 4229 enim
1586 4179 1820 4232 resurrectionem
1840 4197 1960 4251 prorsus
1978 4199 2036 4234 non

334 4262 485 4332 palpabile
508 4263 647 4318 amariter
669 4263 828 4327 creusam,
849 4263 975 4327 solemur
992 4280 1106 4319 caruem
1124 4283 1173 4320 no·
1200 4260 1617 4330 esseopinatieunt,‹1uidam
1635 4271 1728 4317 autem
1746 4281 1830 4333 aegre
1845 4267 1964 4334 quidem,
1983 4269 2036 4319 secl

338 4355 427 4401 suam
448 4355 515 4417 poet
542 4347 774 4402 resurrectionem
798 4348 928 4412 suturam
955 4357 981 4403 et
1005 4352 1122 4405 eandem
1147 4360 1174 4406 er
1201 4347 1386 4401 erediderunt
1404 4353 1506 4414 tamem
1526 4348 1676 4410 defamator
1692 4352 1842 4406 exeuntum
1861 4353 1907 4421 iri,
1926 4354 2035 4423 apertis

340 4433 499 4504 dirarum
519 4435 638 4489 eandem
651 4451 707 4506 per
723 4429 865 4504 naturam,
883 4435 1024 4489 diuersam
1039 4453 1095 4508 per
1113 4439 1172 4509 plo·
1200 4439 1228 4487 et
1247 4432 1492 4502 irrefragibilibus
1512 4432 1725 4504 seripturarum
1749 4455 1898 4492 sacrarum
1916 4441 2035 4492 testimo·

339 4509 431 4588 riam,·
457 4521 575 4574 eandem
589 4536 644 4592 per
663 4519 823 4590 vamtatem,
843 4520 986 4576 ‹liomsam
1003 4539 1058 4592 per
1073 4532 1172 4597 poten·
1200 4519 1256 4573 niis
1282 4518 1403 4573 addunt
1423 4520 1483 4573 ulio
1506 4538 1627 4590 proretas
1652 4529 1676 4575 et
1701 4531 1806 4578 mutato
1832 4541 1958 4592 corpore.
2000 4526 2035 4580 Ut

338 4605 416 4657 tiam.
453 4605 520 4659 Erit
538 4605 634 4674 itaque
653 4605 828 4674 spiritualis,
845 4607 913 4674 qum
932 4613 958 4660 et
974 4608 1173 4680 incorruptibi·
1194 4606 1321 4674 primum
1339 4605 1412 4660 enirn
1429 4622 1533 4674 eorpus
1551 4608 1640 4677 alud,
1667 4611 1745 4678 quod
1763 4609 1854 4664 uariis
1877 4612 1969 4663 modis
1988 4631 2033 4665 so-

339 4689 393 4758 lis;
425 4691 479 4743 erit
507 4691 679 4762 palpabilis,
709 4691 777 4760 quia
806 4708 863 4745 non
891 4694 997 4749 amittet
1026 4696 1172 4750 neemiam
1200 4691 1288 4745 lutum
1308 4690 1495 4761 abolitumque
1512 4693 1556 4760 sit,
1575 4695 1766 4762 resuscitetur,
1779 4696 1850 4763 fieri
1866 4714 1922 4749 non
1939 4717 2032 4770 posse,

339 4775 448 4829 mucis
472 4784 601 4832 naturas.
637 4776 747 4832 Similia
771 4786 921 4834 oecumunt
947 4780 1023 4850 apud
1050 4779 1172 4852 Epipha-
1199 4778 1252 4830 sed
1278 4785 1394 4846 praeter
1420 4777 1454 4832 id
1476 4778 1561 4832 aliud
1585 4780 1665 4834 nulla
1689 4783 1876 4851 praecedente
1904 4787 2033 4855 materia,

340 4859 415 4915 nium
451 4858 480 4913 in
513 4877 606 4919 ancor.
636 4882 664 4934 p.
696 4868 754 4919 sot.
788 4869 817 4918 et
840 4863 904 4922 ads.
928 4864 1038 4921 Hieran.
1061 4884 1088 4936 p.
1113 4871 1171 4923 305,
1199 4863 1400 4934 divinaculis
1421 4865 1822 4935 omniaperrtcit,roluntate
1842 4869 1934 4923 denuo
1953 4874 2034 4925 resti-

343 4945 567 5018 Chrysostornum
586 4949 658 5006 honr.
677 4955 718 5006 41.
742 4950 771 5004 in
798 4957 820 5008 1.
841 4949 903 5006 Cor.
933 4950 1173 5024 Theophylaetum
1199 4957 1287 5005 tutum
1311 4968 1370 5004 una
1396 4968 1457 5005 esem
1485 4952 1582 5006 anima
1609 4958 1830 5006 resurrecturum
1857 4971 1917 5007 esse
1939 4958 2033 5011 eristi·

344 5033 373 5087 in
396 5048 421 5090 c.
448 5036 490 5089 11.
514 5033 601 5088 Marc.
627 5042 679 5091 stc.
715 5035 831 5092 Gereon.
857 5036 887 5090 in
905 5052 997 5106 expos.
1016 5036 1067 5094 XI.
1093 5040 1171 5098 artic.
1199 5045 1319 5092 mantnt.
1364 5040 1387 5094 4.
1412 5038 1567 5107 Eutychiae
1596 5037 1918 5108 Constantinopolitanae
1956 5045 2033 5099 urbis

342 5117 406 5173 fid:
427 5114 606 5173 Credendum
624 5130 678 5191 eet,
696 5122 727 5175 in
744 5123 947 5176 resurrectione
966 5123 1042 5177 idem
1061 5141 1171 5195 eorpus,
1199 5122 1347 5194 episcopus
1377 5129 1448 5180 teste
1479 5122 1615 5196 Gregorio
1644 5122 1706 5178 libr.
1739 5128 1777 5178 14.
1811 5125 1907 5182 moral.
1937 5146 1959 5182 e.
1990 5135 2032 5190 29.

341 5205 420 5274 quod
427 5220 481 5276 per
497 5211 611 5258 mortem
630 5207 740 5274 cecidit,
761 5209 803 5261 ael
818 5210 934 5263 maciem
951 5208 1092 5278 spiritum,
1110 5212 1128 5266 i.
1149 5230 1170 5268 e.
1199 5210 1318 5281 scripsit,
1336 5228 1439 5280 corpus
1456 5217 1582 5266 nostrum
1595 5210 1626 5264 in
1638 5209 1693 5264 illu
1707 5212 1922 5266 rerurrectionis
1936 5217 2032 5285 gloria

341 5293 383 5345 ad
400 5291 516 5346 mndata
532 5289 669 5362 mimam,
688 5294 852 5348 rediturum.
893 5291 1032 5349 Lutherus
1051 5295 1081 5350 in
1100 5314 1170 5356 eom.
1197 5298 1265 5363 fore
1282 5296 1469 5367 impalpabile
1487 5296 1576 5350 ventes
1591 5299 1710 5364 utreque
1728 5297 1868 5369 sutilius,
1894 5300 1938 5354 eui
1963 5301 2032 5358 Gre-

271 5371 274 5375 ’
340 5395 363 5432 c.
382 5382 405 5435 2.
439 5374 511 5433 um.
525 5379 590 5434 tom.
611 5379 636 5432 1.
660 5394 688 5449 p.
706 5382 753 5435 at:
781 5379 860 5434 uun
875 5379 972 5433 Adam
990 5382 1172 5440 admirabun·
1198 5381 1294 5454 gorius
1319 5381 1359 5437 sie
1384 5380 1546 5452 respondet:
1578 5378 1616 5433 ln
1632 5380 1687 5435 illa
1705 5386 1920 5439 ressurectionis
1936 5388 2033 5456 gloria

340 5466 394 5521 dus
413 5464 493 5539 auu,
509 5462 560 5520 boo
577 5465 844 5521 aturensium
859 5465 944 5537 meis,
971 5474 998 5523 et
1018 5475 1111 5526 tanmn
1128 5472 1170 5528 sie
1200 5470 1253 5524 erit
1279 5485 1381 5540 empus
1407 5473 1533 5524 nostrum
1558 5466 1658 5523 subtile
1684 5469 1797 5540 guidem
1820 5489 1875 5543 por
1905 5475 2032 5544 effectum
