4104 6014
820 223 873 281 DE
890 223 1029 282 MORTE.
1716 239 1773 296 ιιι

76 379 193 448 &sada
224 387 294 436 sunt.
342 380 368 433 2.
407 377 491 433 Mors
522 379 677 435 durusima
703 379 912 450 patientissimo
938 387 983 437 tes
1017 400 1072 438 nou
1096 382 1211 439 veniunt
1236 383 1265 438 in
1291 382 1430 454 judicium
1467 401 1519 441 nec
1549 383 1722 442 decendunt
1746 384 1776 438 in

77 467 172 521 auimo
204 465 328 521 ιιιιιιια
357 473 382 518 ιι
413 467 554 532 confessio
581 474 640 520 tam
670 466 845 520 admiranda
882 482 913 519 eo
940 469 1095 540 purgatorii
1122 475 1302 533 tormentum,
1331 471 1381 526 sed
1404 478 1468 542 post
1491 476 1608 526 mortem
1631 475 1776 525 transeunt

77 560 217 622 tempore,
249 570 304 621 quo
344 551 486 607 Christum
522 553 647 621 apostoli
678 552 738 623 ipsi
765 552 913 620 nepotum,
941 553 969 606 in
998 555 1164 624 paradisum.
1204 555 1444 620 Quemadmodum
1471 557 1557 630 igitur
1581 557 1723 626 apostolus
1741 572 1774 611 ex

75 639 168 709 potuit
196 639 277 709 juste
309 638 339 691 ia
372 638 490 707 plenam
516 639 740 704 satisfactionem
776 639 913 707 reputari.
941 639 1072 696 Abrahae
1089 642 1215 711 exemplo
1236 648 1311 697 recte
1330 642 1431 713 probat
1448 643 1598 714 gratuitam
1618 659 1652 697 ex
1673 642 1727 697 fide
1746 643 1775 696 iu

77 722 263 779 Bellarminus
283 723 331 778 lib.
351 729 373 779 1.
394 722 428 779 do
448 741 528 794 purg.
548 741 572 780 c.
594 729 633 779 12.
683 723 769 779 Unde
788 723 915 779 desuitae
942 724 1079 781 Christum
1098 726 1323 797 justificationem
1343 728 1421 783 Rom.
1444 737 1473 792 4,
1491 748 1517 783 v.
1541 735 1562 783 1.
1581 729 1621 783 ita
1640 746 1673 782 ex
1691 729 1775 783 latro·

78 808 106 864 in
145 810 285 880 colloquio
318 807 516 864 Ratisbonensi
552 827 619 866 sess.
643 816 666 865 1.
701 827 728 880 p.
766 816 808 864 46.
846 809 911 863 edit.
926 810 983 892 inis
1008 815 1135 869 conversi
1160 815 1286 885 exemplo
1311 823 1387 869 recte
1412 815 1528 886 probare
1547 832 1693 886 possumus
1711 831 1776 870 vere

78 894 199 968 Lauing.
217 896 351 950 latronem
370 894 448 949 illum
476 903 607 951 vocarent
624 895 730 949 Christi
748 905 910 964 scortarem.
940 900 1112 953 credentium
1140 916 1173 954 ex
1201 905 1289 955 morte
1314 901 1343 955 in
1362 900 1447 956 vitam
1465 902 1524 956 sine
1545 901 1600 956 ullo
1620 900 1774 972 purgatorii

78 982 304 1054 Respondemus:
331 981 386 1036 imo
411 998 476 1037 vero
503 981 575 1036 latro
601 982 692 1038 verbis
717 984 852 1052 expressis
871 988 912 1038 te·
939 985 1096 1041 interventu
1109 987 1326 1043 translationem.
1354 986 1489 1058 Origenes
1502 987 1574 1042 hom.
1594 993 1629 1042 15.
1644 987 1672 1040 in
1687 986 1775 1042 Gen:

79 1074 183 1133 statur,
213 1068 288 1138 quod
319 1084 495 1138 nequaquam
528 1068 556 1120 in
588 1068 645 1122 suis
675 1067 852 1138 passionibus
880 1085 914 1122 ae
943 1071 1027 1133 Quod
1046 1073 1119 1126 dixit
1139 1075 1180 1125 ad
1198 1073 1352 1143 latronem,
1372 1075 1456 1127 bodie
1474 1091 1579 1127 meeum
1598 1075 1655 1126 eris
1673 1075 1703 1126 ia
1719 1090 1773 1144 pa·

80 1155 201 1224 meritis,
231 1154 280 1208 sed
308 1154 338 1207 iu
363 1150 424 1209 sola
447 1153 619 1224 benignitate
645 1153 740 1208 dirius
764 1161 792 1209 et
811 1153 913 1209 Christi
939 1158 1054 1222 radico,
1079 1159 1130 1212 froc
1150 1177 1205 1213 aaa
1224 1159 1271 1212 illi
1289 1161 1378 1213 solam
1399 1160 1512 1222 dictam,
1533 1161 1586 1213 aad
1603 1165 1629 1213 et
1647 1160 1772 1214 omnibus

79 1241 176 1296 merito
210 1247 389 1311 peccatorum
419 1240 608 1295 remissionem
638 1247 665 1295 et
688 1240 806 1295 salutem
833 1239 913 1294 unice
939 1244 1051 1298 satietis.
1092 1244 1199 1298 Auctor
1216 1251 1321 1314 quaest.
1340 1245 1377 1299 ad
1397 1245 1536 1315 Antioch,
1555 1262 1627 1317 quae
1646 1244 1772 1299 Athana·

80 1331 204 1399 quaerat
253 1326 365 1382 Diserte
389 1325 548 1396 profitetur,
582 1344 611 1382 se
630 1328 718 1394 dipsa
746 1328 837 1393 facu's
855 1327 914 1379 suis
940 1329 981 1383 sio
1005 1330 1180 1397 tribuuntur,
1201 1348 1227 1401 q.
1250 1337 1293 1387 19:
1323 1333 1387 1385 Nou
1405 1341 1523 1402 propter
1546 1332 1636 1386 solam
1653 1330 1774 1384 latrom's

82 1416 221 1486 racipere,
246 1411 385 1484 quomodo
413 1412 499 1482 igitur
524 1413 680 1483 passionem
706 1429 784 1467 suam
805 1412 913 1467 merito·
941 1416 1064 1469 animam
1084 1415 1212 1470 Christus
1230 1418 1311 1471 Deus
1338 1425 1432 1471 noster
1453 1417 1625 1485 paradisum
1653 1416 1775 1485 aporuit,

80 1498 149 1555 riam
179 1498 225 1555 rel
252 1498 463 1554 satisfactorium
492 1498 655 1568 judicaret?
707 1499 805 1553 Passio
831 1498 913 1569 hujus
940 1504 992 1555 sed
1029 1503 1076 1555 cti
1068 1522 1113 1555 ιιι
1151 1503 1185 1556 ob
1220 1502 1347 1571 reliquas
1389 1519 1481 1556 omues
1516 1511 1678 1556 sanctorum
1714 1501 1775 1554 arsi·

83 1585 198 1642 latronis
217 1602 272 1640 non
289 1585 344 1640 fuit
361 1585 521 1658 δοκιμασία,
540 1585 590 1639 sed
602 1589 729 1658 τιμωρία,
747 1585 834 1640 multo
848 1601 913 1654 ergo
941 1604 1008 1641 mas.
1065 1585 1145 1643 Conf.
1179 1586 1305 1642 harmon.
1342 1604 1441 1658 evang.
1475 1587 1511 1643 de
1543 1603 1615 1673 pass.
1644 1604 1705 1657 cap.
1735 1593 1773 1642 15.

80 1670 170 1727 miuus
197 1671 252 1726 fuit
275 1667 445 1744 papsipros,
475 1671 596 1724 omnium
617 1671 729 1726 minime
755 1676 797 1726 ιιι
815 1671 913 1742 impos
941 1690 1003 1743 pag.
1023 1678 1081 1728 ’143

83 1758 274 1830 propeccatis
292 1755 353 1812 Deo
372 1756 560 1825 satisfaciens,
589 1775 660 1828 quae
677 1757 767 1827 gloria
784 1756 835 1812 soli
853 1773 912 1827 pas-
979 1765 1034 1814 191.
1072 1766 1096 1813 5.
1115 1759 1185 1814 Cum
1204 1758 1259 1812 illis
1280 1757 1440 1829 Scripturas
1458 1758 1554 1823 dictis,
1582 1774 1654 1829 quae
1671 1764 1774 1813 testan-
1787 1762 1807 1802 5
1811 1762 1914 1803 sarna·

82 1845 152 1902 sioni
181 1843 283 1900 Christi
313 1842 454 1913 competit.
502 1841 589 1896 Latro
619 1858 670 1897 sua
699 1842 826 1913 passione
858 1860 913 1897 nou
940 1852 999 1914 tur,
1027 1863 1121 1900 omnes
1152 1862 1216 1900 rere
1241 1846 1271 1899 in
1297 1845 1437 1899 Christum
1466 1845 1610 1900 credentes
1635 1844 1728 1899 statim
1757 1814 1912 1906 astillian

82 1930 219 1987 satisfecit
235 1929 310 1999 Deo,
339 1929 388 1984 sed
412 1928 521 2000 legibus
547 1930 726 2000 magistratus
752 1928 913 1982 facinorosis
941 1937 1029 1985 morte
1057 1931 1152 1986 felices
1178 1947 1211 1985 ac
1239 1929 1335 1985 beatos
1362 1946 1422 1985 esse
1449 1947 1482 1985 ac
1508 1930 1613 1984 animas
1641 1931 1773 2001 ipsorum,
1788 1919 1900 2018 3232:ss

10 2025 197 2076 ιιιιιιιοιιιιιι
227 2014 429 2087 irrogantibus,
459 2015 596 2085 quomodo
627 2014 713 2085 igitur
739 2016 798 2084 ejus
823 2013 914 2084 passio
941 2018 1144 2086 quamprimum
1165 2016 1289 2085 corporis
1307 2032 1379 2070 nexu
1399 2015 1557 2083 solvuntur,
1576 2017 1727 2088 evestigio
1747 2024 1795 2073 et
1789 2022 1827 2058 ¹¹⁸
1841 2023 1875 2058 ¹¹¹·

81 2101 471 2176 apudDeumrelmeritoria,
484 2100 790 2156 velsatisfactoriaesse
803 2098 914 2171 potuit?
940 2101 1147 2172 immediate,
1139 2118 1169 2155 ιιι
1196 2101 1257 2172 ipso
1283 2101 1427 2156 solutionis
1451 2108 1604 2166 momento,
1632 2102 1691 2157 sine
1717 2073 1877 2162 unapqqqpp

83 2192 170 2246 Nemo
189 2198 310 2244 vestrum
323 2189 455 2256 patiatur
471 2206 553 2256 quaes
549 2188 712 2243 homicida
728 2196 777 2241 aut
789 2189 847 2254 sar
866 2195 913 2240 aut
942 2188 1148 2259 intercapedine
1168 2193 1217 2242 aut
1234 2187 1406 2244 intervallo
1397 2204 1427 2242 ιιι
1446 2188 1606 2259 paradisum
1624 2187 1777 2255 transferri,

81 2278 238 2342 maleficus,
269 2274 361 2346 inquit
384 2272 459 2327 Patr.
486 2278 509 2332 1.
539 2273 617 2343 epist.
644 2279 675 2343 4,
706 2290 733 2329 v.
754 2279 793 2328 15.
822 2271 914 2326 athis
942 2292 1013 2346 quae
1032 2273 1195 2334 ldsioraroc
1213 2278 1259 2328 καὶ
1278 2272 1481 2346 ἀνεμπόδιστος
1499 2274 1653 2328 animarum
1674 2275 1776 2329 incoe-

81 2363 151 2419 latro
173 2379 273 2434 passus
292 2366 334 2416 est
352 2366 383 2414 ut
399 2360 556 2428 maleficus,
585 2359 652 2413 dicit
667 2359 742 2414 enim
758 2378 809 2413 aas
826 2359 914 2426 dipsa
942 2360 1000 2415 lum
1016 2361 1161 2416 translatio
1180 2361 1333 2432 purgatorii
1361 2361 1467 2415 somnio
1486 2360 1589 2415 directe
1608 2360 1778 2416 adversatur.

81 2450 168 2514 factis
186 2448 356 2516 recipimus,
385 2446 431 2499 ιιι
450 2463 515 2500 sero
533 2445 605 2499 nihil
624 2446 694 2499 nauli
715 2446 814 2516 pessit,
848 2462 913 2517 quo·
944 2448 989 2502 Sic
1019 2447 1092 2502 enim
1122 2448 1320 2503 concludimus.
1363 2445 1486 2510 Quorum
1512 2445 1620 2500 animae
1640 2445 1699 2501 sinc
1719 2445 1779 2500 ulla

83 2536 163 2592 modo
188 2534 274 2606 igitur
294 2531 381 2603 ipsius
407 2530 500 2601 passio
519 2531 546 2584 in
565 2531 676 2602 plenam
699 2531 915 2587 satisfactionem
945 2534 1091 2605 interjecta
1109 2551 1187 2588 mora
1205 2540 1233 2589 ιι
1253 2533 1451 2604 impedimento
1475 2531 1512 2586 ad
1531 2531 1654 2602 paradisi
1673 2531 1779 2602 gaudia

83 2620 205 2694 reputari
223 2619 322 2690 potuit,
343 2635 406 2672 cum
426 2635 462 2672 ne
481 2617 595 2688 quidem
614 2617 722 2688 piorum
743 2616 915 2685 afflictiones,
943 2621 1158 2688 transferuutur,
1177 2619 1241 2675 illae
1258 2637 1314 2675 nou
1332 2619 1518 2674 detruduntur
1536 2618 1673 2690 inignem
1693 2635 1779 2689 quen·

83 2725 152 2782 quas
183 2712 297 2778 propter
317 2704 494 2760 Christuma
519 2704 743 2773 persecutoribus
769 2704 915 2771 sustinent,
944 2706 1008 2760 dam
1033 2706 1234 2777 purgatorium.
1281 2705 1338 2759 Sed
1356 2705 1478 2759 omnium
1496 2720 1560 2759 vere
1579 2703 1687 2774 piorum
1705 2710 1734 2760 ιι
1750 2704 1779 2759 in

82 2794 239 2851 meritorias
267 2808 299 2845 ac
326 2788 526 2845 satisfactorias
554 2789 610 2844 dici
639 2790 759 2859 possint,
790 2796 821 2844 ut
848 2790 916 2845 alibi
944 2792 1083 2848 Christum
1114 2793 1287 2848 credentium
1316 2793 1424 2847 animae
1453 2792 1512 2847 sine
1541 2791 1599 2845 ulla
1632 2791 1780 2861 inter-J'eeta

82 2882 191 2955 plenius
229 2877 284 2933 fuit
320 2875 557 2931 demonstratum?
611 2875 716 2938 Quodsi
750 2883 807 2931 tam
843 2877 916 2932 seria
944 2895 1020 2933 mora
1049 2885 1077 2935 ct
1102 2880 1299 2950 impedimento
1327 2879 1362 2933 ad
1388 2877 1511 2949 paradisi
1537 2876 1642 2948 gaudia
1661 2877 1777 2933 transfe-

82 2964 225 3034 contritio,
252 2970 310 3018 tam
339 2961 510 3018 admirabilis
541 2961 677 3032 patientia
706 2968 734 3017 et
766 2969 821 3017 tam
853 2962 915 3017 illu·
942 2974 1048 3020 rantur.
1074 2965 1157 3036 Ergo.
1178 2964 1342 3019 Assumtum
1356 2964 1489 3035 probatur
1502 2980 1535 3018 ex
1550 2962 1632 3017 dictis
1645 2969 1674 3017 ιι
1685 2979 1777 3018 mem·

82 3054 144 3110 stris
186 3049 321 3107 confessio
358 3047 498 3119 perfectae
539 3046 735 3102 satisfactionis
762 3048 822 3103 loco
849 3047 915 3103 huic
942 3053 996 3122 plis
1016 3051 1049 3108 V.
1071 3057 1099 3106 et
1114 3051 1147 3107 N.
1166 3051 1199 3108 T.
1245 3050 1376 3106 Enochus
1396 3068 1413 3105 a
1434 3050 1494 3106 Deo
1513 3051 1668 3104 translatus
1685 3057 1725 3103 est
1745 3050 1775 3103 ia

80 3140 181 3197 latrem
199 3154 259 3193 esse
276 3136 380 3208 potuit,
408 3134 504 3205 utiquo
529 3134 705 3205 proportione
729 3134 806 3190 facta
827 3136 915 3190 minor
937 3139 1110 3210 paradisum
1135 3136 1206 3193 Gen.
1232 3144 1262 3205 5,
1292 3155 1318 3190 v.
1340 3142 1381 3192 21.
1415 3136 1468 3192 Sir.
1494 3142 1543 3205 11,
1571 3153 1597 3190 v.
1624 3141 1664 3192 16.
1691 3140 1775 3204 ιιι),

80 3226 222 3295 contritio,
250 3224 339 3278 minor
368 3220 503 3292 patientia
532 3227 562 3275 et
589 3220 724 3275 confessio
763 3239 818 3276 uon
856 3228 913 3278 tam
941 3242 966 3279 r.
990 3228 1029 3279 16.
1048 3222 1136 3279 Hebr.
1161 3230 1204 3293 11,
1228 3241 1253 3280 v.
1271 3229 1295 3279 5.
1336 3221 1414 3277 Ειιιι
1432 3241 1519 3276 curru
1543 3230 1568 3275 ιι
1589 3223 1667 3290 equis
1685 3222 1776 3291 ipaes'a

81 3312 196 3369 illustris
238 3309 379 3382 perfectae
427 3305 624 3362 satisfactionis
660 3325 815 3362 mensuram
865 3310 913 3364 ad·
941 3312 1083 3364 subuectus
1107 3317 1149 3364 est
1174 3311 1206 3364 ia
1229 3309 1336 3363 eoelscm
1364 3314 1387 3364 2.
1411 3307 1480 3379 Reg.
1506 3313 1536 3376 2,
1565 3325 1591 3364 v.
1613 3315 1652 3364 11.
1680 3309 1776 3362 anima

80 3399 197 3470 implere
215 3400 333 3469 possunt
352 3395 381 3449 in
399 3392 460 3462 illis,
480 3393 529 3463 qui
548 3411 603 3448 uon
620 3393 697 3448 fuere
710 3400 768 3448 tam
780 3395 913 3466 grambus
941 3398 1047 3452 lucari
1075 3397 1112 3450 ab
1143 3396 1251 3463 anpelis
1284 3403 1419 3464 portatur
1455 3396 1485 3448 irs
1521 3394 1613 3448 sinum
1642 3395 1776 3448 Abrahae

82 3491 110 3541 ιι
129 3483 288 3540 enormibus
307 3479 430 3552 peccatis
448 3495 498 3549 per
515 3485 602 3533 totam
621 3479 706 3533 vitam
728 3480 856 3550 obnoxii,
887 3489 915 3538 et
942 3485 1009 3540 Luc.
1033 3489 1078 3552 16,
1104 3500 1131 3538 v.
1150 3487 1191 3538 22.
1212 3481 1261 3536 ubi
1281 3481 1471 3536 consolatione
1488 3481 1599 3545 fruitur
1615 3496 1640 3536 r.
1659 3485 1701 3538 25.
1714 3481 1775 3551 jam

83 3571 122 3626 sic
142 3570 233 3624 denuo
253 3566 415 3639 purgatorio
434 3565 492 3636 igni
506 3565 542 3619 ab
563 3565 744 3621 exstinctione
761 3568 915 3637 periculum
941 3585 1005 3624 vero
1027 3567 1124 3628 ὠδῖνες
1144 3574 1172 3623 ιι
1189 3564 1360 3640 παράκλησις
1385 3573 1451 3620 sunt
1474 3565 1527 3621 sibi
1554 3566 1672 3621 invicem
1690 3582 1776 3638 oppo¹

80 3657 230 3728 impendet
277 3657 303 3712 3.
328 3651 486 3719 Privilepia
519 3669 678 3723 pancorum
718 3671 773 3705 raon
802 3655 915 3726 facium
941 3655 1006 3722 sita,
1033 3671 1099 3726 ergo
1126 3671 1182 3709 non
1210 3653 1297 3707 sensit
1316 3652 1409 3707 anima
1424 3652 1524 3707 Lazari
1543 3651 1644 3713 ὠδῖνας
1664 3651 1692 3705 in
1712 3669 1776 3723 pur·

81 3744 218 3813 rapulam.
252 3740 315 3795 Hac
327 3738 489 3808 exceptione
501 3736 589 3791 utitur
601 3736 729 3792 Becsnus
745 3737 773 3792 in
793 3740 913 3810 append.
941 3742 1058 3813 gatorio,
1077 3740 1128 3794 sed
1146 3738 1318 3811 παράκλησιν
1330 3739 1359 3792 in
1370 3738 1499 3793 Abrahae
1513 3745 1625 3811 gremio.
1649 3738 1775 3794 Christus

81 3829 150 3899 disp.
171 3828 205 3883 de
230 3844 312 3898 purg.
331 3824 437 3880 Calvin.
462 3841 490 3894 p.
512 3828 567 3879 109.
608 3822 833 3894 Respondemus:
859 3825 914 3880 imo
941 3826 1034 3882 verbis
1053 3844 1087 3882 ex
1112 3826 1216 3883 Psalm.
1237 3831 1283 3895 ³1,
1311 3843 1337 3881 v.
1357 3829 1380 3881 6.
1406 3825 1536 3895 spiritum
1554 3844 1635 3879 suum
1652 3826 1775 3879 moriens
1788 3855 1910 3901 mm

80 3931 144 3971 sero
171 3913 224 3968 hoc
252 3929 307 3966 non
337 3917 379 3966 est
404 3909 560 3980 personale
587 3908 700 3979 aliquod
729 3910 913 3982 privilegium,
940 3916 1028 3969 Patri
1052 3915 1248 3968 commendans
1269 3930 1361 3966 ccccm
1387 3913 1526 3981 corporis
1542 3913 1589 3966 eui
1611 3912 1722 3982 mystici
1744 3913 1774 3966 ia

80 4002 128 4057 sed
163 3999 301 4072 generalis
333 3996 521 4069 promissionis
551 3995 679 4049 omuibus
714 3996 742 4050 in
775 3996 912 4052 Christum
940 4019 969 4056 sc
999 4001 1197 4068 traasfiparat,
1227 4005 1259 4053 ut
1285 3998 1459 4070 Augustinus
1491 3997 1521 4051 in
1550 3998 1664 4068 exposit
1698 3998 1773 4052 illius

79 4104 144 4142 vers
163 4084 340 4140 credentibus
364 4082 456 4137 factae
473 4080 535 4138 Joh.
556 4089 586 4150 5,
612 4099 637 4135 v.
661 4087 701 4138 24.
729 4099 752 4137 c.
776 4089 823 4147 14,
843 4102 869 4137 v.
888 4089 912 4140 3.
940 4087 1038 4158 psalmi
1056 4086 1187 4158 loquitur,
1207 4085 1281 4139 unde
1297 4085 1380 4140 etiam
1394 4084 1551 4154 Stephanus
1572 4084 1652 4138 morti
1666 4084 1773 4138 vicinus

79 4190 101 4230 c.
123 4179 167 4241 11,
195 4190 219 4226 v.
244 4176 285 4227 21.
316 4170 405 4239 Apoc.
429 4173 476 4237 11,
506 4184 533 4221 v.
558 4172 594 4223 13.
625 4169 857 4238 complementum
885 4178 914 4225 et
941 4173 1008 4229 dicit
1030 4173 1092 4228 Act.
1111 4179 1142 4240 7,
1167 4190 1192 4227 v.
1215 4178 1264 4229 ιιι
1287 4172 1410 4227 Domine
1428 4172 1499 4225 Jesu
1516 4172 1626 4239 scampe
1644 4171 1774 4241 spiritum

79 4257 248 4327 exemplum,
277 4254 412 4325 scriptum
434 4271 491 4309 uon
518 4254 606 4308 solum
631 4262 744 4325 propter
769 4257 912 4327 latronem,
941 4279 1038 4314 mcum.
1085 4257 1160 4330 Ergo
1184 4260 1298 4330 spiritus
1326 4258 1449 4313 fidelium
1480 4257 1573 4310 statim
1599 4274 1617 4310 a
1643 4262 1731 4312 morte
1758 4274 1775 4310 a

79 4345 127 4400 sed
147 4343 231 4399 etiam
249 4349 362 4413 propter
381 4358 440 4410 nos,
460 4348 490 4396 ut
508 4340 799 4410 firmiterstatunmus,
818 4360 912 4398 omnes
940 4346 1061 4401 Domino
1090 4346 1118 4399 in
1143 4345 1259 4416 gloriam
1288 4350 1315 4399 ct
1344 4343 1545 4399 beatitudinem
1572 4342 1771 4413 suscipiuntur.

78 4448 143 4488 vere
173 4430 345 4501 poenitentes
374 4433 402 4482 ιι
437 4427 466 4481 in
497 4426 636 4482 Christum
672 4428 817 4483 credentes
855 4429 913 4484 siue
940 4431 1005 4501 Sap.
1026 4436 1049 4500 3,
1071 4449 1096 4487 v.
1121 4437 1147 4485 1:
1176 4431 1324 4483 ductarum
1344 4429 1455 4482 animoa
1472 4437 1536 4481 sant
1557 4429 1586 4480 ia
1604 4446 1689 4482 suasu
1707 4430 1774 4495 Dei,

78 4506 233 4587 purgatorii
267 4513 423 4568 interventu
453 4511 481 4566 iu
510 4512 670 4583 paradisum
702 4519 765 4583 post
797 4519 912 4568 mortem
940 4525 966 4570 ιι
986 4534 1042 4570 uon
1061 4518 1152 4584 taupit
1180 4517 1249 4571 illas
1271 4525 1443 4583 tormentum,
1468 4532 1493 4568 v.
1513 4521 1535 4571 3.
1556 4522 1620 4567 snm
1645 4516 1676 4568 iu
1692 4534 1773 4585 pace.

78 4601 231 4674 pervenire.
285 4600 436 4670 Apostolus
464 4614 520 4652 non
553 4598 640 4654 solum
674 4598 708 4652 de
733 4615 775 4668 se,
801 4598 849 4652 sed
878 4599 913 4654 dc
940 4603 1027 4674 Atqui
1046 4602 1199 4673 prugatorii
1218 4608 1354 4657 tormenta
1371 4606 1436 4654 suut
1455 4599 1581 4655 omnibus
1596 4600 1680 4670 hujus
1700 4603 1775 4657 vitae

78 4687 207 4744 omnibus
232 4686 285 4758 piis
310 4693 338 4741 et
364 4701 429 4740 vere
456 4684 632 4740 credentibus
663 4685 731 4740 dicit
758 4689 781 4740 2,
811 4685 869 4741 Cor.
888 4693 912 4753 ι,
940 4690 1097 4753 tormentis,
1124 4689 1249 4760 adeoque
1268 4689 1335 4759 ipsis
1356 4687 1451 4741 mortis
1472 4685 1613 4741 doloribus
1633 4687 1771 4759 incompa·

78 4790 105 4831 v.
128 4781 155 4829 1:
177 4773 300 4838 Scimus,
326 4773 458 4841 quomam
485 4772 512 4824 si
540 4772 680 4826 terrestris
706 4774 804 4825 domus
823 4774 912 4827 ‹tisso-
940 4774 1065 4829 rabiliter
1077 4775 1191 4845 majora.
1221 4774 1297 4843 Ergo
1310 4773 1419 4828 animae
1433 4773 1572 4842 justorum
1589 4790 1644 4827 nou
1659 4774 1775 4828 veniunt

78 4861 139 4915 luta
156 4861 260 4926 fucrit,
286 4858 511 4925 certificationem
531 4875 563 4910 cx
585 4860 647 4912 Deo
664 4859 812 4929 tabernam
843 4878 868 4912 v.
889 4864 913 4917 2.
940 4862 968 4915 in
988 4859 1188 4931 purgatorium.
1207 4875 1230 4914 c.
1248 4864 1272 4923 4,
1291 4876 1316 4912 v.
1340 4864 1366 4913 1:
1391 4858 1492 4912 Justus
1510 4859 1537 4912 ιι·
1554 4858 1639 4913 m'orte
1653 4876 1774 4928 praeoc-

78 4949 109 5002 ia
141 4948 194 5001 froc
227 4947 442 5014 iapcmiscimas.
475 4959 501 5000 v.
530 4950 554 5000 8.
583 4947 790 4999 Desideramus
822 4947 912 5014 mopis
940 4954 1058 5016 capatus
1084 4946 1189 5014 fuerit,
1222 4945 1251 4997 ia
1275 4945 1431 5012 refriperio
1449 4945 1510 4999 erit.
1557 4945 1645 5015 Atqui
1666 4945 1774 4999 animae

76 5033 262 5104 perepriaari
282 5049 296 5086 s
318 5047 446 5101 corpore.
483 5030 524 5088 Ut
544 5030 615 5085 euim
635 5049 691 5086 una
711 5038 795 5104 atque
815 5034 911 5088 eadem
940 5033 968 5087 in
993 5031 1146 5103 purgatorii
1173 5030 1290 5085 flammis
1314 5036 1470 5084 aestuantes
1497 5048 1552 5085 non
1574 5030 1679 5086 habent
1695 5031 1773 5085 refri·

79 5126 122 5176 est
146 5117 201 5173 Dei
222 5117 403 5188 justificantis
430 5123 458 5173 et
487 5115 622 5171 salvantis
652 5117 854 5187 misericordia,
883 5127 914 5175 nt
940 5119 1056 5191 getium.
1097 5117 1173 5173 Eccl.
1196 5123 1240 5185 12,
1273 5135 1296 5172 ι,
1318 5123 1348 5171 t:
1376 5115 1501 5185 Spiritus
1521 5119 1597 5170 rectit
1614 5119 1654 5169 act
1672 5119 1774 5181 Deum,

79 5221 165 5261 uuum
202 5203 332 5275 idemque
361 5202 463 5259 Christi
496 5201 639 5271 meritum,
663 5209 695 5257 ut
721 5220 778 5259 uua
805 5205 912 5260 eadem·
940 5209 991 5277 qai
1007 5207 1086 5260 dedit
1103 5222 1173 5262 eum.
1207 5203 1295 5275 Atqui
1313 5203 1422 5258 animae
1441 5202 1470 5256 in
1488 5203 1650 5274 purgatorio
1668 5222 1686 5256 a
1707 5205 1773 5257 dae·

80 5309 135 5366 quc
152 5289 314 5362 evangelica
331 5289 484 5361 promissio,
502 5295 534 5344 ut
553 5306 626 5343 unus
642 5294 726 5360 atque
743 5290 816 5345 idem
831 5292 912 5361 justi·
934 5286 1065 5347 morsibus
1082 5299 1260 5362 torqueatur,
1284 5296 1315 5342 ut
1339 5289 1443 5342 multae
1463 5289 1645 5343 rcaclatiaacs
1663 5291 1771 5343 doceat.

75 5377 213 5434 ficationis
233 5375 345 5440 modus3
370 5375 411 5430 ita
430 5392 541 5449 qnoque
562 5392 634 5430 unus
652 5382 736 5446 atque
756 5376 828 5433 idem
846 5377 912 5433 fidei
940 5378 1124 5433 bellarminus
1143 5376 1191 5431 lib.
1211 5381 1235 5433 2.
1260 5375 1296 5431 de
1321 5392 1402 5446 purg.
1427 5392 1448 5430 ι.
1471 5380 1509 5431 13.
1533 5376 1596 5430 Ειι.
1616 5382 1664 5440 57,
1692 5393 1719 5429 v.
1744 5381 1773 5430 2:

72 5462 255 5537 justificantis
274 5466 317 5517 est
334 5459 467 5531 effectus,
491 5461 566 5534 quod
585 5460 693 5517 suificat
711 5478 774 5518 rere
794 5463 910 5520 creden-
938 5464 1017 5520 Justi
1030 5481 1085 5535 per
1103 5472 1219 5519 mortem
1240 5464 1282 5518 ad
1294 5479 1396 5531 pacem
1411 5463 1529 5530 aenium,
1549 5463 1773 5532 requiescentis
