4104 6014
698 243 749 299 nn
767 239 1011 323 nceruoeuu
1030 238 1353 300 nesunencrroun
1778 254 1867 311 ,455
1965 270 1971 283 .

182 394 326 464 spiritalis
346 398 508 467 potentiae,
536 402 589 453 sed
612 400 763 471 palpabile
787 416 842 471 per
869 399 1013 453 mritutem
1039 410 1065 452 v,
1084 400 1125 450 59.
1148 396 1197 450 ubi
1213 397 1323 452 narinus
1342 400 1438 453 carnis
1461 408 1486 453 et
1503 400 1650 469 sanpuinie
1668 419 1792 471 corpora
1809 418 1870 455 car·

185 489 311 536 murus.
345 482 383 537 Et
414 490 511 555 postes
538 484 662 557 subjicit:
694 486 762 541 (slim
790 487 845 539 bac
869 487 905 540 ds
928 501 961 539 rs
983 484 1014 538 in
1039 480 1122 534 nulia
1137 481 1280 550 intelliait.
1316 501 1342 555 p.
1363 490 1426 540 390:
1448 484 1483 539 ss·
1502 486 1630 545 Obrimus
1648 506 1705 541 non
1724 488 1805 543 babet
1816 496 1870 541 ter·

183 566 272 637 lonpn
296 570 472 624 contentione
493 573 629 640 perducti
652 572 821 641 parisina
839 592 859 627 a
877 572 958 626 uobis
972 570 1014 625 in·
1038 583 1137 621 renum
1155 586 1206 623 uec
1224 570 1357 639 carnale,
1387 573 1439 625 ssd
1455 570 1605 639 spirituale
1624 580 1650 625 et
1670 573 1788 627 coeleste
1809 591 1869 628 eor·

183 654 339 724 ciperem
355 656 535 711 simulatione
553 659 679 727 resilire,
707 659 861 729 imperator
886 658 1015 713 Tiberius
1035 670 1107 723 pus,
1135 672 1302 726 consequens
1325 665 1379 724 est,
1405 659 1550 711 crecientss
1576 676 1632 711 non
1650 658 1797 714 babituros
1816 668 1871 715 ter·

185 738 383 795 C'onstantmus
407 760 451 797 me
473 752 500 797 et
523 744 606 799 illum
630 744 822 815 (Eutychium)
850 744 1015 814 iucipiens,
1039 755 1111 793 rcua
1128 742 1172 795 uel
1190 742 1335 810 earnalia,
1359 745 1412 797 ssd
1431 744 1597 811 spiritualia
1617 752 1643 797 ct
1660 746 1793 799 cadmia
1809 764 1869 802 cor·

184 826 255 895 auid
282 827 355 881 inter
382 846 433 882 nos
458 830 620 885 mimum
646 839 819 899 meander,
851 829 963 900 apnooit
988 836 1013 883 et
1034 843 1126 896 pora,
1154 828 1222 896 quta
1246 846 1350 898 corpus
1374 837 1500 883 riostrum
1524 830 1628 884 iumile
1646 832 1870 899 trausfipurabit‚

183 912 328 982 utriurmse
356 915 454 983 partis
485 916 684 987 allegationem
714 934 855 986 pensans,
895 918 1014 971 eundem
1039 920 1070 966 ut
1096 915 1239 977 conforme
1258 917 1365 970 reddat
1384 916 1500 987 corpori
1513 934 1565 970 suo
1583 917 1718 983 plorioso.
1756 935 1784 989 p.
1805 924 1870 974 3942

183 997 296 1067 librum,
313 1016 394 1069 qum
413 1003 449 1056 de
464 1004 667 1057 resurrections
685 1004 849 1074 scripserat,
870 1003 930 1057 suis
946 1020 1012 1072 quo·
1042 996 1124 1060 Quod
1140 1000 1242 1054 attinet
1258 1003 1343 1055 osrba
1363 1002 1483 1071 symboli
1502 1004 1750 1058 deresurrectious
1763 1008 1868 1069 carnis,

183 1100 238 1153 que
254 1084 473 1154 allspationibus
489 1089 635 1143 desbusns
652 1091 825 1155 deliberavit,
845 1097 877 1144 ut
888 1089 1014 1159 flammis
1039 1085 1195 1152 sciendum,
1221 1090 1299 1158 ‹pssod
1321 1106 1378 1141 nou
1397 1089 1506 1158 possint
1524 1106 1582 1142 esse
1602 1096 1699 1144 tantae
1715 1092 1870 1145 ermemma-

183 1170 307 1225 crsmari
336 1173 488 1239 debuissm
520 1192 540 1228 a
570 1194 625 1245 quo
650 1184 680 1229 ut
702 1177 809 1245 spressi
831 1193 939 1241 wmus,
971 1192 1014 1229 me
1039 1170 1082 1238 tis,
1100 1180 1130 1225 ut
1151 1180 1250 1226 eontra
1271 1172 1438 1244 Scripturas
1459 1175 1618 1229 testimonia
1635 1176 1706 1245 ipsis
1724 1178 1804 1231 neci
1820 1179 1869 1231 de-

183 1257 333 1325 aspritudo
356 1258 470 1327 ualida,
496 1263 614 1315 eundem
635 1280 701 1316 vero
724 1263 894 1331 Emyeiium
921 1261 1014 1332 aspri·
1040 1257 1115 1325 beat,
1139 1259 1206 1327 quia
1224 1261 1348 1312 nondum
1367 1261 1586 1313 dersomratum
1608 1270 1658 1327 cst,
1677 1264 1714 1316 ab
1733 1265 1871 1332 apostolis

182 1345 254 1397 tudo
286 1351 313 1396 et
339 1362 415 1398 mors
434 1347 568 1414 protinus
596 1356 636 1401 set
659 1356 761 1403 secuta.
808 1350 870 1411 Quo
892 1355 1014 1414 mortuo,
1038 1343 1116 1398 illud
1145 1361 1205 1398 csse
1236 1346 1418 1414 compositum
1449 1351 1493 1405 (ut
1520 1346 1594 1400 nibil
1616 1348 1744 1402 rimamus
1770 1352 1806 1403 de
1829 1367 1871 1419 co,

183 1429 252 1498 quia
275 1446 346 1497 pens
373 1430 469 1485 nullus
491 1441 567 1502 crat,
592 1434 642 1504 qui
665 1435 729 1503 ejrss
747 1436 826 1489 dicta
844 1440 1013 1504 sswdur,
1039 1431 1117 1497 quod
1134 1431 1251 1498 quidam
1268 1438 1402 1497 statuunt,
1421 1448 1457 1485 ea
1477 1449 1549 1500 quae
1566 1435 1602 1486 de
1620 1434 1719 1497 pidsiu
1732 1434 1871 1504 Spiritum

183 1513 364 1570 edesiumlaoi
380 1525 479 1586 coepta
495 1520 641 1590 persequi,
660 1536 695 1573 ne
714 1522 745 1573 in
760 1521 882 1584 favillas
900 1521 1013 1575 uiderer
1039 1522 1163 1569 sanctum
1185 1534 1269 1584 usque
1290 1519 1330 1569 ad
1344 1517 1430 1585 jinsm
1448 1518 1592 1585 labentur,
1612 1538 1669 1573 uon
1688 1536 1745 1574 esse
1758 1529 1872 1589 partem

183 1602 269 1654 uerba
280 1602 419 1671 jaculari.
456 1606 533 1659 Dum
553 1613 645 1660 tarnem
660 1608 754 1661 adbuc
773 1608 891 1676 oicsrd,
916 1614 1012 1673 stepo
1039 1602 1160 1669 symboli
1182 1604 1349 1671 pecuinam,
1374 1606 1427 1659 sed
1448 1606 1649 1673 posterioribus
1676 1607 1787 1659 demum
1805 1615 1871 1662 tem·

182 1687 370 1743 calidissimis
387 1690 517 1756 febribus
541 1700 732 1761 mprotarem,
761 1695 926 1764 ememusque
954 1692 1015 1746 noti
1036 1688 1155 1757 poribus
1172 1688 1331 1755 additam),
1364 1690 1492 1758 manicis
1516 1692 1645 1744 visleatur
1671 1694 1756 1745 verba
1774 1695 1811 1748 dc
1828 1712 1870 1747 re·

183 1771 240 1825 uici
255 1775 297 1827 ad
313 1790 376 1827 cum
395 1775 576 1830 salutationis
587 1779 683 1847 pratia
694 1778 859 1848 pcrpcbant,
876 1787 907 1832 ut
920 1795 1014 1832 eorssm
1040 1775 1213 1828 surrectione
1242 1776 1339 1829 carrus
1365 1778 1453 1844 probe
1486 1779 1636 1832 ammistae
1661 1797 1758 1850 posse,
1788 1783 1872 1836 modo

184 1857 323 1913 manans
339 1862 463 1930 capuaci,
482 1870 546 1916 aute
564 1879 660 1917 eorum
679 1865 775 1920 oculos
791 1865 895 1933 pellem
915 1882 1014 1917 suanus
1040 1868 1114 1914 recte
1134 1861 1343 1931 intellipantur,
1370 1872 1401 1916 ut
1420 1864 1458 1918 sit
1479 1881 1591 1927 senam,
1618 1866 1696 1919 illud
1713 1870 1791 1935 estod
1807 1870 1870 1937 suit

184 1961 253 1998 sisae
271 1947 378 2001 tenebat
395 1948 507 2002 duan:
545 1950 691 2019 Confiteor,
712 1952 780 2020 quia
799 1967 893 2005 amnes
912 1951 942 2003 iu
961 1950 1015 2003 bac
1041 1964 1124 2014 earo,
1154 1963 1213 2000 esse
1237 1956 1472 2017 resurremus-um,
1507 1968 1563 2003 nou
1585 1958 1677 2005 autem
1702 1955 1780 2022 quod
1803 1970 1872 2009 caro

185 2047 271 2085 carris
305 2049 496 2103 resurpsmus,
532 2038 611 2103 qssad
643 2036 717 2090 sicut
751 2037 808 2106 ipsi
840 2037 1013 2099 fatebantur,
1042 2034 1105 2102 ipsa
1131 2034 1169 2087 sit
1198 2042 1406 2099 resurrectura,
1437 2034 1510 2089 sicut
1544 2036 1674 2091 Obristus
1698 2040 1800 2095 Maus.
1827 2044 1872 2108 21,

186 2118 298 2172 omnino
323 2120 409 2188 prius
435 2137 540 2190 uspare
571 2131 756 2178 connum.
792 2127 817 2176 5.
842 2123 1015 2176 Hincmarus
1040 2137 1065 2172 o.
1085 2122 1130 2175 31.
1147 2119 1230 2183 duit,
1253 2121 1424 2189 publicanos
1445 2138 1480 2174 ae
1497 2123 1655 2176 meretriceo
1670 2140 1873 2192 praecucuras

185 2202 282 2258 matos
306 2204 377 2260 dixit
398 2213 462 2276 post
478 2208 706 2263 resurrectionem
724 2208 832 2264 futuros
852 2212 1015 2281 taayyticvr
1041 2222 1100 2260 csse
1117 2206 1291 2260 Pharisaeos
1309 2207 1340 2260 iu
1357 2224 1444 2276 repno
1464 2209 1619 2275 coelorum,
1647 2210 1673 2263 b.
1697 2227 1720 2263 c.
1744 2214 1795 2280 qui
1803 2215 1872 2281 sus-

184 2306 235 2362 per
261 2289 398 2347 humanae
427 2291 599 2349 substantiae
626 2295 655 2348 in
686 2295 798 2367 angelos
826 2295 1014 2360 mutationem,
1040 2301 1105 2345 runt
1126 2292 1275 2361 publicani
1298 2301 1325 2346 ct
1344 2294 1516 2361 meretrices,
1541 2297 1594 2348 scd
1612 2296 1684 2350 tales
1702 2313 1762 2351 esse
1782 2299 1871 2352 desie-

185 2375 377 2450 tatinga
398 2385 465 2435 ec.
486 2386 632 2450 t.p.205.
669 2386 693 2434 α’.
717 2382 866 2435 Λαηιααὶαα
890 2388 917 2434 et
935 2381 1014 2434 Albi·
1040 2387 1105 2433 runt
1138 2384 1159 2433 1.
1178 2378 1239 2434 Cor.
1261 2384 1289 2442 6,
1312 2397 1337 2433 v.
1358 2385 1382 2434 9.
1422 2377 1550 2450 Denique
1577 2381 1730 2449 concludit,
1759 2399 1788 2436 ss
1814 2402 1871 2437 uon

185 2480 281 2533 penses
305 2465 334 2518 in
360 2465 456 2520 eodem
484 2483 546 2520 cnm
571 2466 691 2537 Origene
708 2468 812 2522 versari
830 2484 922 2522 errare
943 2466 1014 2520 refe·
1040 2466 1152 2535 quidem
1161 2468 1277 2520 medere
1294 2466 1527 2521 resurrectionem
1543 2468 1646 2531 carru,
1664 2469 1693 2522 si
1704 2469 1774 2524 rari
1787 2468 1871 2544 ῥητόν

184 2558 249 2605 runt
267 2550 361 2605 Guido
387 2552 422 2606 de
445 2551 519 2606 haer.
542 2552 643 2607 Eimer.
668 2560 739 2623 part.
757 2559 779 2609 2.
804 2572 830 2625 q.
850 2558 888 2608 13.
910 2559 939 2608 et
957 2552 1014 2606 An·
1040 2552 1222 2619 intellipatur,
1240 2552 1352 2606 interim
1369 2560 1462 2606 tomen
1474 2555 1706 2608 resurrectionem
1721 2573 1872 2625 corporum

184 2636 295 2691 toninus
313 2645 383 2708 part
403 2644 426 2692 4.
447 2654 515 2692 sum.
536 2637 578 2697 tit.
599 2644 638 2693 11.
657 2655 681 2692 c.
696 2644 720 2695 l.
761 2642 782 2694 7.
803 2641 963 2693 Duraudus
978 2654 1014 2693 ne
1040 2656 1075 2691 ac
1111 2639 1235 2707 proinde
1273 2639 1506 2692 resurrectionem
1539 2646 1711 2694 mortuorum
1746 2644 1870 2696 credere.

56 2736 117 2779 m.
131 2734 170 2777 te.
183 2738 234 2792 per
257 2723 309 2779 Dei
338 2722 450 2794 quidem
479 2723 635 2779 absolutam
662 2724 814 2795 potandam
843 2724 902 2780 fieri
933 2742 1015 2794 posse
1040 2724 1094 2788 Qui
1118 2730 1161 2778 est
1186 2723 1338 2794 ipsissimus
1362 2740 1438 2779 error
1460 2724 1596 2780 lobannis
1616 2726 1751 2782 Hierosol.
1772 2735 1870 2783 contra

183 2808 316 2879 disputat,
334 2817 366 2864 ut
385 2809 457 2865 idern
476 2826 591 2865 numero
609 2827 709 2881 corpus
727 2818 859 2882 resurgat
894 2816 915 2867 8.
935 2813 1013 2865 Ana·
1040 2827 1123 2883 quem
1146 2813 1204 2881 jam
1225 2810 1289 2865 olim
1311 2810 1464 2882 disputavit
1482 2810 1670 2882 Hieronymus
1688 2815 1716 2867 in
1735 2814 1813 2885 epist.
1830 2815 1867 2870 ad

183 2896 321 2965 baptistae
346 2895 382 2951 de
406 2897 607 2951 resurrectione
632 2914 665 2952 ex
689 2898 804 2952 mortuis
826 2898 854 2952 in
875 2896 1013 2968 colloquio
1040 2897 1198 2953 Pammacb.
1216 2915 1244 2968 p.
1256 2903 1312 2954 17³.
1323 2897 1364 2952 sic
1372 2897 1509 2953 scribens:
1530 2899 1609 2952 Haec
1621 2903 1867 2970 estomuiscausa,

181 2981 366 3037 Franckenth.
385 2988 434 3037 nrt.
447 2987 487 3038 28.
503 2981 543 3038 sic
557 2982 721 3053 loquuntur:
740 2985 816 3038 Fore
833 2984 1013 3039 resurrectio·
1039 3003 1091 3038 cur
1114 2986 1145 3037 in
1171 2985 1342 3055 repositione
1359 2985 1429 3047 fidei
1445 2991 1509 3037 tuae
1525 2987 1566 3038 ad
1585 2987 1769 3055 decipiendae
1786 3006 1870 3043 aures

181 3085 244 3121 nem
263 3069 381 3122 mortuis
399 3070 552 3136 credimus,
578 3087 674 3124 oerum
698 3074 814 3125 eandem
838 3071 929 3141 ipsam
950 3087 1011 3124 car·
1038 3072 1230 3140 ianorantium
1261 3073 1355 3126 norim
1385 3090 1500 3142 corpure,
1532 3090 1566 3125 ac
1589 3090 1623 3127 ne
1647 3075 1733 3129 semel
1757 3074 1870 3143 quidem

181 3171 243 3208 uem
258 3163 284 3208 et
302 3156 475 3223 saupssinem,
495 3157 567 3209 sinit
584 3158 645 3225 jam
664 3158 802 3222 babemus,
820 3174 936 3226 repuum
955 3157 1013 3209 Dei
1038 3175 1138 3211 carries
1155 3159 1298 3221 nmninae,
1316 3160 1382 3211 dum
1399 3158 1523 3211 lsonsiues
1539 3166 1659 3227 putant,
1678 3168 1703 3213 te
1721 3162 1870 3215 carnaim

178 3258 359 3311 possessura,
388 3261 530 3316 nunquam
560 3244 721 3313 docuimus,
751 3246 803 3297 sed
830 3243 1012 3311 comrarium,
1038 3245 1203 3312 corporibus
1227 3244 1358 3307 confiteri
1383 3245 1501 3297 elidem
1520 3261 1620 3298 carues
1638 3261 1696 3298 csse
1717 3248 1868 3314 prorisor-

180 3344 277 3397 nempe
295 3345 409 3381 carnem
427 3337 453 3382 et
471 3331 634 3396 saupuinem
654 3347 769 3400 repnum
787 3330 847 3383 Dei
866 3347 923 3382 non
943 3346 1011 3397 pos·
1038 3349 1099 3400 pus.
1134 3329 1172 3384 Et
1189 3337 1302 3400 postea:
1321 3331 1392 3385 Alia
1413 3331 1523 3400 caruis,
1543 3331 1605 3385 alia
1625 3332 1751 3400 corporis
1771 3333 1869 3396 aeum-

180 3430 302 3470 sessura.
340 3415 430 3477 Quale
456 3424 546 3470 autem
569 3435 671 3486 corpus
694 3418 773 3470 nobs's
798 3417 939 3470 Dominus
958 3417 1012 3467 ‹ta-
1039 3419 1077 3471 tio
1094 3423 1141 3470 est.
1178 3416 1274 3471 Omnis
1297 3435 1365 3470 caro
1389 3424 1430 3469 est
1451 3434 1568 3484 corpus,
1592 3435 1647 3471 nou
1668 3434 1745 3471 omne
1767 3436 1869 3487 corpus

180 3508 261 3555 turris
288 3502 325 3554 sit
348 3510 373 3554 et
401 3511 533 3571 quantum
562 3506 597 3557 de
621 3503 675 3556 lsac
699 3519 784 3557 carrio
805 3511 831 3556 et
851 3503 887 3555 de
905 3501 1012 3555 ossibus
1038 3511 1080 3556 est
1097 3521 1171 3556 cara.
1213 3502 1287 3556 Caro
1306 3510 1346 3556 cst
1360 3504 1497 3571 proprie,
1520 3520 1592 3572 qrsae
1610 3504 1761 3573 sanquine,
1784 3506 1870 3570 oense,

181 3589 224 3642 bis
247 3591 288 3640 ad
314 3588 390 3641 illud
413 3606 515 3658 corpus
542 3592 579 3643 sit
596 3608 715 3659 saurus,
742 3590 802 3659 ipsi
814 3588 1012 3657 permittimus.
1039 3590 1146 3643 ossibus
1168 3589 1315 3657 nmisque
1338 3590 1553 3657 constrirspitur,
1582 3608 1685 3660 corpus
1709 3607 1871 3661 qssanquam

180 3673 244 3729 vid.
263 3674 346 3729 etiam
365 3673 463 3745 colloq.
481 3674 583 3729 Embd.
601 3683 653 3731 nrt.
676 3681 715 3731 14.
758 3680 784 3730 9.
804 3674 848 3729 De
867 3673 1011 3741 Suencfel·
1037 3685 1064 3730 et
1095 3693 1163 3730 caro
1193 3676 1323 3740 dicatur,
1352 3676 1491 3729 interdum
1518 3685 1612 3729 tamen
1640 3676 1801 3729 aethereum
1826 3677 1869 3730 vel

181 3761 279 3814 diariis
300 3760 339 3814 sic
359 3760 456 3815 scribit
471 3760 569 3818 doech.
591 3762 735 3818 Vedianas
753 3762 781 3815 in
800 3762 878 3832 epist.
898 3761 935 3817 ad
949 3759 1011 3816 ioh.
1038 3768 1150 3817 ameum
1176 3762 1351 3824 cominatur,
1378 3764 1455 3830 quael
1478 3763 1567 3815 tactui
1590 3764 1716 3831 visuique
1734 3780 1790 3815 non
1807 3762 1870 3816 sub·

181 3846 272 3901 Zuicc.
291 3864 336 3903 an.
358 3852 438 3903 1540:
468 3848 588 3903 Arridet
611 3849 651 3902 eis
676 3866 764 3917 supra
783 3850 894 3903 modum
915 3848 1011 3916 Oripe·
1031 3850 1112 3919 jacet
1131 3852 1183 3904 et.
1215 3848 1310 3911 Vides,
1330 3867 1382 3902 nos
1400 3849 1557 3917 intellipere
1576 3849 1745 3903 subtilitates
1762 3856 1869 3902 uestras

181 3936 226 3988 nis
253 3936 358 4003 dopma
386 3936 421 3988 de
444 3952 531 3988 carue
554 3942 653 3990 nostra
677 3935 744 3988 olim
759 3951 816 4004 per
835 3934 959 4002 ploriam
981 3933 1011 3986 iu
1037 3943 1121 4005 atque
1145 3952 1266 4002 arcana,
1297 3952 1368 4003 qrsae
1395 3935 1425 3987 in
1451 3936 1585 3989 asbiaibs
1610 3942 1694 4004 atque
1712 3936 1786 3987 inter
1803 3932 1982 4003 per-¹¹1³&

180 4030 311 4074 naturam
342 4039 462 4089 prorsuis
489 4021 669 4090 spiritualem
696 4022 833 4073 mutanda
862 4028 889 4073 et
916 4018 1011 4072 amor·
1035 4023 1126 4085 festos
1154 4020 1303 4091 loquimini
1329 4028 1355 4074 et
1381 4038 1453 4089 auae
1475 4020 1600 4090 populus
1621 4021 1703 4086 foris
1721 4028 1799 4073 daus
1819 4036 1869 4073 nec

180 4108 278 4161 benda.
319 4110 360 4162 10.
385 4108 473 4162 blicis.
495 4109 624 4162 δαααααα
640 4105 706 4163 dial.
727 4112 748 4161 1,
767 4106 803 4161 de
821 4105 897 4160 Trin.
922 4123 949 4176 p.
969 4108 1009 4159 29.
1037 4116 1156 4161 meretm·
1174 4107 1283 4175 audire,
1299 4107 1434 4176 proferre
1452 4106 1483 4158 in
1502 4107 1631 4159 nicetium.
1659 4104 1868 4175 Respondemus

180 4194 256 4248 illud
274 4210 333 4247 esse
351 4201 506 4259 meatnrae,
526 4197 603 4263 quod
616 4211 671 4263 per
690 4194 914 4247 incarnationem
931 4192 1010 4246 Ciri—
1039 4198 1062 4248 1.
1086 4183 1120 4247 titi
1143 4194 1204 4248 loco
1228 4198 1250 4248 l.
1268 4191 1329 4246 Cor.
1351 4197 1396 4260 15,
1421 4209 1447 4248 ν.
1467 4196 1509 4246 59.
1536 4191 1581 4245 cui
1608 4190 1689 4244 unice
1715 4190 1868 4245 Ostorodus

179 4288 238 4333 stus
268 4280 431 4350 acqus'sinit,
463 4280 505 4333 ita
535 4298 569 4333 ac
595 4280 621 4332 si
646 4296 693 4332 res
722 4288 791 4333 esset
819 4279 1011 4344 accidentalis,
1037 4280 1171 4346 innititur,
1192 4278 1277 4350 paulo
1297 4282 1360 4347 post
1377 4292 1509 4347 agemus,
1528 4273 1574 4329 bic
1590 4275 1701 4329 unicum
1722 4274 1791 4329 illud
1811 4294 1868 4331 mo·

180 4368 312 4421 arsurum
329 4373 370 4420 est
388 4364 418 4417 in
435 4366 645 4419 resurrectione.
686 4364 777 4435 (Idem
798 4364 898 4435 depiis
911 4363 1011 4418 Christi
1037 4383 1148 4434 nemus,
1166 4364 1322 4435 apostolum
1343 4363 1418 4434 loqui
1438 4362 1473 4417 de
1491 4379 1576 4415 carne
1596 4361 1728 4428 animali,
1749 4370 1868 4429 peceato

180 4452 309 4508 membris
328 4458 449 4506 emmae
467 4451 604 4522 cogetur.)
1037 4460 1154 4506 onerata
1179 4459 1204 4504 et
1227 4450 1404 4519 cormsptioui
1427 4448 1554 4502 oenone.
1588 4446 1630 4500 Ea
1650 4454 1787 4516 quatenus
1805 4447 1868 4502 talis

216 4545 255 4594 71.
283 4543 323 4595 11.
343 4537 510 4592 Plotiniani
528 4536 706 4600 contendunt,
726 4553 848 4607 corpora
865 4536 1011 4589 resuscita·
1038 4545 1093 4605 est,
1112 4555 1168 4592 non
1188 4542 1279 4607 potest
1297 4552 1413 4606 regnum
1432 4533 1485 4588 Dei
1505 4532 1659 4604 possidere,
1685 4532 1734 4587 scd
1752 4533 1866 4605 requiri·

180 4631 273 4678 torrem
300 4626 360 4679 sirm
390 4641 475 4678 came
503 4632 529 4678 et
558 4625 695 4692 sanquine
720 4626 801 4691 fore,
828 4623 904 4676 unde
929 4622 1011 4675 illam
1038 4631 1092 4687 tur,
1110 4631 1143 4678 ut
1159 4621 1266 4693 peccati
1283 4621 1359 4675 labes
1378 4620 1555 4691 abstergatur
1573 4625 1602 4673 et
1619 4620 1787 4689 corruptioni
1807 4636 1867 4674 suc·

180 4711 273 4778 ipsam
293 4727 417 4776 caruem,
435 4728 520 4780 quam
538 4710 779 4778 circumferimus,
795 4709 907 4763 ratione
922 4724 1010 4762 esseu-
1038 4710 1120 4766 cedat
1138 4708 1302 4783 ἀᾳααραία,
1330 4708 1449 4778 qualitas
1468 4724 1535 4778 ergo
1552 4705 1721 4772 mutabitur,
1742 4706 1790 4760 sed
1810 4706 1870 4776 ipsa

181 4801 238 4851 tiae
268 4798 385 4850 eandem
411 4797 478 4850 olim
503 4804 725 4851 resurrecturam
747 4802 858 4867 negant.
896 4795 1011 4850 Sacinus
1038 4797 1147 4852 interim
1168 4794 1323 4849 substantia
1341 4795 1394 4849 erit
1410 4794 1516 4849 endem.
1555 4800 1578 4847 ’1.
1600 4791 1632 4846 Id
1656 4792 1729 4864 quod
1749 4791 1868 4846 clarissi-

181 4883 210 4937 in
234 4902 305 4954 resp,
328 4882 365 4937 ad
389 4882 473 4938 Pace.
496 4901 523 4953 p.
545 4888 591 4939 20:
623 4884 707 4936 Mori
727 4884 807 4936 debet
831 4900 934 4952 corpus
952 4882 1011 4943 boc,
1039 4884 1090 4938 mis
1109 4883 1200 4937 verbis
1217 4887 1334 4937 testatur
1352 4878 1510 4950 spostolus,
1528 4879 1595 4949 quin
1613 4877 1682 4932 illud
1700 4878 1791 4947 ipsum
1811 4894 1869 4933 cor·

182 4974 258 5039 quod
288 4970 433 5038 babemus,
467 4979 498 5024 ut
533 4971 617 5024 aliud
644 4988 745 5023 novum
775 4971 841 5022 inde
871 4977 1012 5022 nascatur.
1038 4988 1105 5042 pus,
1136 4969 1209 5036 quod
1238 4967 1389 5022 seminatur
1413 4967 1444 5021 lu
1470 4968 1567 5039 φθορᾷ
1573 5005 1580 5031 ,
1603 4971 1822 5019 resurrecturum
1839 4967 1869 5021 lu

182 5056 335 5112 Ostorodus
359 5057 389 5111 in
410 5057 473 5112 inst
497 5074 521 5114 c.
546 5062 588 5112 41.
614 5075 640 5128 p.
665 5060 728 5111 389:
760 5055 868 5108 Paulus
892 5057 928 5108 de
954 5071 1011 5108 cre·
1039 5056 1186 5131 ἀῳθαραίᾳ
1210 5073 1236 5108 v.
1258 5058 1311 5109 43:
1326 5052 1399 5124 quod
1423 5051 1575 5105 seminatur
1593 5052 1623 5106 ln
1643 5048 1755 5120 insutu,
1779 5068 1869 5105 renir-

181 5144 306 5196 ‹lentinm
333 5144 497 5213 corporibus
522 5144 686 5212 disputans,
720 5144 797 5212 quod
824 5149 888 5211 post
918 5157 1011 5194 rener-
1038 5149 1177 5199 recturum
1197 5140 1224 5194 in
1239 5138 1334 5210 gloria,
1356 5137 1429 5208 quod
1450 5136 1601 5191 seminatur
1618 5135 1647 5189 lv
1666 5134 1805 5206 ἀσθενείᾳ,
1825 5154 1869 5193 re-

180 5231 331 5283 sectionem
356 5248 413 5284 non
434 5231 491 5283 nsit
504 5231 613 5298 futura
638 5238 759 5295 terrena,
777 5230 829 5282 red
846 5228 1012 5297 spiritualia
1039 5234 1224 5283 surrecturum
1254 5226 1283 5279 in
1310 5224 1412 5279 virtute
1438 5241 1461 5278 v.
1487 5229 1527 5278 44.
1551 5221 1620 5277 illud
1645 5221 1735 5291 ipsum
1761 5239 1869 5292 corpus,

181 5325 208 5369 et
227 5317 530 5386 coelatia,postquom
549 5317 695 5371 sciliceta
712 5314 832 5369 mortuis
852 5330 1012 5368 resurrecc-
1039 5314 1114 5386 quod
1141 5319 1183 5367 est
1205 5310 1338 5379 animale,
1368 5310 1396 5365 in
1418 5307 1618 5364 resurrectione
1642 5307 1702 5362 lore
1726 5308 1870 5378 spirituale

181 5404 254 5470 rint,
284 5419 413 5472 expresse
444 5402 599 5470 concludit,
632 5405 708 5474 quod
738 5420 807 5455 caro
840 5409 866 5455 et
897 5401 1013 5467 sanquis
1038 5420 1063 5455 v.
1091 5406 1132 5455 «u.
1162 5405 1191 5453 et
1219 5404 1260 5453 47.
1288 5396 1340 5451 hoc
1368 5396 1458 5467 ipsum
1487 5393 1666 5463 corruptibile
1699 5392 1870 5448 indulturum

182 5508 298 5561 repnum
323 5489 380 5542 Dei
402 5489 563 5544 hereditare
593 5509 649 5545 nou
673 5489 800 5560 possint,
833 5493 856 5544 1.
883 5484 954 5554 Cori
975 5493 1014 5552 15,
1040 5484 1219 5559 ἀφθαρσίαν,
1248 5484 1300 5539 hoc
1331 5484 1422 5555 ipsum
1455 5480 1569 5535 mortale
1595 5478 1766 5534 indulturum
1797 5480 1870 5535 ibn-

235 5581 336 5625 casua
349 5581 398 5624 ise.
418 5583 475 5627 vnn
1508 5586 1542 5637 sb
