4104 6014
925 342 978 397 nn
1001 340 1140 398 uonna.
1813 356 1871 413 1³3

169 497 281 566 patitur
308 496 406 550 anima
433 498 513 552 illius
540 499 614 566 iqnis
638 496 802 568 purqatorii
830 498 937 550 ardore
964 499 1010 561 at·
1041 514 1112 566 quem
1132 499 1274 551 medenda
1293 508 1372 564 suat,
1401 505 1454 556 sed
1472 502 1627 555 auctoritas
1651 501 1784 555 ecclesiae
1802 502 1873 555 satis

174 583 256 650 flictu
292 600 316 638 c.
333 583 433 639 Nullus
458 585 487 638 iu
510 584 557 639 liu.
583 585 618 638 de
641 583 743 654 poenit.
776 581 839 637 dist.
859 589 883 636 7.
903 582 1011 650 Purqa-
1038 591 1086 635 est.
1125 583 1236 639 Martia.
1259 583 1388 641 Peresius
1408 587 1437 641 in
1459 585 1509 645 lib.
1531 586 1748 644 detraditionib.
1762 604 1872 657 purpu-

174 668 243 722 torii
255 684 379 740 poenae,
411 669 508 724 scribit
531 669 662 724 Costerus
682 669 712 723 in
739 668 817 723 ench.
836 684 859 722 c.
879 668 913 722 de
930 684 1011 739 purg.
1037 669 1139 722 lorium
1157 687 1191 722 eu
1212 670 1368 738 Scriptaris
1379 672 1503 743 probari
1521 691 1577 727 aon
1596 690 1697 742 posse,
1729 673 1872 728 confessus

174 772 251 826 prop.
272 761 297 812 6.
321 756 462 810 eccellunt
488 773 594 810 omnem
616 772 752 828 poariam,
781 772 864 823 quam
888 771 1011 822 unquam
1037 758 1085 807 est.
1123 753 1198 809 Ante
1217 755 1314 811 Sotum
1334 763 1362 810 et
1383 758 1523 812 Peresium
1552 742 1699 813 Fiscberus
1729 758 1869 813 Roffensis

175 843 280 912 aliquis
293 861 399 913 passus
418 851 458 898 est
476 845 506 896 ia
526 844 580 897 bac
600 843 666 897 nida.
707 844 858 911 Nunquam
877 841 906 892 in
925 858 1011 894 carne
1037 844 1134 895 contra
1151 840 1266 896 Luther.
1289 849 1339 898 art.
1364 849 1409 900 18:
1432 845 1556 900 Tametsi
1575 861 1608 898 ec
1634 845 1791 915 scripturis
1816 862 1871 898 non

175 937 253 984 tauta
271 930 383 984 inuenta
404 938 445 984 cst
465 946 578 1000 poena,
605 929 669 984 licet
686 928 832 982 mirabilia
855 928 937 996 passi
954 927 1024 1009 sint,
1035 926 1124 994 possit
1140 929 1262 997 probari
1275 932 1483 1000 purqatorium,
1495 933 1600 986 ueritas
1616 933 1678 1001 ejus
1690 930 1871 985 nihilomiuus

68 1020 99 1060 'lu
111 1019 162 1064 ²¹¹·
174 1023 311 1085 martyrae
331 1023 357 1069 et
376 1016 458 1069 multi
477 1017 602 1085 nequiter
620 1015 713 1085 iniqui
730 1021 810 1067 tanta
828 1013 1010 1067 sustinuerint
1021 1014 1025 1131 q
1037 1015 1144 1067 cunctis
1163 1013 1334 1069 Christianis
1353 1025 1393 1070 est
1412 1019 1563 1072 medendo.
1593 1016 1679 1074 ibid:
1704 1015 1872 1087 Quanquam

174 1102 324 1172 supplicia.
361 1101 405 1156 De
426 1101 571 1156 duratione
589 1117 740 1171 poenarum
761 1100 914 1169 disputant,
935 1100 1024 1169 quod,
1030 1102 1172 1168 fortassis
1199 1104 1429 1173 unamaliquam
1449 1104 1641 1175 Scriptorum,
1671 1121 1743 1172 quoe
1758 1111 1871 1171 proter-

174 1189 283 1242 tamdiu
302 1189 413 1242 animae
434 1188 465 1240 ia
481 1204 513 1242 co
540 1194 739 1255 torqueantur,
764 1188 852 1239 donec
874 1203 931 1255 pro
944 1202 1009 1253 pec·
1036 1187 1152 1241 cientem
1165 1189 1275 1258 adipat,
1295 1190 1338 1243 uti
1355 1190 1506 1244 uelitaolit
1521 1192 1693 1256 confiteatur,
1712 1191 1741 1242 in
1757 1197 1871 1259 promtu

172 1275 242 1327 catu
261 1275 417 1328 venialibus
437 1272 530 1326 inico
542 1273 634 1326 seculo
648 1273 776 1343 patratis
793 1273 901 1340 uolpro
910 1272 1010 1341 paonis
1037 1291 1092 1325 riou
1111 1274 1148 1327 sit
1167 1276 1311 1330 adducere
1317 1297 1328 1344 ,·
1343 1285 1438 1345 potest
1457 1293 1515 1330 esse
1535 1277 1717 1331 nihilomiuus
1734 1276 1796 1331 illio
1816 1276 1871 1329 oli·

152 1369 346 1431 peecotorum
378 1360 580 1430 temporalitas
612 1362 675 1414 Deo
701 1360 791 1424 suerit
819 1334 1110 1429 satisfacturalqaa,
1137 1362 1248 1416 tametsi
1273 1362 1506 1432 diliqentissimos
1532 1363 1712 1432 inquisitores
1737 1362 1871 1417 hactenus

172 1447 316 1512 Sats’sstai
345 1455 436 1500 aulem
461 1452 588 1499 asserunt
613 1445 657 1499 cel
677 1445 859 1514 passionibus
882 1418 1089 1514 ipsarumlilla
1109 1446 1233 1503 latuerit.
1265 1448 1303 1501 Et
1319 1454 1430 1519 postea:
1449 1448 1677 1518 Contemplantes
1697 1449 1795 1519 iqitur,
1815 1450 1869 1503 ali·

171 1533 346 1600 animarum,
366 1533 408 1586 uel
428 1531 628 1600 indtdqeutiis,
646 1531 754 1598 missis,
772 1531 935 1601 srrffraqiir,
956 1530 1010 1584 elc-
1036 1533 1173 1601 quamdiu
1186 1535 1388 1601 purqatorium
1423 1536 1593 1605 incognitum
1623 1536 1730 1601 fuisse,
1767 1536 1870 1589 deinde

171 1619 315 1688 cmospnis,
325 1619 457 1688 jejuniis,
471 1616 748 1689 percqriaationilus
761 1625 785 1670 et
799 1617 867 1671 aliis
880 1616 1010 1686 operibus
1036 1619 1202 1687 quibusdam
1225 1621 1411 1690 pedetentim,
1441 1622 1548 1690 partim
1581 1639 1613 1676 ee
1643 1622 1870 1689 revelationibus,

171 1705 374 1771 satisfactoriis
388 1702 1008 1772 uiuentiumaiaicorumautsocrtficulorum.
1032 1705 1139 1772 partim
1158 1720 1191 1757 eu
1210 1703 1368 1774 Scriptores
1385 1707 1524 1759 creditum
1543 1707 1647 1771 fuisse,
1678 1715 1704 1760 et
1725 1714 1782 1760 tam
1806 1723 1870 1760 sero

171 1789 249 1846 Haec
278 1789 372 1845 omnia
404 1788 526 1843 breviter
554 1787 747 1857 complectitur
774 1793 872 1842 auctor
897 1787 1008 1858 supple·
1036 1790 1173 1856 aequitum
1197 1799 1223 1844 et
1245 1799 1386 1859 receptum
1410 1793 1545 1847 ecclesiae
1569 1793 1716 1847 uniuersas
1741 1801 1790 1850 etc.
1810 1792 1870 1861 (Sic

171 1875 256 1931 menti
288 1875 324 1929 ad
357 1873 567 1929 commentarios
595 1873 735 1929 Gabrielis
764 1873 850 1928 Bielis
883 1881 907 1929 l.
939 1875 1185 1971 sent.,coneludo:
1204 1877 1316 1948 Dogma
1330 1877 1550 1946 aliquamdiuin
1563 1880 1681 1933 ecclesia
1700 1880 1870 1951 incognitum

172 1962 235 2015 dist.
259 1967 300 2016 lo.
320 1959 360 2015 sic
373 1959 510 2014 scribens:
524 1960 726 2026 Purqatorium
745 1968 786 2013 est
805 1960 884 2014 locta
897 1975 1008 2030 poenae
1036 1968 1060 2012 ot
1088 1979 1151 2016 sero
1177 1964 1213 2015 ab
1232 1963 1351 2017 ecclesia
1363 1965 1494 2019 uniuersa
1512 1973 1668 2036 receptum,
1697 1982 1753 2020 nou
1781 1972 1824 2021 est
1841 1967 1870 2022 iu

171 2047 347 2117 temporalis,
372 2063 455 2115 quam
473 2053 563 2100 tenent
578 2047 742 2115 purqandi,
767 2045 819 2115 qui
840 2045 870 2098 in
889 2045 1008 2098 caritate
1035 2046 1184 2118 Scripturis
1202 2048 1362 2117 revelatum,
1382 2066 1434 2104 nec
1453 2051 1577 2120 pertinet
1594 2052 1630 2107 ad
1650 2051 1733 2108 fidem
1754 2052 1869 2108 catholi-

172 2135 274 2187 mortui
291 2141 363 2186 sunt.
404 2131 470 2186 Illos
491 2131 559 2185 dicit
574 2147 695 2200 poenam
713 2132 822 2199 labae,
841 2133 894 2185 sed
906 2137 1007 2199 tempo·
1019 2140 1021 2153 ·
1034 2150 1109 2197 cam,
1129 2151 1181 2189 nec
1199 2135 1344 2190 constituit
1371 2134 1607 2191 fundamentalem
1625 2135 1691 2192 fidei
1712 2137 1868 2192 articulum.

171 2220 269 2285 ratem,
294 2235 391 2271 senna
415 2225 441 2272 et
461 2218 560 2270 domni
579 2225 701 2289 propter
727 2218 841 2288 aliquid
870 2217 1007 2286 supinate
1035 2220 1144 2291 Dogma
1167 2220 1345 2276 Pontificium
1372 2222 1408 2276 da
1432 2222 1593 2293 purgatorio
1610 2223 1667 2278 tale
1690 2229 1740 2280 est.
1771 2223 1865 2296 Ergo.)

171 2306 213 2358 ud
232 2304 334 2373 culpae
347 2303 524 2358 venialisoel
536 2304 674 2373 nterrtalis,
693 2305 775 2372 cujus
784 2319 878 2374 poena
891 2310 1007 2356 aeterna
1036 2306 1191 2376 Polydorus
1220 2306 1355 2378 Virgilius
1382 2307 1445 2362 libr.
1473 2314 1496 2364 8.
1527 2307 1561 2364 de
1588 2325 1640 2364 rer.
1667 2309 1769 2364 invent
1799 2326 1824 2366 c.
1846 2317 1870 2366 1.

172 2398 396 2445 coarmatataest
416 2391 446 2443 in
466 2389 663 2458 temporalem,
684 2390 833 2442 ecdiciae
850 2389 1006 2442 mesericor-
1035 2392 1149 2447 adducit
1166 2392 1252 2449 verba
1267 2392 1422 2450 Roffsnsis:
1454 2394 1597 2457 Quamdiu
1616 2395 1697 2448 nulla
1708 2397 1814 2463 suerat
1831 2398 1868 2451 ds

171 2478 220 2531 dia
234 2486 260 2531 et
276 2477 396 2531 bominis
405 2478 580 2546 poenitentia
592 2477 710 2531 dimissa
723 2478 808 2546 eulpa
816 2493 871 2546 per
883 2476 1007 2546 qratiam
1029 2479 1200 2548 purqatorio
1218 2495 1303 2549 asra,
1321 2497 1400 2534 nemo
1422 2481 1558 2550 qrmesioit
1575 2481 1778 2549 indulqentios,
1802 2500 1868 2536 nara

170 2572 282 2635 pratum
300 2565 460 2628 faeierttem.
495 2564 590 2634 Atque
610 2563 662 2619 hoc
680 2580 761 2618 suum
777 2562 880 2636 dogma
900 2561 1006 2617 creditu
1034 2581 1067 2617 aa
1096 2565 1147 2618 illo
1168 2567 1274 2635 pendet
1303 2567 1393 2620 omnis
1425 2567 1667 2635 iadulqeatiarum
1691 2568 1866 2625 existimatio.

170 2644 431 2706 tam'necessarium
448 2667 508 2706 esse
526 2656 666 2719 statuunt,
689 2657 720 2704 ut
745 2650 795 2722 qui
817 2646 893 2704 illud
916 2655 1007 2718 nepot,
1035 2649 1069 2704 Si
1084 2650 1171 2704 tollas
1192 2652 1407 2720 purqatorium,
1433 2669 1564 2722 quorsum
1590 2653 1772 2720 indulqentiis
1798 2670 1868 2723 opus

173 2756 234 2792 essm
261 2738 292 2792 ia
318 2738 446 2808 pedenna
472 2738 640 2805 sempiterno
665 2737 797 2791 incendio
824 2736 1007 2790 mutiendum
1033 2736 1110 2789 criti
1147 2735 1304 2805 Coeperunt
1325 2737 1414 2807 iqitur
1430 2737 1641 2808 inanimatas,
1655 2746 1808 2808 postquam
1828 2742 1870 2794 ad
1882 2752 1947 2797 ml.
1960 2753 2006 2797 tlt.

172 2825 278 2879 dicant.
312 2823 498 2878 Bellarmiuus
517 2821 567 2880 lib.
583 2829 605 2879 1.
624 2822 659 2878 da
678 2840 757 2894 purg.
777 2839 800 2878 c.
822 2828 862 2878 15.
1028 2822 1196 2891 purpatorii
1226 2823 1369 2878 cruciatum
1402 2823 1582 2894 aliquamdiu
1612 2824 1785 2894 trepidatum
1819 2833 1867 2880 est.

68 2913 116 2962 brr-
210 2916 267 2967 182.
303 2910 407 2967 Contra
435 2908 613 2964 Pontificium
653 2909 722 2963 illud
754 2907 922 2979 purqatorii
956 2905 1006 2978 lig-
1033 2908 1070 2961 Et
1086 2907 1179 2962 addit:
1202 2908 1281 2963 Haec
1298 2909 1364 2974 ille,
1383 2927 1456 2979 quae
1474 2906 1505 2963 tu
1516 2911 1610 2979 sorte,
1640 2927 1702 2965 cum
1721 2911 1796 2964 tanti
1811 2911 1869 2964 sint

68 2977 127 3062 liii:
172 3005 295 3055 mentum
323 2997 502 3069 producimus
532 2996 602 3051 haec
632 3000 804 3067 argumenta
859 3001 880 3050 1.
900 2994 1005 3065 Purga·
1033 2995 1170 3062 momenti,
1197 3003 1228 3048 ut
1256 2996 1347 3063 mapis
1377 3003 1453 3049 certa
1484 3012 1517 3049 ea
1544 3013 1592 3049 ore
1610 2998 1669 3051 Dei
1694 2997 1867 3067 aspectabas.

68 3079 149 3121 ΨΜ·
171 3085 272 3142 tarium
286 3085 447 3139 destituitur
461 3082 627 3152 Scripturas
640 3083 784 3152 suffraqio.
813 3081 1006 3152 Quodcunque
1031 3080 1214 3151 Praecipuum
1238 3080 1392 3152 purgatorii
1416 3081 1627 3137 fundamentum
1652 3082 1803 3137 collocatur
1836 3083 1867 3136 in

68 3120 160 3227 inurina-
173 3171 275 3243 dogma
295 3170 376 3226 certis
395 3175 424 3225 et
438 3169 592 3241 perspicuis
618 3168 777 3240 Scripturas
805 3185 899 3224 sacrae
925 3168 1005 3224 dictis
1033 3169 1161 3223 aratione
1181 3185 1239 3238 pro
1265 3169 1418 3238 defunctis.
1464 3168 1551 3239 Atqui
1576 3168 1728 3224 orationem
1750 3185 1801 3239 pro
1820 3168 1867 3224 de·

68 3234 144 3339 ilssffg
171 3255 284 3328 probari
313 3257 424 3328 nequit,
452 3256 578 3326 adeoque
608 3254 697 3309 solido
716 3260 744 3308 et
769 3253 881 3308 immoto
906 3253 1005 3309 funda
1032 3253 1136 3309 functis
1160 3272 1216 3308 non
1239 3271 1271 3308 cn
1293 3253 1461 3323 Scrtptura,
1492 3257 1545 3308 sed
1568 3270 1601 3308 ea
1619 3255 1773 3308 traditione
1798 3272 1867 3323 esse,

68 3342 144 3438 ζεῖ·
173 3348 266 3397 mento
284 3341 460 3406 destituitur,
484 3359 540 3397 non
559 3346 651 3410 potest
666 3357 716 3410 pro
741 3338 807 3394 fidei
827 3339 943 3394 articulo
960 3356 1005 3393 ae·
1032 3340 1128 3394 scribit
1150 3339 1284 3394 Ludovic.
1307 3339 1449 3412 Negarola
1472 3341 1501 3394 in
1526 3339 1621 3394 libello
1647 3340 1681 3395 de
1706 3340 1866 3411 apostolicis

120 3422 125 3433 ’
172 3428 285 3500 coptari.
322 3429 433 3500 Dogma
449 3426 621 3498 pontificium
642 3426 677 3482 de
695 3426 857 3497 purgatorio
877 3425 959 3480 certis
977 3432 1006 3480 et
1032 3424 1255 3481 institutionibus
1274 3425 1367 3480 tradit.
1389 3431 1430 3481 32.
1469 3426 1597 3481 Secundo
1618 3427 1653 3479 at
1666 3426 1794 3496 improba
1814 3427 1865 3478 ad-

172 3514 326 3586 perspicuis
346 3513 508 3582 Scripturas
526 3513 610 3567 dictis
625 3512 738 3583 probari
757 3512 861 3584 nequit,
879 3512 1005 3582 adeoque
1032 3513 1223 3567 versariorum
1240 3513 1442 3581 postulatione.
1482 3511 1630 3577 Pontificii,
1648 3529 1711 3566 cum
1736 3511 1765 3565 in
1782 3511 1867 3566 corde

171 3601 258 3658 solido
277 3607 304 3656 et
323 3600 436 3655 immoto
453 3598 635 3654 fundamento
651 3598 816 3654 destituitur.
854 3598 928 3669 Ergo
948 3615 1004 3653 non
1031 3616 1081 3653 suo
1109 3597 1227 3653 convicti
1257 3598 1326 3662 sint,
1351 3597 1453 3668 dogma
1471 3597 1507 3652 de
1524 3597 1685 3669 purgatorio
1710 3614 1765 3652 non
1783 3614 1866 3667 posse

171 3693 264 3758 potest
283 3704 333 3758 pro
352 3685 418 3741 fidei
437 3685 554 3741 articulo
574 3685 679 3739 baberi.
718 3684 835 3755 Majoris
854 3685 955 3739 veritas
975 3685 1004 3739 in
1031 3703 1064 3740 ex
1085 3684 1167 3738 claris
1185 3691 1214 3738 et
1232 3682 1385 3753 perspicuis
1405 3681 1565 3754 Scripturas
1578 3683 1660 3739 dictis
1674 3683 1865 3748 demonstrari,

171 3774 358 3830 controversia
384 3774 419 3828 de
447 3772 608 3843 Scripturas
631 3769 801 3842 perfectione
825 3779 866 3826 est
892 3772 1004 3826 demon·
1031 3771 1157 3842 improbe
1179 3776 1207 3824 et
1233 3769 1352 3824 absurde
1372 3786 1390 3823 a
1407 3768 1487 3824 nobis
1511 3769 1639 3841 flagitare
1661 3769 1810 3840 incipiunt,
1835 3776 1866 3824 ut

173 3868 268 3916 strata
318 3860 409 3914 Minor
434 3858 517 3914 variis
542 3857 632 3913 modis
659 3856 770 3927 probari
790 3863 896 3928 potest,
931 3869 951 3912 l.
971 3878 1005 3912 er
1032 3857 1199 3927 neqatiuam,
1219 3855 1351 3910 videlicet
1364 3874 1419 3911 non
1433 3873 1493 3911 esse
1507 3856 1708 3928 purgatorium,
1727 3854 1864 3917 adnotata

173 3949 299 4017 ipsorum
320 3945 552 3999 aduersariorum
570 3944 756 4009 confessione.
805 3944 936 3998 Irenaeus
957 3944 1003 4000 lib.
1031 3944 1060 3997 in
1079 3941 1229 4010 scripturis
1248 3949 1356 3996 exstare
1376 3941 1612 4010 demonstremus,
1642 3959 1704 3995 cum
1723 3941 1865 3995 tamenin

171 4040 194 4089 l.
212 4033 319 4087 advers.
345 4030 451 4086 haeres.
481 4046 505 4084 e.
527 4036 566 4085 14.
586 4030 669 4098 dicit,
698 4030 893 4098 prolationem
912 4047 1004 4085 reram
1025 4031 1100 4098 fideii
1117 4027 1247 4081 articulis
1267 4029 1441 4092 affirmative
1460 4037 1485 4081 ct
1504 4029 1630 4096 neqatioe
1655 4045 1687 4080 eu
1708 4027 1866 4094 Scripturr’s

171 4127 197 4172 et
220 4119 332 4171 minime
359 4116 580 4170 contradictioni
601 4115 747 4170 olnouiam
772 4132 845 4182 csse,
875 4134 946 4186 quae
972 4135 1005 4171 ea
1031 4123 1197 4184 arqnmenta
1218 4115 1285 4167 deici
1296 4131 1391 4184 posse,
1410 4121 1485 4170 recte
1499 4114 1597 4168 doceat
1612 4113 1709 4183 discip.
1729 4112 1764 4166 de
1780 4117 1864 4181 temp.

171 4204 400 4258 atloersariorum
429 4203 514 4256 dictis
541 4202 666 4266 elicitur,
699 4217 761 4255 cum
788 4218 843 4272 quo
867 4204 1005 4258 consentit
1031 4218 1111 4256 serm.
1144 4206 1185 4255 2³.
1218 4216 1337 4270 cumque
1367 4198 1515 4253 affirmanti
1552 4199 1680 4269 probatio
1715 4196 1865 4251 incumbat.

88 4295 93 4305 '
171 4291 240 4346 illud
271 4289 436 4346 Tertulliani
453 4291 498 4344 vel
517 4289 609 4360 potius
630 4288 730 4346 Novati
757 4288 791 4341 de
815 4287 892 4343 Trin.
910 4305 932 4344 c.
960 4295 1004 4344 18:
1032 4291 1103 4355 Quia
1133 4289 1219 4360 igitur
1243 4305 1312 4342 onus
1339 4287 1511 4358 probationis
1536 4285 1658 4340 humeris
1685 4285 1805 4354 ipsorum
1824 4283 1864 4337 in·

174 4379 299 4431 t'r'rmum
318 4384 358 4430 est
375 4393 463 4447 penses
475 4376 671 4448 probationis,
703 4375 877 4444 quodetiam
901 4377 936 4428 ab
954 4378 1005 4429 ad·
1031 4376 1164 4431 eumbens
1185 4376 1214 4429 in
1232 4391 1282 4429 nos
1301 4373 1446 4429 devolvere
1467 4377 1616 4439 conantur,
1649 4386 1681 4424 eo
1699 4369 1759 4439 ipso
1779 4368 1865 4422 mani·

170 4464 298 4518 versario
317 4462 445 4530 sumitur,
464 4471 494 4515 ut
511 4464 615 4517 ueritas
633 4463 718 4516 etiam
737 4462 773 4514 ab
791 4461 912 4514 inimicis
938 4479 1005 4530 pro·
1031 4463 1132 4517 festum
1161 4460 1283 4527 iaciunt,
1315 4459 1391 4530 quod
1419 4458 1471 4512 sub
1497 4472 1579 4511 onere
1608 4455 1780 4526 probationis
1804 4472 1865 4509 sue·

170 4551 260 4605 betur.
297 4547 390 4612 Quare
406 4546 429 4601 si
451 4563 484 4603 ex
505 4548 571 4619 ipsis
593 4546 759 4604 adversariis
788 4546 1006 4601 demonstratum
1033 4547 1166 4603 cumbunt
1203 4552 1287 4616 atque
1327 4562 1360 4600 ex
1388 4542 1537 4613 seripturis
1565 4541 1757 4612 probationem
1783 4541 1866 4612 hujus

170 4635 268 4703 tuerit,
297 4633 489 4705 purgatorium
522 4633 635 4690 destitui
667 4633 828 4704 Scripturas
864 4630 1006 4703 suffragio,
1034 4631 1171 4703 dogmatis
1196 4630 1314 4683 solidam
1337 4647 1370 4684 ac
1393 4628 1500 4682 firmam
1525 4646 1556 4684 se
1579 4626 1702 4699 proferre
1719 4644 1800 4699 posse
1820 4628 1865 4682 de-

171 4723 268 4792 utique
292 4719 407 4775 firmiter
431 4718 579 4790 probatum
599 4720 699 4787 fuerit,
730 4719 830 4790 dogma
856 4718 929 4772 istud
948 4735 1007 4773 esse
1032 4721 1153 4787 sperent.
1201 4715 1301 4770 Petrus
1334 4731 1352 4770 a
1383 4716 1450 4770 Soto
1485 4713 1514 4768 in
1543 4721 1639 4769 essert
1664 4714 1737 4770 cath.
1767 4732 1794 4785 p.
1819 4719 1864 4770 83:

171 4808 313 4880 ἄγραφον.
347 4806 412 4863 lum
433 4823 497 4861 vero
517 4806 594 4862 sacili
613 4805 725 4876 negotio
746 4805 813 4859 haec
838 4804 1006 4859 adversario·
1036 4805 1129 4866 Qrsare
1149 4821 1203 4856 nou
1223 4801 1315 4855 edatis
1334 4802 1433 4865 locum,
1452 4801 1500 4854 uhi
1517 4802 1705 4865 contrarium,
1735 4801 1866 4855 uidelicet

171 4913 232 4951 rum
264 4893 400 4950 confusio
432 4891 545 4964 probari
577 4897 677 4962 potest.
730 4891 830 4946 Petrus
854 4907 872 4944 a
893 4890 960 4945 Sota
978 4891 1007 4945 in
1028 4888 1228 4959 purqotorium
1247 4906 1303 4941 non
1322 4904 1388 4950 aso,
1407 4888 1530 4957 docetur,
1548 4889 1601 4941 sad
1618 4895 1723 4940 tanturn
1741 4886 1867 4955 raspatioc

171 4988 268 5038 essert.
287 4979 360 5037 cath.
389 4998 417 5050 p.
437 4984 486 5037 83:
508 4979 574 5032 Non
592 4986 643 5043 est,
660 4995 711 5031 cur
730 4977 833 5030 mirari
850 4979 1007 5047 debeamus,
1033 4974 1420 5043 arqumentamiai,quiaaec
1437 4973 1574 5040 Otristus,
1593 4973 1764 5029 aecPaulus
1777 4970 1867 5023 distre

171 5069 249 5138 quod
267 5083 318 5121 nec
333 5066 511 5136 prophetica,
529 5080 579 5116 aec
595 5062 752 5133 apostolica
770 5063 879 5133 scripta
893 5063 1008 5132 aliquid
1032 5061 1158 5119 lesuitae
1183 5059 1211 5113 in
1238 5060 1336 5130 colloq.
1362 5059 1526 5114 Durlucensi
1556 5076 1601 5115 an.
1630 5063 1704 5114 1615.
1738 5054 1866 5109 habendo

172 5153 242 5207 certi
264 5160 290 5207 et
313 5151 464 5222 perspicui
481 5151 517 5204 de
537 5149 707 5219 purqatorio
725 5148 917 5214 tradiderint,
945 5167 1007 5203 cum
1033 5146 1168 5202 anostris
1187 5145 1370 5216 postularunt,
1390 5161 1422 5197 ea
1442 5144 1599 5214 Scripturis
1617 5142 1753 5203 clreicis>
1784 5158 1818 5194 ae
1836 5141 1867 5194 ia

171 5246 276 5293 certum
305 5239 356 5305 sit,
384 5237 473 5292 multa
504 5236 564 5289 siae
597 5233 754 5302 Scripturis
789 5250 847 5287 csse
886 5234 1005 5291 tradita.
1033 5235 1103 5305 ipsis
1120 5233 1247 5286 terminis
1277 5222 1489 5285 terminantibus
1530 5229 1734 5292 demonstrari,
1760 5244 1867 5299 purpo-

171 5344 198 5397 p.
216 5331 260 5381 85:
289 5325 350 5378 Nec
368 5339 478 5391 smum,
511 5321 560 5392 qui
586 5321 638 5374 lroc
656 5318 868 5391 (purgatorium)
895 5322 1133 5390 nepant,·torium
1153 5337 1209 5373 non
1228 5336 1295 5373 csse.
1336 5317 1451 5373 Tilenus
1474 5321 1543 5388 part
1568 5321 1592 5371 2.
1612 5314 1683 5385 disp.
1714 5319 1755 5370 65.
1777 5310 1804 5387 ξ.
1821 5317 1866 5370 at.

172 5418 339 5480 arqumeata
369 5409 502 5473 efficacia
534 5414 612 5470 sunt,
643 5411 735 5458 mnu
767 5422 799 5458 ea
825 5422 857 5458 eo
878 5406 1006 5474 maxime,
1019 5358 1124 5471 lrefert,
1157 5405 1231 5476 quod
1249 5404 1363 5458 Jcsrsita
1394 5403 1474 5458 Cotto
1507 5420 1540 5456 ea
1570 5403 1632 5470 ipso
1662 5402 1867 5454 cacodaemone

172 5501 250 5568 quod
271 5499 300 5551 in
327 5496 478 5566 Scriptura
501 5492 573 5546 nibil
595 5491 744 5563 perspicue
762 5493 797 5546 de
823 5507 855 5547 eo
874 5493 1007 5558 traditur,
1033 5490 1175 5548 scucitari
1201 5507 1256 5543 aon
1283 5490 1434 5557 dubitarit,
1462 5504 1548 5558 ecquo
1576 5487 1661 5541 totius
1684 5487 1722 5542 N.
1748 5486 1780 5541 T.
1806 5483 1867 5539 loco

174 5584 310 5654 cumjam
329 5588 450 5646 constet,
479 5578 567 5635 nrrtta
586 5596 641 5637 noa
654 5576 768 5655 feriata
787 5577 884 5647 sulem
902 5594 1006 5648 comm,
1028 5577 1231 5650 purqatorium
1253 5572 1476 5632 commodissime
1501 5573 1610 5644 fulciri
1633 5590 1668 5627 ao
1684 5568 1869 5627 statuminari
