4104 6014
867 289 920 347 Dll
945 288 1085 347 MORTE
1780 297 1821 357 ιδ

124 448 322 518 eomegaentis
339 465 388 505 seu
402 446 577 519 judiciariae,
596 453 627 503 ut
644 453 673 503 et
683 452 812 518 respectu
833 446 963 502 immotae
983 447 1099 517 jndicio
1118 447 1200 517 justo
1226 448 1257 502 in
1281 447 1437 502 uindictam
1462 453 1581 518 propter
1606 445 1822 557 inobedieaium

125 549 195 588 suae
225 533 351 589 veritatis
387 551 444 591 non
473 535 564 606 potuit
596 552 653 590 non
680 533 819 590 hominem
839 535 1167 677 propterlpermisisset.

124 625 272 690 peecatum
291 621 372 677 morti
390 621 568 692 adjudicare,
588 637 651 676 cnm
670 638 727 676 non
745 619 835 675 solum
848 619 962 674 immota
1022 620 1258 693 34Atquehae
1270 625 1337 677 suut
1348 636 1440 691 verne,
1459 619 1645 692 principales,
1656 635 1768 688 pmmue
1787 636 1822 674 oe

120 706 251 777 justitias
263 707 376 778 regula,
406 708 456 763 sed
486 707 571 763 etiam
600 705 754 762 infallibilis
783 711 963 777 antegressae
987 714 1109 762 remotae
1128 723 1229 763 causae
1247 708 1351 763 mortis.
1389 707 1571 779 Propinquus
1590 714 1616 761 et
1635 705 1818 761 mtemediue

125 792 347 849 comminationis
370 793 473 849 veritas
498 793 568 848 illud
595 793 774 864 requirerent
819 792 894 847 Mors
912 791 962 847 du·
988 810 1089 848 ιιιιιιι
1117 799 1182 849 sunt
1217 793 1263 850 vei
1295 794 1430 859 internae,
1456 794 1501 850 vel
1519 800 1656 848 astemoe.
1704 795 1823 849 Interea

123 878 236 950 pliciter
247 878 452 944 consideratur,
482 885 506 936 1.
519 880 629 935 ratione
648 895 751 934 musae
766 877 962 950 prorrerents's,
988 886 1033 936 est
1049 879 1149 936 caloris
1173 880 1260 935 nativi
1285 879 1418 939 deiectus.
1468 879 1541 946 Quia
1561 879 1634 936 enim
1652 895 1752 951 corpus
1770 879 1822 935 hn-

128 971 244 1022 eatcnus
264 985 319 1023 non
337 971 380 1022 est
397 983 415 1021 a
432 965 508 1037 Deo,
532 965 582 1022 sed
605 966 641 1022 ab
660 965 772 1021 homine
790 971 819 1021 et
837 963 963 1032 diabolo;
988 983 1100 1022 manum
1119 983 1153 1023 ex
1172 974 1292 1038 quatuor
1316 966 1459 1023 elementis
1486 973 1675 1038 compactum,
1703 983 1822 1039 qnorum

124 1058 152 1108 2.
172 1053 282 1109 ratione
306 1070 409 1108 censue
429 1054 603 1108 άιιιιιιιιιιι
621 1060 647 1107 et
661 1052 823 1122 punientis,
847 1055 962 1107 eatenus
988 1053 1138 1125 qualitates
1168 1059 1304 1125 perpetua
1332 1053 1453 1125 quadam
1480 1053 1597 1109 actionis
1626 1058 1655 1109 et
1682 1052 1817 1124 ριιιιοιιιι

125 1155 199 1193 mors
225 1145 268 1195 est
285 1155 303 1193 a
320 1138 383 1196 Deo
406 1146 541 1212 tanquam
563 1141 640 1211 justo
661 1139 759 1210 judice
781 1138 818 1194 ob
843 1142 962 1210 peccata
987 1139 1207 1212 reciprocatione
1242 1139 1272 1195 in
1305 1155 1336 1195 se
1363 1146 1465 1213 agunt,
1506 1139 1573 1195 inde
1610 1139 1755 1196 humorum
1791 1140 1821 1196 in

124 1224 250 1281 homines
271 1225 324 1281 hac
348 1242 440 1296 poena
457 1225 609 1298 affligente.
649 1224 729 1280 Deus
745 1223 914 1297 ⁴simpliciter
932 1227 962 1279 et
988 1242 1103 1297 corpore
1126 1226 1247 1281 humano
1273 1226 1428 1299 δυσκρασία
1455 1243 1489 1281 ac
1518 1225 1695 1297 intemperies
1724 1227 1820 1290 oritur,

124 1327 176 1381 per
198 1327 227 1366 se
247 1316 362 1367 mortam
379 1329 435 1368 non
461 1312 544 1377 fecit,
571 1311 621 1367 sed
638 1327 672 1366 ex
686 1312 765 1383 justa
781 1308 962 1366 retributione
988 1329 1072 1384 quam
1091 1313 1136 1367 vel
1154 1328 1188 1367 ex
1204 1311 1304 1368 caloris
1321 1313 1408 1368 nativi
1427 1312 1562 1385 languore
1581 1328 1615 1366 ac
1635 1311 1755 1377 deiectu,
1775 1313 1821 1369 vel

124 1397 306 1467 peccantibus
325 1397 469 1469 irrogavit
508 1395 656 1468 Topiarius
678 1395 740 1455 libr.
762 1402 784 1454 1.
805 1396 841 1452 de
861 1394 961 1450 noviss.
987 1415 1020 1454 ex
1040 1397 1145 1453 humidi
1161 1398 1291 1470 radicalis
1308 1397 1490 1454 suffocatione
1509 1397 1621 1453 tandem
1632 1414 1706 1454 mors
1725 1412 1820 1454 conse·

125 1500 186 1554 cap.
207 1489 238 1538 ιι
276 1485 361 1540 Mors
376 1484 504 1554 priumie
526 1484 645 1538 sumsit
667 1499 767 1538 nomm
785 1490 894 1537 tantam
912 1482 961 1536 ιιι-
987 1485 1089 1555 quitur.
1155 1486 1298 1538 Eetermm
1338 1485 1436 1539 merim
1472 1501 1575 1539 caesae
1617 1489 1698 1549 sunt,
1745 1500 1819 1555 quae

127 1572 201 1639 bens,
219 1588 275 1625 non
294 1571 457 1636 essentiam,
474 1571 540 1626 ideo
559 1572 641 1626 Deus
658 1571 757 1626 mortis
774 1577 886 1624 creator
903 1567 963 1622 diei
987 1572 1155 1628 extrinsecus
1174 1571 1278 1626 homini
1301 1571 1433 1626 accidunt
1455 1588 1489 1627 ac
1508 1576 1624 1627 mortem
1644 1570 1670 1626 ei
1689 1570 1819 1638 inierunt,

124 1675 182 1713 non
199 1665 309 1727 potest,
336 1658 478 1728 quidquid
502 1658 576 1712 enim
595 1659 689 1712 Deam
711 1657 814 1722 feriam
831 1655 959 1725 dicimus,
988 1663 1020 1712 nt
1039 1665 1104 1713 sunt
1121 1660 1170 1713 air
1191 1658 1342 1728 pestilens,
1361 1657 1434 1729 ignis
1449 1656 1622 1725 comburens,
1641 1674 1716 1730 aqna
1734 1655 1819 1714 sulio·

125 1744 209 1799 labet
226 1744 377 1799 recentiam
403 1744 488 1816 (qnod
505 1743 568 1798 Fsa.
589 1749 632 1812 ιι,
651 1759 677 1798 ι.
698 1749 722 1799 ι.
740 1742 817 1797 Deus
834 1741 961 1797 ιιιιιιιι
988 1762 1062 1810 cans,
1075 1744 1183 1812 gladius
1198 1750 1355 1815 amputent,
1369 1744 1486 1816 laquens
1507 1749 1605 1816 guttur
1617 1744 1817 1816 constringens,

126 1847 237 1885 creuere
255 1831 369 1896 άιιιιιι,
387 1829 576 1901 metaphorico
589 1845 672 1885 sensu
683 1845 716 1885 ac
728 1833 856 1899 respectu
874 1843 960 1882 remo·
987 1831 1118 1887 animalia
1128 1836 1263 1888 venenata
1276 1831 1431 1887 mordentia
1443 1836 1495 1891 etc.
1508 1830 1634 1902 Scaliger
1649 1847 1738 1886 exerc.
1751 1835 1818 1887 352:

127 1916 210 1972 tionis
239 1915 371 1971 contrarii
396 1916 609 1988 accipiendum),
641 1916 753 1970 interim
782 1916 812 1969 ιἰι
839 1929 961 1985 poenam
993 1919 1057 1974 Vite
1073 1925 1173 1974 nostro
1188 1926 1228 1972 est
1246 1925 1325 1972 nctus
1344 1919 1471 1986 enimes,
1495 1918 1526 1971 s’n
1546 1935 1626 1988 gisem
1646 1918 1718 1972 nibil
1736 1917 1818 1972 tate

120 2002 236 2074 peccati
253 2019 315 2057 eum
333 2003 442 2058 bomini
465 2003 569 2072 inflixit
591 2010 619 2058 et
636 2004 772 2058 odorrem
789 2002 870 2056 illem
888 2018 959 2056 mor-
988 2013 1094 2078 tempus
1106 2006 1187 2076 juris
1205 2011 1254 2059 out
1272 2003 1400 2074 temerii,
1417 2005 1470 2057 sed
1488 2004 1561 2058 coeli
1569 2005 1689 2072 socient
1705 2004 1821 2075 impres·

124 2090 162 2144 tis
177 2090 340 2145 sememiem
356 2088 429 2144 tatis.
473 2089 536 2160 Ipse
555 2088 628 2144 enim
648 2095 692 2144 cst
709 2089 782 2157 ignis
800 2106 961 2143 emeramens
987 2092 1092 2162 ιίιιιιι,
1120 2108 1214 2146 comem
1244 2097 1334 2145 motus
1361 2090 1439 2144 rarii
1462 2092 1573 2160 ιιιιιι,
1602 2091 1702 2160 quibus
1719 2107 1821 2160 corpus

126 2174 211 2231 Dent
229 2181 262 2241 4,
281 2192 306 2229 v.
326 2181 367 2230 24.
385 2174 474 2230 Hebr.
498 2180 543 2239 ιι,
571 2193 597 2228 v.
618 2180 659 2232 29.
678 2191 771 2231 coram
790 2191 845 2246 quo
864 2191 961 2247 pecca·
987 2187 1112 2234 nostram
1134 2180 1177 2233 od
1197 2178 1390 2248 intemperiem
1415 2176 1559 2245 eoelntur,
1585 2194 1642 2246 guo
1664 2192 1697 2231 ιιι
1719 2178 1817 2246 prola·

127 2266 201 2317 tores
214 2267 279 2317 sunt
292 2261 384 2316 instar
397 2262 577 2332 stipularum,
591 2261 641 2318 sed
653 2260 730 2316 aliud
744 2266 787 2316 est
803 2260 877 2316 ferre
892 2278 961 2317 mor·
985 2266 1084 2336 paiens
1103 2265 1226 2335 ineptam
1245 2266 1284 2332 fit
1301 2266 1343 2318 aet
1358 2264 1470 2318 animae
1487 2264 1718 2333 conjunctionem.
1759 2265 1818 2317 Ito-

127 2347 164 2402 tis
181 2346 363 2417 sententiam,
383 2347 459 2402 aliud
479 2363 539 2403 esse
558 2348 654 2403 mortis
674 2364 792 2403 causam
827 2346 874 2402 Ad
891 2347 962 2403 hanc
987 2351 1264 2425 gusejesseperutio
1275 2367 1352 2406 neore
1366 2351 1478 2406 dictur.
1504 2349 1701 2405 Bonaventnra
1714 2355 1738 2405 2.
1751 2354 1820 2405 sent

127 2434 223 2490 mortis
240 2450 354 2493 caueam
372 2438 484 2490 revocat
502 2451 552 2490 nos
571 2434 680 2506 Moyses
700 2433 803 2491 Psalm.
822 2440 864 2504 90,
883 2452 909 2491 v.
931 2439 961 2488 3:
987 2438 1052 2495 dist.
1073 2444 1112 2497 ie.
1133 2457 1161 2510 q.
1181 2444 1209 2494 ιιι
1241 2438 1325 2492 More
1348 2435 1501 2507 mpliciter
1517 2441 1611 2505 potest
1628 2436 1735 2490 bomini
1751 2453 1816 2490 con-

133 2521 276 2580 Cenoertr's
304 2521 442 2577 bominem
469 2538 556 2591 usgue
582 2524 624 2576 ud
649 2522 850 2577 coratritionem.
879 2538 903 2576 v.
938 2528 961 2581 7.
987 2525 1107 2594 tingere,
1126 2533 1176 2578 aut
1189 2540 1244 2593 per
1263 2525 1458 2578 elementorum
1474 2539 1599 2592 pupnnm
1617 2528 1643 2576 et
1657 2523 1818 2577 dissolutio-

130 2607 387 2662 Conaumtisumus
405 2609 554 2673 inserere
581 2616 628 2664 tuo
646 2617 672 2663 et
690 2608 720 2662 in
736 2608 784 2662 ira
802 2615 851 2662 tna
867 2607 964 2661 territt
986 2627 1061 2680 nem,
1086 2612 1119 2665 id
1135 2609 1388 2664 calciamentorum
1414 2608 1566 2678 ιιιιιιιιιιι
1590 2609 1647 2663 sire
1665 2608 1818 2678 ᾳιιιιιιιιιι

124 2711 228 2748 ιιιιιιιι.
248 2711 273 2747 v.
294 2699 318 2750 8.
336 2695 465 2749 Posuisti
490 2693 652 2765 iniquitates
678 2701 791 2749 ιιιιιιιι
810 2712 908 2748 coram
928 2702 962 2763 te,
983 2697 1114 2768 prime,-
1138 2705 1189 2750 eut
1213 2713 1269 2766 per
1289 2695 1401 2750 humidi
1423 2695 1565 2750 radiculis
1584 2695 1819 2764 consumtiomemr
1858 2717 1860 2723 ·

123 2781 319 2836 absconditum
345 2789 472 2835 nomrum
492 2783 535 2835 od
554 2782 694 2836 lmninare
716 2781 811 2835 ιιιιιιι
830 2781 873 2835 tui
889 2798 916 2835 v.
936 2788 961 2838 9.
988 2791 1037 2837 out
1055 2800 1111 2852 per
1136 2784 1318 2838 extrinsecam
1342 2781 1503 2837 laesionem.
1543 2780 1578 2835 In
1596 2779 1673 2837 bisce
1691 2781 1819 2839 interme·

128 2866 261 2936 quoniam
281 2884 375 2921 omnes
403 2867 465 2921 dies
493 2868 585 2923 metri
609 2868 821 2922 dmlinuoemmt
842 2874 961 2938 propter
987 2870 1041 2924 diis
1056 2874 1085 2925 et
1101 2868 1232 2940 proximis
1249 2868 1344 2924 mortis
1361 2859 1452 2924 camis
1469 2867 1664 2940 perquirendis
1682 2868 1820 2924 medicina

124 2954 199 3007 mem
218 2961 303 3009 taam.
340 2951 393 3008 Sir.
412 2958 459 3019 11,
485 2971 510 3007 v.
534 2958 577 3008 ll:
601 2954 686 3008 Bene
703 2961 730 3007 et
747 2953 841 3022 mola,
859 2953 918 3008 rite
936 2960 962 3008 et
988 2973 1022 3011 ac
1040 2954 1215 3027 philosophia
1239 2959 1376 3026 occupata
1400 2957 1457 3018 est,
1482 2970 1573 3026 neque
1590 2960 1682 3026 potest
1697 2954 1819 3010 humana

128 3057 220 3107 mors,
235 3045 398 3110 parmarias
424 3045 450 3093 et
470 3039 587 3093 divitiae
606 3047 672 3094 sant
688 3057 707 3093 o
726 3040 859 3097 Domino.
877 3057 900 3095 c
922 3045 962 3095 11.
987 3043 1059 3099 ratio
1073 3060 1106 3098 ex
1124 3041 1180 3096 suis
1199 3040 1340 3112 principiis
1359 3039 1443 3096 altius
1462 3057 1615 3113 assurgere,
1632 3041 1683 3097 sed
1702 3040 1817 3097 verbum

127 3143 154 3179 v.
177 3130 205 3180 1:
231 3127 312 3179 Deus
338 3126 443 3180 meavit
473 3125 610 3180 bominem
636 3127 673 3180 de
702 3132 781 3180 terra
812 3134 838 3180 et
861 3127 962 3180 iterum
987 3129 1039 3185 Dei
1058 3128 1144 3184 tradit
1161 3127 1242 3183 nobis
1259 3127 1331 3183 hane
1349 3127 1516 3193 doctrinam,
1540 3128 1615 3198 quod
1633 3127 1752 3198 primum
1770 3128 1819 3184 ho-

124 3213 260 3268 sonoertit
283 3228 345 3265 eam
369 3212 398 3265 in
423 3212 514 3266 illam
560 3212 667 3268 Eadem
691 3229 776 3268 causa
800 3211 830 3266 in
847 3212 963 3266 historia
988 3216 1090 3270 minem
1112 3215 1149 3270 ad
1172 3213 1406 3271 immortalitatem
1431 3213 1573 3270 conditum
1599 3220 1697 3270 contra
1724 3231 1819 3270 omnes

128 3300 223 3370 lapsus
256 3296 338 3355 nobis
369 3297 541 3369 proponitur.
587 3298 740 3371 Postquam
771 3297 845 3354 enim
879 3297 961 3369 primi
987 3300 1116 3357 interitus
1143 3317 1176 3357 ac
1205 3299 1391 3355 dissolutionis
1417 3316 1515 3356 eausm
1546 3298 1716 3356 sufficienter
1741 3301 1818 3357 Deus

125 3389 257 3457 parantes
290 3383 400 3440 diabolo
418 3390 532 3441 auctore
554 3401 588 3440 ac
605 3385 753 3441 seductore
769 3385 798 3440 in
814 3389 961 3456 peccatum
988 3385 1145 3445 muniverit
1192 3384 1297 3440 Contra
1324 3402 1447 3458 pugnam
1474 3387 1627 3458 primarum
1653 3386 1818 3457 qualitatum

126 3470 250 3543 prolapsi
268 3471 388 3540 inerant,
408 3471 530 3526 citantur
547 3471 585 3526 ad
603 3471 657 3526 Dei
671 3471 818 3542 judicium,
835 3487 869 3526 ac
887 3486 960 3526 com·
987 3471 1195 3529 elementarium
1214 3471 1281 3526 data
1299 3478 1359 3526 erat
1376 3470 1481 3527 homini
1500 3470 1656 3544 aequabilis
1674 3479 1703 3528 et
1721 3479 1819 3528 exacta

127 3557 242 3612 minatio
264 3556 470 3613 inobedientiae
495 3557 637 3628 proposita
660 3557 689 3611 in
716 3558 875 3613 memoriam
893 3557 961 3629 ipsis
987 3557 1121 3614 medietas
1138 3556 1363 3629 temperamenti,
1392 3573 1455 3612 cum
1484 3557 1513 3613 in
1540 3558 1602 3629 ipso
1623 3557 1709 3614 fuerit
1733 3558 1819 3614 totins

126 3648 280 3698 revocatur.
333 3642 465 3711 Quemvis
494 3659 560 3699 vero
595 3649 709 3714 propter
737 3643 961 3699 intercessionem
988 3651 1104 3701 naturae
1135 3644 1281 3716 integritas
1309 3660 1343 3700 ac
1378 3643 1529 3709 rectitudo,
1562 3643 1637 3702 Eccl.
1662 3651 1694 3714 1,
1721 3662 1746 3701 v.
1776 3650 1818 3701 30.

126 3727 192 3783 Filii
209 3745 245 3784 ac
262 3728 437 3800 sponsionem
455 3728 596 3798 plenariae
614 3729 812 3801 satisfactionis
825 3729 855 3784 in
873 3730 960 3800 pleni·
989 3730 1093 3787 Contra
1120 3730 1219 3787 caloris
1243 3729 1330 3786 nativi
1354 3735 1383 3785 et
1406 3728 1512 3785 humidi
1529 3728 1661 3785 radicalis
1681 3730 1820 3786 defectum

127 3814 226 3870 tudine
241 3813 374 3886 temporis
404 3815 588 3887 praestandae
611 3814 648 3870 ab
672 3820 785 3871 aeterna
807 3824 895 3873 morta
913 3815 961 3871 ab·
990 3816 1056 3872 data
1074 3817 1128 3888 ipsi
1146 3822 1206 3873 erat
1224 3817 1306 3873 arbor
1324 3816 1412 3879 vitae,
1435 3818 1514 3889 cujus
1533 3815 1640 3872 fructus
1659 3816 1689 3872 iu
1705 3815 1820 3872 humore

132 3900 276 3956 solvantur
295 3907 324 3957 et
350 3899 406 3957 fide
424 3902 452 3957 in
472 3902 635 3973 promissum
650 3919 743 3958 semen
762 3903 883 3959 mulieris
901 3904 962 3958 Deo
988 3902 1182 3976 primigeniam
1210 3903 1359 3974 puritatem
1379 3901 1562 3958 conservabat
1587 3907 1615 3958 et
1632 3902 1752 3958 calorem
1771 3918 1819 3958 na·

126 3987 355 4058 reconciliantem
372 3994 465 4044 tamen
485 3993 524 4049 εις
540 3985 733 4062 μνημόσυνον,
751 3989 781 4043 in
795 3989 962 4056 memoriale,
988 3990 1076 4046 tivum
1119 3989 1323 4045 corroborabat
1375 3989 1479 4045 Contra
1516 3988 1684 4046 extrinsecas
1724 3989 1820 4045 mortis

126 4074 221 4146 lapsus
239 4074 433 4146 praecedentis
455 4092 489 4130 ac
512 4071 709 4149 παιδευτήριοι
729 4076 804 4131 vitae
821 4077 961 4147 sequentis
988 4093 1086 4133 causas
1105 4076 1261 4131 muniverat
1281 4076 1357 4132 Dens
1377 4076 1515 4132 bominem
1533 4092 1584 4147 per
1602 4075 1725 4147 paradisi
1742 4075 1820 4131 inha-

60 4161 291 4294 temporales
320 4160 493 4260 calamitates
519 4178 553 4217 ac
584 4162 656 4218 inter
688 4162 739 4217 has
770 4161 854 4218 etiam
887 4178 961 4217 mors
988 4162 1150 4218 bitationem
1180 4178 1213 4217 ac
1242 4161 1394 4218 felicissimi
1428 4167 1517 4217 status
1544 4161 1734 4230 collationem,
1768 4177 1819 4233 per

127 4334 245 4407 cogitur,
258 4334 357 4403 puteo
376 4350 420 4402 es,
445 4343 471 4388 et
494 4335 525 4389 in
539 4336 684 4406 pulverem
701 4336 857 4390 reverteris.
895 4334 960 4390 Huc
985 4334 1138 4390 custodiam
1166 4351 1199 4388 ac
1217 4351 1268 4405 per
1290 4333 1437 4405 specialem
1457 4333 1510 4389 Dei
1525 4350 1596 4434 ‘erga
1614 4333 1705 4404 ipsum
1722 4350 1817 4390 curam

127 4420 250 4493 pertinet
267 4420 352 4476 etiam
371 4421 475 4477 dictum
493 4421 675 4493 apostolicum
696 4428 717 4478 1.
730 4421 793 4479 Cor.
815 4428 854 4489 15,
872 4440 896 4480 v.
912 4428 959 4478 ιιι
984 4437 1018 4475 ac
1036 4420 1246 4492 providentiam.
1274 4420 1395 4476 Proinde
1419 4419 1472 4475 nisi
1489 4420 1571 4491 primi
1591 4420 1715 4491 homines
1735 4437 1816 4477 vene·

128 4509 225 4563 Virtus
241 4507 355 4578 peceati
371 4509 417 4562 ier
433 4516 490 4576 est,
514 4508 581 4580 quia
604 4508 663 4573 lex,
690 4525 761 4580 quae
786 4515 828 4563 est
846 4513 959 4564 aeterna
985 4524 1051 4562 unm
1071 4506 1181 4577 peccati
1201 4506 1237 4562 ab
1259 4505 1387 4562 infernali
1411 4513 1539 4579 serpente
1563 4507 1617 4562 sibi
1640 4507 1817 4579 propinatum

123 4599 152 4652 et
171 4595 286 4650 immota
305 4611 401 4650 norma
414 4595 541 4665 justitiae
556 4594 677 4664 divinae,
692 4594 819 4662 ostendit,
836 4601 958 4663 accusat,
990 4592 1146 4649 voluntaria
1169 4592 1278 4649 insania
1300 4592 1469 4660 hausissent,
1490 4611 1541 4650 nec
1560 4593 1743 4661 extrinsecae,
1764 4610 1816 4649 nec

122 4680 215 4754 arguit
236 4696 270 4734 ac
291 4680 405 4736 damnat
430 4686 576 4752 peccatum
602 4681 631 4734 in
655 4686 756 4735 natura
780 4685 874 4736 nostra
892 4680 957 4737 bae·
984 4681 1148 4736 intrinsecas
1183 4681 1278 4735 mortis
1312 4697 1413 4736 causae
1447 4681 1477 4735 in
1510 4681 1578 4752 ipsis
1614 4680 1660 4736 vel
1695 4681 1816 4752 ipsorum

123 4785 199 4838 rens,
224 4773 253 4823 et
270 4767 337 4838 quia
359 4771 562 4839 consequenter
581 4765 650 4822 iram
670 4766 724 4822 Dei
745 4766 877 4821 adversus
894 4785 958 4839 pec·
984 4766 1101 4838 posteris
1120 4767 1211 4822 locum
1230 4767 1399 4823 habuissent.

122 4861 215 4910 catum
234 4859 382 4918 monstrat,
401 4858 515 4925 propter
535 4869 618 4925 quam
635 4852 717 4909 morti
737 4852 848 4909 obnoxii
867 4854 959 4909 reddi·
1021 4859 1062 4909 35.
1097 4853 1236 4924 Respectu
1256 4852 1481 4908 intermediarum
1500 4869 1533 4908 ac
1549 4853 1734 4924 proximarum
1752 4869 1817 4907 cau-

122 4959 200 5010 mur,
228 4941 292 4996 ideo
319 4942 407 4994 virtue
420 4940 535 5009 peccati
551 4938 589 4994 ab
609 4939 734 5011 apostolo
753 4946 869 4995 vocatur
915 4942 959 4996 De
986 4956 1079 4994 sarum
1098 4955 1172 4994 mors
1195 4938 1314 4994 hominis
1343 4956 1361 4993 a
1378 4937 1493 4993 medicis
1521 4937 1701 5010 distinguitur
1720 4939 1748 4993 in
1768 4957 1818 4993 ne·

123 5027 176 5082 hac
207 5026 304 5083 mortis
333 5041 418 5082 cansa
443 5024 483 5080 sic
511 5025 622 5080 dnserit
650 5026 825 5096 Augustinus
856 5026 904 5082 lib,
936 5034 960 5086 1.
986 5025 1105 5079 ιιιιιιιι
1136 5033 1163 5079 et
1188 5025 1347 5080 oiolemum.
1398 5023 1541 5081 Naturalis
1570 5041 1643 5080 mors
1667 5029 1724 5091 est,
1755 5041 1818 5081 cum

121 5112 245 5184 hypogn.
269 5112 334 5171 circ.
366 5111 453 5167 med:
484 5112 632 5181 Numquid
651 5129 714 5166 eam
736 5113 960 5182 delinquentiam
988 5112 1103 5166 humore
1135 5110 1171 5166 ob
1202 5111 1363 5166 continuum
1395 5110 1494 5167 caloris
1525 5118 1636 5184 pastum
1668 5116 1819 5179 arescente,

121 5209 236 5254 mortem
254 5202 389 5267 feceram
407 5199 611 5268 praedixisset,
648 5201 725 5269 prod
740 5199 871 5265 futorum
890 5209 960 5269 erut,
985 5199 1062 5255 velut
1087 5196 1191 5268 pabulo
1213 5196 1375 5265 deficiente,
1393 5197 1469 5252 calor
1496 5198 1635 5254 flamescit
1660 5199 1818 5255 attendam
1880 5240 1882 5245 .

121 5288 212 5356 ipsam
238 5287 342 5350 secisse
369 5287 541 5340 eredendum
570 5286 631 5339 esti
688 5283 764 5347 Quid
794 5285 867 5338 enim
898 5303 959 5341 eam
985 5284 1183 5356 exstinguitur,
1219 5283 1334 5354 perinde
1362 5289 1394 5337 nt
1426 5283 1486 5339 oleo
1520 5284 1665 5341 deliciante
1696 5284 1816 5340 lucerna.

122 5374 276 5427 carendum
299 5372 493 5442 praemonuit,
527 5370 555 5425 si
584 5371 645 5440 ejus
675 5371 705 5425 in
735 5387 831 5424 eoram
858 5390 960 5428 ιιιιιι
985 5371 1066 5427 Hanc
1079 5369 1174 5425 mortis
1192 5369 1313 5442 speciem
1330 5376 1430 5425 vocant
1448 5368 1597 5445 μάριισιι.
1625 5371 1757 5427 Violenta
1767 5378 1816 5435 est,

116 5463 218 5530 factor
236 5468 278 5514 est
297 5459 379 5529 sitae!
406 5461 460 5513 sed
475 5475 525 5512 nec
542 5458 583 5513 eis
603 5474 657 5529 per
682 5457 829 5512 diabolum
847 5459 959 5513 veniens
985 5475 1048 5514 cum
1067 5474 1134 5513 casu
1161 5457 1254 5529 aliquo
1279 5457 1324 5513 vel
1350 5457 1449 5513 humor
1472 5457 1642 5535 dotabitur,
1672 5457 1716 5514 vel
1744 5458 1819 5513 calor

116 5535 300 5616 peccantibus
324 5546 473 5600 mecedem
504 5543 651 5615 ιιιιιιιιιι,
677 5543 737 5599 nisi
762 5543 905 5601 Dominae
927 5543 960 5600 in
986 5544 1108 5606 violenta
1134 5544 1256 5616 quadam
1292 5545 1471 5623 oppressione
1499 5545 1698 5620 wmgntur,
1729 5561 1818 5617 saque
