4104 6014
312 304 353 362 22
872 309 874 313 ·
905 293 1030 354 Locus
1047 293 1253 355 uouemus
1271 294 1419 355 SEXTUS

314 453 435 521 Mogses
448 452 533 505 etiam
547 452 577 505 in
593 469 650 522 eos,
669 453 786 522 φόνιοι
795 459 984 522 peccauerunt
1000 451 1031 506 io
1048 449 1149 506 rimili-
1174 455 1304 520 ceturae,
1331 468 1403 524 quae
1428 453 1458 507 in
1488 468 1604 523 corpore
1630 451 1741 521 haeret,
1770 457 1802 506 ut
1835 451 1873 507 sit
1900 466 2007 515 sensus

187 543 252 586 ml·
268 541 303 583 ³⁵·
315 537 412 592 tudine
428 538 687 608 praeuaricationis
708 539 812 607 Adam,
839 537 929 593 idest
948 536 1150 609 effectusipss,
1175 547 1340 609 coeperest
1366 547 1515 610 mmtuum,
1540 538 1570 593 id
1598 544 1653 604 est,
1687 542 1833 609 peccatum
1867 537 1897 592 in
1926 552 2010 591 carne

316 623 447 679 videhcet
474 640 564 693 mors,
590 629 722 687 testetur,
748 625 832 680 etiarn
857 629 922 679 ante
947 623 1038 696 legem
1065 623 1151 678 latum
1175 623 1291 681 haerens
1310 625 1409 697 majori
1434 642 1467 681 ex
1484 629 1564 696 purte
1591 623 1756 680 exstinctum
1774 631 1833 693 est,
1852 622 1927 696 quod
1945 622 2010 678 atti·

316 716 462 782 peccatum
493 709 580 765 fuisse
606 710 636 764 in
665 711 782 780 mundo,
812 727 875 766 cum
903 709 1025 764 infantes
1052 708 1152 764 mortui
1176 716 1224 765 net
1242 710 1348 767 scilicet
1370 711 1407 767 ad
1432 712 1541 782 peccati
1566 711 1682 767 formale
1709 715 1883 773 serentum,
1913 726 1948 765 ne
1973 708 2011 764 ad

314 795 432 862 fuerint,
452 795 500 867 qui
519 801 613 850 tamen
629 812 685 852 non
705 813 738 851 eo
759 796 857 860 modo,
875 794 1048 867 quoddam,
1067 796 1153 867 plenu
1176 805 1321 868 peccatum
1351 817 1400 854 nos
1427 798 1569 870 impellere
1586 798 1682 870 possit
1719 798 1846 867 Spiritus
1873 812 1954 866 vere,
1980 794 2010 849 id

315 882 422 938 sufficet
439 899 472 938 ec
492 882 646 938 deliberata
667 882 810 938 voluntate
828 887 1030 953 peccaverunt,
1055 886 1152 952 estque
1163 871 1166 947 l
1178 889 1220 940 est
1237 884 1347 940 novitas
1364 885 1447 948 vitae,
1465 885 1540 941 unde
1560 884 1668 940 exsistit
1685 883 1809 939 studium
1828 881 1950 954 pietatis,
1968 888 2009 936 est

314 986 417 1042 msgnu
435 969 574 1040 emphasis
597 970 626 1024 in
651 969 743 1025 verbis
769 968 891 1029 θάνατος
908 970 1099 1039 ἐβασίλευσεν,
1122 967 1152 1022 id
1178 971 1251 1037 uita,
1277 970 1368 1026 idest
1393 969 1476 1039 vivit,
1503 976 1546 1026 est
1564 976 1680 1025 actuosa
1696 976 1724 1024 et
1744 983 1874 1040 operosa,
1888 974 2011 1037 propter

315 1140 441 1198 homines
467 1141 580 1212 saeviit,
612 1141 680 1214 quia
705 1158 770 1197 vero
794 1141 925 1196 diabolus
949 1142 1031 1195 tebet
1056 1141 1153 1195 mortis
1179 1143 1214 1197 ad
1232 1143 1293 1214 pins
1311 1147 1340 1198 et
1353 1145 1446 1214 justes
1467 1141 1599 1197 ectiones.
1629 1142 1771 1197 'rossanus
1790 1147 1886 1196 contre
1899 1139 2013 1211 exponit

316 1229 465 1298 imperium
482 1226 570 1284 Hebr.
592 1232 624 1297 2,
649 1247 674 1284 v.
699 1234 738 1285 11.
766 1244 862 1283 sensus
882 1235 939 1292 est,
958 1228 1032 1299 quod
1057 1224 1152 1282 diubu—
1179 1227 1215 1285 de
1232 1233 1347 1299 peccato
1361 1228 1484 1283 nondum
1499 1227 1663 1283 mortificato
1676 1234 1705 1282 et
1718 1226 1861 1283 exstincto.
1896 1226 2012 1296 Corpus,

316 1316 360 1371 lus
388 1331 439 1387 per
468 1319 582 1371 mortem
601 1315 768 1386 regnuverit.
797 1331 823 1369 v.
856 1318 902 1370 15:
935 1315 1021 1369 Unius
1050 1313 1153 1368 delicto
1180 1313 1210 1369 id
1227 1320 1277 1378 est,
1296 1319 1427 1386 corrupta
1438 1321 1538 1369 nature
1555 1322 1595 1368 est
1613 1321 1734 1378 mortua,
1753 1313 1782 1368 id
1800 1320 1850 1382 est,
1870 1312 1965 1384 inepta
1975 1312 2019 1368 ed.

316 1401 400 1457 meriti
414 1403 519 1457 monui
544 1410 623 1471 sust,
652 1401 745 1457 idest
784 1405 898 1472 propter
928 1400 1038 1472 lapsum
1064 1399 1154 1463 unius.
1180 1399 1390 1471 omnebonum,
1409 1406 1523 1473 propter
1543 1400 1759 1472 peccatum‚cui
1779 1399 1875 1455 dedita
1894 1406 1944 1466 est,
1963 1399 2012 1454 sed

317 1488 450 1545 videlicet
463 1487 557 1558 -Adee,
577 1504 672 1544 omnes
689 1488 814 1544 homines
832 1488 914 1543 morti
932 1486 1001 1542 fecti
1021 1492 1086 1542 suut
1103 1485 1153 1542 ob·
1180 1488 1315 1557 spiritus,
1344 1487 1374 1542 id
1392 1493 1435 1543 est
1461 1488 1569 1543 animus
1597 1486 1714 1542 hominis
1744 1492 1881 1559 quatenus
1908 1491 1951 1542 est
1967 1501 2012 1540 re·

321 1575 404 1632 noxii.
436 1591 460 1631 ι.
491 1580 537 1630 17:
580 1575 667 1629 Unius
706 1573 810 1628 delicto
841 1591 918 1628 mors
948 1573 1076 1643 reposuit
1102 1590 1155 1643 per
1180 1574 1305 1645 genitus,
1329 1582 1369 1628 est
1382 1575 1455 1644 uita,
1478 1573 1584 1642 idest,
1609 1572 1732 1629 ostendit
1749 1590 1779 1630 se
1797 1573 1891 1627 vivum
1910 1577 1938 1626 et
1955 1571 2012 1628 sffi-

319 1680 404 1716 uoum
420 1678 446 1716 v.
459 1666 507 1718 21:
526 1661 666 1731 Repressit
679 1668 827 1731 peecatum
841 1661 872 1713 io
884 1666 981 1716 morte.
1002 1659 1118 1716 Romen.
1130 1665 1154 1724 6,
1180 1677 1274 1716 cecern
1302 1677 1352 1732 per
1376 1676 1460 1731 opere
1479 1659 1619 1731 justitiae,
1649 1677 1720 1732 quse
1750 1658 1871 1731 Spiritus
1899 1664 2013 1713 sanctus

320 1767 345 1803 v.
365 1753 412 1804 23:
446 1747 597 1817 Stipendia
609 1747 723 1818 peccati
739 1764 829 1808 mors,
848 1763 905 1801 non
921 1745 1010 1801 solum
1030 1749 1153 1814 astsrna,
1181 1745 1273 1802 efficit
1309 1745 1365 1802 Sed
1383 1746 1449 1819 quia
1471 1746 1613 1818 spostolus
1635 1747 1724 1801 utitur
1741 1762 1809 1801 voce
1828 1746 1957 1815 corporis
1980 1761 2014 1800 ec

320 1835 370 1890 sed
388 1835 471 1889 etiem
489 1833 662 1905 temporalis,
692 1832 817 1903 adeoque
843 1831 927 1887 etium
958 1848 1053 1887 omnes
1071 1831 1154 1886 cedu-
1180 1831 1346 1902 particulum
1366 1834 1553 1902 αιτιοιογικὴν
1565 1839 1688 1903 propter
1704 1837 1835 1901 usurpet,
1853 1836 1882 1886 et
1900 1831 1967 1902 quia
1984 1830 2014 1885 in

320 1926 443 1977 sectores
463 1936 497 1976 ec
516 1919 608 1975 nuntii
637 1918 733 1975 mortis
758 1918 933 1990 temporalis,
955 1918 1030 1975 uude
1046 1924 1154 1989 aposto·
1181 1936 1205 1973 r.
1229 1924 1266 1973 11.
1285 1918 1407 1989 proxime
1424 1925 1557 1989 sequente
1575 1917 1789 1972 consolationem
1804 1917 2012 1973 resurrectionis

320 2007 363 2063 lns
393 2007 422 2062 in
452 2005 553 2078 plurali
576 2004 699 2078 loquitur
719 2001 751 2059 τὰ
776 2002 901 2075 ὀψώνια,
932 2019 964 2059 eo
992 2005 1068 2076 quod
1100 2022 1156 2060 uuo
1181 2004 1326 2077 adjungit,
1344 2021 1377 2060 ex
1396 2021 1430 2060 eo
1448 2002 1627 2076 intelligitur,
1646 2022 1671 2058 v.
1692 2009 1730 2060 10,
1749 2003 1785 2058 de
1802 2009 1890 2058 morte
1907 2008 2014 2074 tempu·

320 2092 415 2150 mortis
444 2092 580 2148 vocabulo
608 2090 879 2162 comprehendantur
913 2091 1019 2148 multae
1048 2091 1155 2162 species
1183 2090 1303 2147 relisive
1317 2090 1446 2155 naturali,
1461 2091 1507 2144 cui
1520 2089 1662 2161 piiadhuc
1675 2096 1789 2161 propter
1806 2095 1952 2161 pestutum
1965 2090 2012 2146 ob·

324 2197 475 2252 poenarum
494 2196 527 2233 ac
544 2177 648 2232 mortis.
687 2175 809 2249 Ὀψώνια
834 2177 946 2249 proprie
967 2177 1096 2233 dicuntur
1115 2177 1154 2232 ci·
1183 2178 1256 2232 noxii
1267 2184 1339 2245 sunt,
1349 2179 1440 2249 ipsum
1452 2194 1543 2250 agere,
1557 2183 1588 2233 ut
1597 2177 1634 2233 sit
1648 2194 1754 2244 sensus,
1764 2195 1866 2248 empus
1877 2184 2015 2231 mortuum

325 2266 405 2324 baria
423 2267 561 2338 quuedem
585 2269 614 2320 et
638 2263 780 2334 leutitiae,
807 2263 909 2336 quibus
929 2263 1029 2319 milites
1052 2263 1155 2319 allicie-
1183 2272 1231 2328 est,
1244 2263 1335 2333 idest,
1350 2264 1485 2319 moriendi
1498 2264 1663 2319 necessitate
1672 2263 1860 2332 constrictum,
1873 2262 2010 2334 mortique

322 2354 438 2422 buntur,
463 2351 510 2424 qui
528 2350 631 2406 ventris
648 2351 788 2423 gerlueque
805 2366 891 2406 cause
909 2350 996 2405 vitam
1014 2349 1157 2406 habebunt
1183 2349 1330 2405 obnoxium
1353 2349 1423 2420 (non
1441 2356 1556 2421 propter
1581 2354 1708 2405 naturam
1730 2349 1776 2404 vel
1793 2367 1827 2405 ex
1846 2348 2012 2405 necessitate

321 2440 456 2495 venalem.
499 2438 675 2493 Revocemur
698 2435 784 2508 igitur
807 2435 844 2492 sb
869 2435 994 2508 apostolo
1012 2437 1048 2492 ed
1068 2436 1156 2493 consi·
1182 2442 1312 2504 naturae,
1344 2436 1403 2505 sed)
1432 2445 1553 2506 propter
1577 2445 1724 2507 peceatum
1752 2435 1782 2491 in
1808 2452 1891 2491 cerne
1924 2435 2048 2491 murex

322 2526 491 2582 derationem
509 2525 604 2596 lupsus
627 2523 765 2579 Ademici.
805 2523 914 2578 Primus
934 2538 1036 2595 parens
1053 2529 1155 2593 noster,
1182 2521 1307 2591 haerens,
1328 2537 1383 2594 quo
1402 2522 1483 2577 modo
1503 2521 1585 2578 etium
1596 2523 1770 2594 Augustinus
1787 2521 1836 2578 lib.
1856 2524 1896 2577 13.
1908 2522 1943 2578 de
1963 2523 2015 2580 civ.

321 2618 350 2668 et
378 2629 429 2667 nos
456 2610 485 2664 in
516 2609 591 2682 ipso,
615 2609 667 2665 sub
693 2608 795 2664 vexillo
814 2608 919 2665 diaboli
945 2615 1042 2665 contre
1065 2607 1157 2664 Deum
1184 2608 1238 2663 Dei
1258 2626 1281 2665 c.
1300 2612 1342 2666 23.
1359 2608 1478 2681 exponit.
1499 2609 1571 2664 Reb.
1594 2608 1737 2664 Salomon:
1762 2609 1855 2664 Homo
1875 2617 1916 2664 est
1934 2609 2018 2680 quusi

321 2698 499 2755 rebellionem
516 2700 647 2767 coeperet
662 2695 758 2750 fructu
774 2696 876 2752 vetites
894 2695 1000 2752 arboris
1012 2696 1158 2761 inescatus,
1177 2695 1300 2765 fotium,
1326 2697 1404 2766 quod
1425 2696 1455 2749 io
1479 2696 1622 2766 paradiso
1641 2696 1677 2749 ab
1695 2696 1796 2750 arbore
1813 2695 1888 2751 uitae
1906 2697 2016 2767 cecidit

324 2784 406 2858 quale
427 2799 493 2839 vero
518 2781 613 2837 retulit
635 2780 821 2852 stipendium?
844 2788 960 2839 mortem
978 2782 1158 2854 temporalem
1185 2783 1351 2852 quoddam
1374 2789 1455 2837 vesto
1483 2782 1663 2837 ιιπιαιίοιιιιηι
1684 2784 1797 2853 rapitur
1814 2789 1841 2837 et
1860 2783 2016 2838 desiderie-

326 2878 355 2928 et
376 2875 526 2927 ueternum.
560 2869 676 2924 Romen.
694 2875 723 2938 i,
746 2887 770 2925 v.
790 2874 830 2925 24.
849 2874 928 2940 optat
961 2887 992 2926 se
1009 2869 1121 2925 liberari
1140 2889 1159 2924 a
1186 2887 1249 2922 rum
1267 2869 1386 2939 flatibus
1410 2869 1534 2937 matur,
1560 2887 1674 2924 suorum
1698 2876 1875 2939 peecatorum
1890 2872 2018 2941 pondere

327 2975 446 3027 corpore
466 2955 566 3011 mortes
583 2956 681 3025 hujus,
705 2955 782 3028 quod
798 2973 816 3012 a
834 2954 1001 3028 quibusdum
1018 2956 1058 3012 sic
1077 2974 1159 3029 expo·
1186 2957 1228 3009 ad
1245 2962 1359 3010 mortem
1377 2955 1507 3013 trabitur.
1552 2964 1575 3012 1.
1595 2955 1656 3014 Gor.
1675 2960 1723 3026 15,
1741 2973 1767 3017 v.
1788 2961 1839 3012 21:
1856 2958 1915 3011 Pes·
1931 2957 2018 3011 tomi·

325 3045 418 3113 nitur,
435 3049 467 3098 ut
484 3058 636 3113 pronomen
653 3039 752 3096 τούτου
772 3040 909 3098 referetur
927 3058 984 3097 non
1001 3043 1038 3098 ad
1049 3043 1160 3116 propin·
1187 3058 1259 3104 nem.
1275 3041 1416 3098 Adumum
1436 3041 1542 3098 scilicet
1554 3041 1769 3112 delinquentem,
1785 3060 1870 3113 mors,
1885 3059 1912 3098 v.
1931 3047 1974 3099 22.
1988 3044 2019 3098 ia

328 3129 409 3203 quius
439 3126 577 3197 θανάτου,
604 3128 655 3183 sed
680 3127 717 3183 ad
741 3127 872 3184 remotius
901 3126 1042 3203 σώματος,
1071 3135 1104 3185 ιιι
1121 3131 1160 3186 sic
1187 3130 1302 3183 Artemo
1321 3145 1414 3183 omres
1433 3129 1602 3198 moriuntur,
1619 3128 1685 3201 quia
1704 3127 1853 3183 scilicetin
1872 3145 1905 3185 eo
1924 3146 2019 3185 omnes

329 3222 409 3292 σῶμα
427 3213 553 3270 serisso
578 3219 706 3284 vocetur,
735 3216 802 3288 quis
820 3220 863 3270 est
881 3215 994 3287 θανάτῳ
1012 3213 1160 3290 ὀφειλόμε-
1187 3220 1386 3286 peccaverunt,
1413 3214 1442 3269 id
1456 3220 1499 3270 est
1517 3219 1645 3270 naturam
1663 3223 1777 3286 peccato
1812 3223 1969 3288 corruptum
1982 3217 2019 3273 eb

327 3323 384 3369 ror,
404 3301 553 3357 obnoxium
578 3301 659 3355 morti
678 3307 792 3371 propter
808 3309 954 3373 peccatum
974 3303 1002 3357 in
1017 3320 1050 3359 eo
1068 3305 1160 3361 edhuc
1187 3318 1220 3357 eo
1249 3318 1300 3371 per
1329 3301 1536 3373 generationem
1567 3299 1705 3356 cumulem
1735 3305 1886 3359 traxerunt.
1920 3320 1944 3359 v.
1973 3309 2020 3358 56:

325 3388 508 3446 habituum.
530 3392 570 3444 17.
593 3385 659 3458 quia
679 3385 735 3440 duo
753 3385 795 3441 illi
817 3389 947 3444 venenuti
965 3406 1081 3456 vermes,
1097 3408 1160 3462 pse
1187 3388 1310 3442 Aculeus
1329 3389 1427 3441 mortis
1452 3395 1492 3441 est
1514 3395 1677 3456 peccatum,
1706 3387 1773 3459 quie
1796 3388 1849 3442 nisi
1874 3395 2020 3459 peccatum

326 3481 420 3530 cetum
439 3485 468 3530 ct
484 3488 566 3538 mors,
585 3473 614 3526 in
633 3488 747 3543 corpore
764 3479 860 3530 nostro
874 3473 1009 3541 habitunt,
1028 3478 1161 3549 quamdiu
1186 3475 1215 3528 in
1234 3488 1318 3528 cerne
1334 3478 1429 3527 nostre
1447 3472 1601 3543 habitaret,
1620 3489 1692 3529 mors
1712 3491 1766 3528 non
1784 3479 1880 3545 posset
1898 3491 1948 3530 nos
1965 3476 2021 3534 luo·

325 3563 371 3616 hic
385 3560 513 3617 visimus.
558 3557 677 3622 Quidam
705 3559 848 3629 accipiunt
875 3560 978 3616 dictum
1001 3582 1159 3638 μιτωνυμι-
1186 3561 1251 3616 dere
1269 3576 1303 3614 ee
1321 3575 1453 3631 pungere.
1490 3558 1718 3630 chrysostomus:
1737 3560 1902 3615 Fabrs'caoit
1922 3563 2019 3616 dioto·

325 3650 391 3717 κῶς,
418 3655 450 3702 ut
468 3664 518 3718 per
542 3650 658 3701 mortem
681 3646 854 3719 intelligatur
871 3656 988 3706 naturae
1011 3651 1160 3723 corruptio,
1186 3647 1231 3700 lus
1258 3664 1364 3715 ensem,
1388 3663 1467 3716 quem
1490 3646 1601 3701 nocuit
1618 3647 1743 3716 inuidia,
1767 3647 1866 3702 obtulit
1895 3665 2018 3719 serpens,

325 3751 398 3807 quae
423 3739 540 3789 mortem
565 3732 594 3786 in
620 3732 700 3789 nobis
729 3740 875 3803 operatur,
901 3735 975 3789 sicut
997 3735 1113 3792 Roman.
1135 3743 1159 3808 6,
1185 3737 1292 3804 accepit
1321 3734 1416 3803 tomo,
1452 3751 1506 3804 peso
1533 3750 1563 3787 se
1586 3734 1678 3803 iprum
1697 3734 1851 3804 jupulcuit.
1884 3735 2017 3792 Photius:

325 3840 351 3877 v.
370 3827 394 3878 6.
410 3821 491 3887 σῶμα
512 3824 558 3887 τῆς
575 3817 709 3895 ἁμαρτίας
728 3819 856 3890 ponitur,
874 3836 907 3875 ac
925 3819 1028 3877 Coloss.
1048 3828 1072 3890 3,
1089 3840 1115 3879 ι.
1136 3831 1159 3879 5.
1185 3823 1269 3877 Mors
1286 3829 1327 3875 est
1342 3837 1459 3889 moces,
1477 3837 1561 3890 quum
1574 3821 1654 3875 uotis
1663 3837 1718 3892 per
1732 3828 1878 3890 peccatum
1889 3830 2016 3878 nostrum

326 3907 450 3963 membra
479 3905 563 3977 hujus
596 3905 719 3976 corporis
747 3914 957 3976 enumerentur,
993 3924 1049 3980 quo
1077 3929 1160 3967 sensu
1187 3908 1376 3963 inobedientia
1392 3914 1489 3962 oestro
1505 3907 1735 3975 comparavimus.
1754 3904 1945 3965 Damascenus
1964 3911 2018 3967 le.

326 3993 430 4064 accipit
446 3992 610 4048 Ambrosius
635 3991 664 4045 in
681 3998 827 4047 comment.
864 3992 911 4049 Sic
932 4012 998 4066 ergo
1020 3995 1160 4053 diceretur
1187 3994 1294 4050 orthod.
1312 3992 1358 4048 fid.
1384 4009 1408 4047 c.
1431 3999 1452 4049 1.
1470 3991 1499 4047 in
1517 3992 1618 4064 princ:
1646 3995 1705 4048 Per
1717 4003 1868 4063 peccatum
1885 4015 1961 4052 mors
1976 3997 2019 4051 in-

326 4097 428 4150 eorpes
446 4079 554 4142 mortis,
571 4078 601 4132 id
621 4084 663 4133 est
681 4077 803 4148 peccati,
832 4079 906 4148 quod
927 4083 969 4135 est
986 4098 1071 4136 csusa
1089 4100 1160 4138 mor·
1187 4081 1272 4134 havit
1289 4081 1321 4133 in
1339 4080 1480 4147 muudum,
1499 4078 1590 4153 ὥσπερ
1610 4083 1635 4134 sl
1652 4085 1754 4155 θηρίον
1772 4078 1871 4157 ἄγριον
1885 4087 1931 4139 και
1951 4082 2018 4152 cirsi-

327 4166 375 4233 tis,
403 4164 475 4220 sicut
498 4161 600 4218 Elisaei
626 4163 755 4234 discipuli
782 4163 939 4233 exclument
956 4171 981 4223 2.
1005 4166 1115 4238 Regum
1135 4175 1159 4235 1,
1185 4184 1274 4242 pisper
1292 4166 1340 4222 τὸν
1366 4164 1547 4236 ἀνθρώπινον
1567 4165 1771 4240 λυμαινόμενος
1789 4174 1865 4237 βίον,
1884 4177 2019 4240 tunquam

327 4270 351 4309 v.
373 4258 422 4307 lo:
461 4253 545 4305 Mors
566 4251 595 4303 irs
614 4250 682 4319 olla,
701 4249 791 4305 idest
810 4250 888 4306 cibus
905 4260 1057 4309 venenatus
1076 4271 1161 4310 censa
1185 4257 1252 4319 sera
1270 4255 1410 4324 quosdam
1429 4253 1551 4324 opreste's
1568 4261 1594 4308 st
1614 4252 1745 4308 immanis
1765 4255 1916 4310 humanum
1934 4259 2019 4326 depo·

327 4337 422 4393 mortis
458 4342 500 4392 est
534 4336 563 4392 in
600 4336 661 4392 olla
700 4335 828 4409 Utraque
863 4339 997 4410 expositio
1030 4343 1160 4408 ostendit,
1183 4344 1288 4413 pulsos
1306 4340 1401 4397 uitam.

330 4431 444 4481 mortem
468 4423 625 4495 peccatiffiin
643 4440 725 4479 carne
751 4422 901 4480 habitantis
930 4443 1101 4499 consequens
1132 4441 1160 4486 st
1221 4434 1261 4485 33.
1295 4427 1392 4483 Tertia
1421 4427 1517 4482 mortis
1551 4443 1635 4482 caum
1664 4431 1707 4483 est
1733 4428 1853 4483 vindicis
1880 4428 1938 4482 Dei
1963 4430 2016 4484 ira.
2029 4441 2049 4484 ι.

328 4511 458 4567 effectum
482 4510 519 4566 ab
542 4510 667 4582 apostolo
691 4509 783 4566 stetui
829 4510 941 4566 Flauius
965 4511 994 4567 in
1019 4514 1090 4570 clevi
1120 4517 1160 4573 sie
1185 4513 1317 4579 Quamvis
1340 4513 1414 4569 enim
1436 4511 1514 4569 Deus
1538 4513 1645 4570 retione
1669 4514 1822 4570 uoluntatis
1853 4517 2016 4570 aotoeeden·
2030 4497 2050 4587 f‘

330 4596 459 4668 exponit,
477 4598 512 4650 de
533 4614 650 4666 corpore
668 4597 768 4650 mortis
785 4597 884 4665 hujus,
904 4597 934 4654 id
950 4606 991 4655 est
1009 4617 1027 4655 u
1045 4617 1159 4674 corpore
1185 4603 1222 4656 tis
1253 4601 1311 4655 sive
1341 4599 1525 4656 misericordis
1557 4599 1594 4655 sit
1622 4608 1651 4656 et
1680 4601 1882 4676 φιλάνθρωπος
1910 4601 1966 4659 lit.
1992 4609 2017 4668 3,

327 4685 380 4739 boc
398 4683 539 4738 mortifero
561 4687 619 4736 tum
642 4686 743 4737 tetram
767 4683 875 4754 peccati
894 4684 1036 4757 originalis
1053 4695 1158 4758 pestem
1184 4706 1211 4743 v.
1229 4695 1253 4743 4.
1274 4686 1433 4759 φιλόψυχος
1450 4684 1515 4756 Sep.
1531 4690 1571 4755 11,
1588 4704 1614 4742 v.
1629 4691 1670 4743 27.
1688 4705 1740 4744 nec
1758 4689 1911 4743 delectetur
1927 4698 2017 4743 morte

327 4770 545 4827 circumferente.
580 4768 700 4833 Quidum
731 4770 773 4826 sic
802 4777 956 4843 exponunt,
989 4793 1008 4828 a
1042 4793 1159 4847 corpore
1184 4775 1328 4828 morientis
1357 4771 1456 4828 Erech.
1487 4777 1530 4841 18,
1556 4790 1580 4830 v.
1607 4778 1648 4830 23.
1677 4776 1752 4831 unde
1777 4775 1860 4830 etiem
1879 4774 2018 4832 hominem

331 4859 431 4913 mortis
448 4857 548 4927 tejas,
568 4856 620 4910 hoc
637 4862 681 4910 est
713 4857 749 4912 de
767 4857 820 4912 bac
847 4863 948 4929 morte,
973 4859 1104 4918 videlicet
1124 4864 1159 4919 de
1184 4876 1241 4916 non
1260 4860 1295 4913 ed
1316 4864 1439 4924 mortem,
1459 4859 1508 4914 sed
1528 4859 1563 4914 ad
1583 4860 1625 4915 sui
1642 4861 1792 4933 imaginem
1812 4860 1883 4919 Gen
1898 4868 1920 4931 1,
1938 4881 1965 4920 v.
1977 4869 2018 4921 27.

332 4944 417 5016 plage
434 4944 517 5014 hujus
537 4942 646 5011 doloris,
664 4960 748 5014 quem
766 4943 847 5016 cepio
864 4962 898 5000 ex
918 4945 1009 5003 duello
1029 4949 1118 5004 curnis
1132 4957 1161 5007 st
1185 4965 1219 5003 uc
1236 4945 1352 5019 proinde
1372 4943 1415 5000 in*
1436 4944 1585 5019 ἀφθαρσίᾳ
1604 4948 1729 5004 condidit
1748 4948 1815 5019 Sap.
1834 4954 1859 5019 2,
1878 4966 1904 5006 v.
1924 4955 1966 5008 23.
1984 4966 2018 5005 uc

332 5030 454 5102 spiritus.
482 5029 568 5085 Exod.
584 5034 624 5098 10,
636 5047 662 5085 v.
675 5035 714 5085 li.
727 5031 794 5085 tolle
808 5049 827 5085 a
838 5049 882 5086 me
893 5041 1009 5089 monem
1023 5035 1113 5101 utum,
1130 5037 1159 5092 id
1186 5034 1288 5089 diserte
1305 5032 1341 5087 de
1358 5033 1419 5103 ipso
1434 5032 1544 5099 dicitur,
1563 5038 1640 5104 quod
1653 5042 1767 5089 mortem
1778 5053 1836 5090 auo
1852 5036 1955 5102 feceret
1972 5053 2018 5092 oe·

325 5123 369 5173 est
385 5117 507 5188 plegem.
543 5115 600 5172 Sed
621 5115 793 5188 persistimus
812 5117 841 5171 in
858 5117 948 5190 prime
966 5119 1160 5192 explicatione.
1186 5136 1238 5189 quo
1257 5120 1376 5174 laetetur
1399 5120 1429 5173 iu
1450 5121 1612 5188 perditione
1636 5122 1763 5176 virosum
1789 5121 1854 5194 Sep·
1876 5128 1904 5192 1,
1931 5141 1956 5176 v.
1979 5128 2017 5182 13.

326 5204 405 5260 Rom.
426 5208 457 5273 8,
485 5221 510 5260 v.
541 5208 586 5259 10:
612 5202 647 5258 Si
669 5202 798 5257 Chunus
821 5211 861 5258 est
884 5206 914 5259 iu
937 5207 1028 5277 sobi,
1058 5224 1161 5278 corpus
1186 5214 1278 5262 temen
1296 5205 1577 5278 quiasepientissimo
1591 5206 1821 5264 consiliohomini
1836 5218 2018 5282 proposuerut

325 5299 464 5346 mortumn
482 5297 523 5344 est
547 5298 666 5359 propter
678 5297 833 5362 peccatum,
852 5292 971 5360 spiritus
991 5302 1084 5349 eutem
1101 5298 1160 5350 υἱια
1185 5291 1342 5367 γυμνάσιον
1364 5292 1537 5349 obedientiae
1561 5295 1590 5349 in
1611 5293 1794 5366 prohibitione
1819 5296 1925 5352 arboris
1951 5298 2017 5352 veti-

323 5384 443 5447 proptsr
473 5376 620 5445 justitiam.
663 5375 790 5430 Piscator
817 5393 868 5448 per
901 5395 1000 5450 corpus
1029 5379 1161 5454 intelligit
1184 5387 1230 5436 tue
1246 5396 1280 5434 ac
1298 5379 1392 5434 mortis
1410 5380 1648 5438 comminutionem
1671 5380 1736 5437 huic
1753 5399 1821 5439 sues
1838 5382 2017 5455 prohibitioni

324 5461 354 5517 id
372 5461 470 5532 ipsum,
490 5462 564 5535 quod
583 5466 665 5517 antee
682 5461 789 5518 dixerut
806 5481 936 5534 carnem,
960 5467 1027 5538 quia
1045 5468 1161 5538 opponit
1185 5466 1338 5539 adjecerat,
1364 5465 1426 5522 ideo
1454 5466 1559 5522 homini
1585 5468 1614 5522 in
1642 5475 1788 5540 peccatum
1812 5471 1941 5541 prolapso
1960 5487 2016 5526 non

325 5549 363 5610 ei¹
381 5549 526 5619 spiritum,
558 5547 698 5604 existimet
715 5564 797 5622 ergo,
826 5549 945 5624 intelligi
980 5552 1159 5609 vitiositatem
1185 5552 1277 5626 potuit
1305 5568 1362 5608 non
1392 5549 1475 5608 iresci
1509 5569 1544 5609 ec
1574 5553 1690 5623 proinde
1728 5556 1836 5612 ratione
1865 5557 2017 5613 uoluentis
