4104 6014
243 231 304 290 400
861 216 1092 278 Tenemus
1122 216 1323 277 SECUNDUS

243 386 270 433 st
295 378 420 432 animam
445 391 536 431 meam
558 383 643 448 porto
672 375 703 429 r'n
728 377 857 431 mattae
873 377 967 432 meist
1003 378 1078 431 Ecce
1106 372 1214 429 duobus
1240 373 1388 444 praecipue
1413 374 1584 447 argumentis
1603 391 1621 430 a
1641 370 1807 430 doctissimis
1827 373 1945 447 quibas·

244 467 353 519 occidet
378 479 430 527 nse,
459 463 476 520 i.
495 478 519 519 e.
539 463 605 527 scio,
632 462 707 533 quod
735 462 764 516 in
777 462 856 517 hisce
875 463 994 517 miseriis
1011 461 1077 517 mihi
1106 477 1161 531 que
1178 460 1335 531 oppugnari
1356 461 1454 517 scribit
1480 461 1509 516 in
1528 460 1655 534 explicat.
1673 461 1725 518 loc.
1742 461 1778 518 V.
1799 477 1834 517 ec
1852 461 1890 519 N.
1908 460 1946 519 Τ.

244 550 281 604 rit
298 547 542 615 succumbendum,
560 547 634 618 quod
653 564 708 602 non
724 548 827 618 possim
839 554 902 604 ante
913 554 1028 604 mortem
1046 564 1079 603 er
1105 565 1133 617 p.
1152 551 1194 602 51.
1226 545 1329 613 Primo,
1349 547 1378 601 ss'
1393 549 1439 602 tto
1457 548 1800 603 tocsaderesurreetione
1819 556 1947 602 monuo·

243 634 288 689 bis
319 634 398 689 malis
430 634 560 703 eluctari3
592 652 646 688 non
668 635 851 703 suspectato,
877 633 905 688 id
928 640 971 688 est
993 633 1080 687 tantis
1105 652 1168 688 runs
1187 641 1292 702 apere,
1310 635 1444 698 Hebrum
1459 636 1510 704 qus‘
1526 650 1614 705 acque
1632 642 1664 689 ut
1679 633 1948 689 C'tristians'rcsur·

243 737 354 792 premor
380 720 525 791 angustiis,
552 727 584 774 ut
610 736 666 775 nou
689 721 793 789 possim
810 720 878 774 illud
905 726 1016 792 tempus
1034 736 1079 774 ex·
1105 720 1256 774 rectem
1281 722 1400 775 madunt
1423 729 1507 791 atpse
1532 723 1707 791 confitenter,
1738 720 1790 775 tac
1809 729 1947 776 annotas-

244 814 381 878 spectare,
399 807 450 861 sed
468 806 585 877 optarim
604 806 704 877 potius,
724 823 768 860 mc
786 805 913 876 jamdum
929 823 989 861 esse
1008 822 1077 861 mor·
1106 813 1166 859 sent
1184 809 1262 862 etsie
1278 807 1557 876 interpretationis
1575 807 1646 861 Jcts‘
1662 807 1793 874 fuissent,
1811 808 1865 862 sed
1882 823 1946 861 essm

244 901 345 948 turum.
387 893 425 948 dt
441 892 508 948 tutat
528 892 591 962 mid)
610 892 668 962 bed)
687 894 831 961 1111111911,
857 892 911 947 unt
931 891 967 962 id)
985 891 1077 947 lauu’t
1106 908 1183 946 nemo
1203 895 1379 948 Ratinorsrns
1396 895 1437 948 sic
1457 896 1492 947 de
1510 911 1542 949 eo
1556 894 1666 948 locutu
1682 894 1731 959 ss‘t,
1748 901 1946 964 arpamsntssss

242 979 309 1050 nisti
330 982 464 1034 esnatica.
496 977 603 1032 Eodem
622 977 704 1033 modo
722 979 836 1049 exponit
851 978 981 1034 Rabinus
999 978 1077 1033 Iasi.
1105 995 1163 1033 esse
1180 995 1273 1049 posse,
1292 981 1369 1049 quod
1385 979 1461 1033 atius
1478 980 1670 1034 stantarum
1690 996 1797 1035 amna.
1830 980 1946 1034 Deinde

243 1065 298 1120 Sed
327 1065 467 1120 Meroerus
495 1069 571 1118 recte
596 1069 683 1127 notat,
709 1079 791 1135 posse
810 1065 889 1127 !haec
911 1063 998 1118 verbs
1012 1063 1077 1118 Jobi
1105 1067 1320 1133 prammattcam
1337 1065 1549 1136 qrsoques‘psam
1567 1066 1827 1135 interpretativum
1846 1066 1945 1133 melpa-

242 1150 332 1221 aceipi
352 1156 484 1221 tanquam
505 1166 624 1220 magnae
643 1149 709 1205 fidei
725 1157 753 1206 et
772 1150 839 1221 spei,
864 1166 936 1220 quae
954 1150 983 1203 in
997 1165 1079 1204 cruce
1105 1157 1161 1203 tam
1177 1152 1319 1218 refellere.
1362 1152 1417 1210 Sed
1442 1152 1519 1207 hisee
1542 1156 1693 1226 φλυαρίαις
1716 1168 1750 1206 ac
1772 1151 1945 1208 novitatibus

242 1241 272 1292 et
306 1243 392 1291 morte
429 1235 601 1307 potissimum
638 1235 737 1297 elucet,
774 1235 940 1291 testimonia.
979 1234 1077 1291 Statim
1105 1236 1354 1293 nonobstantibus
1372 1238 1491 1294 eeclesia
1508 1238 1582 1294 bunc
1600 1239 1692 1294 locum
1710 1237 1851 1295 Jobaeum
1871 1254 1943 1294 uns·

243 1322 317 1376 enim
337 1322 463 1394 sequitur
481 1338 564 1376 versu
584 1321 691 1376 decimo
711 1326 802 1375 sexto:
823 1323 890 1390 Ipse
904 1329 944 1375 est
960 1321 1031 1375 mitt
1049 1322 1079 1373 in
1105 1321 1172 1375 nimi
1196 1339 1332 1378 consensu
1357 1323 1393 1379 de
1415 1330 1545 1380 secutura
1562 1342 1708 1396 corporum
1732 1324 1944 1381 resuscitatione

242 1409 369 1463 salutem.
408 1407 505 1462 Posset
520 1407 607 1478 igitur
624 1422 676 1477 pro
693 1405 854 1461 defensione
870 1406 1001 1477 vulgatae
1019 1423 1078 1461 ver·
1106 1423 1139 1461 ao
1168 1408 1336 1478 sempiterna
1354 1409 1463 1479 piorum
1487 1411 1516 1464 in
1538 1410 1624 1466 coelis
1648 1411 1756 1466 laetitia
1779 1415 1943 1466 constsruoe

243 1496 328 1551 sionis
347 1494 412 1561 dici,
433 1495 463 1549 ui
490 1495 528 1562 ’671
549 1493 669 1563 positum
688 1508 747 1546 esse
765 1509 816 1562 pro
837 1491 880 1557 ΟΝ,
902 1493 975 1547 sicut
994 1493 1077 1562 etiam
1106 1496 1239 1564 exposuit,
1258 1496 1332 1550 unde
1350 1495 1538 1568 Hieronymus
1556 1497 1593 1552 ad
1613 1496 1776 1552 Pammeeh.
1792 1496 1869 1552 istud
1885 1497 1942 1552 dic·

243 1583 312 1637 alias
331 1581 390 1635 fieri
416 1577 566 1639 consuevit,
585 1594 618 1632 sc
637 1595 689 1648 pro
712 1565 756 1628 ab
793 1577 953 1633 notantibus
990 1577 1079 1633 uaso·
1105 1586 1164 1634 tum
1181 1582 1324 1650 praeclaro
1349 1590 1465 1639 exornat
1489 1585 1644 1655 praeconio,
1668 1584 1781 1653 nullas,
1806 1582 1943 1655 inquiens,

242 1668 310 1722 retis
329 1653 479 1737 legendum
498 1680 557 1720 esse
577 1649 608 1717 ἦ
632 1668 665 1718 ut
697 1664 735 1717 sit
769 1680 865 1719 sensus
903 1665 1023 1733 sperabo
1049 1666 1079 1716 r'n
1106 1675 1164 1720 tam
1189 1676 1285 1736 aperte
1311 1676 1378 1736 post
1403 1667 1546 1723 Cisristum
1562 1686 1648 1738 quam
1668 1671 1761 1723 Jotur
1778 1677 1844 1722 onte
1861 1667 1942 1724 ΟΜ·

244 1770 314 1818 eunt,
338 1752 410 1807 sicut
432 1758 461 1806 et
483 1749 640 1806 Chaldaeus
665 1749 796 1820 reddidit,
816 1750 904 1804 mato
923 1758 988 1803 ante
1007 1766 1077 1810 eum,
1106 1760 1177 1806 narra
1206 1755 1242 1807 da
1270 1754 1479 1808 remunetione
1503 1755 1638 1824 lapsique,
1687 1754 1791 1810 Utilsm
1816 1770 1882 1810 vere
1910 1769 1943 1808 ae

247 1839 423 1909 deprecabor
440 1853 510 1899 eum,
540 1837 559 1892 i.
579 1853 602 1892 e.
621 1852 677 1891 non
695 1835 825 1906 abjiciam
843 1852 922 1905 spem
942 1835 972 1889 in
987 1836 1079 1892 media
1106 1837 1274 1894 laudabilem
1299 1838 1328 1892 in
1351 1839 1540 1895 vindicatione
1565 1840 1649 1912 hujus
1667 1840 1721 1895 loci
1743 1838 1943 1910 acorrnptel'u

245 1929 341 1994 morta,
359 1924 419 1978 scio
436 1922 517 1989 enim,
537 1920 613 1993 quod
632 1936 735 1992 corpus
751 1938 843 1977 meum
870 1926 912 1976 tot
929 1920 1008 1975 malis
1031 1937 1078 1975 ex·
1105 1923 1326 1978 &remanorum
1363 1926 1476 1980 navarit
1517 1943 1627 1997 operam
1643 1926 1790 1999 theologus
1820 1925 1943 1990 eximius¹

245 2011 400 2066 cruciatum
418 2016 447 2065 et
471 2009 502 2063 in
538 2007 682 2078 pulverem
705 2007 818 2063 tandem
859 2007 1003 2064 redactum
1043 2007 1080 2061 sit
1105 2009 1211 2064 amicus
1235 2017 1329 2066 noster
1353 2011 1502 2082 singularis
1532 2012 1622 2068 Beltln
1647 2011 1801 2068 Meisnerus
1821 2011 1850 2067 in
1871 2011 1942 2082 disp.

103 2110 261 2157 ausonae
279 2098 405 2169 sepulcro
424 2096 613 2151 suscitaturus.
651 2099 676 2150 3.
692 2092 758 2148 «lob.
781 2099 820 2161 11,
840 2110 866 2147 r.
887 2099 938 2148 15:
962 2095 1079 2148 Vocatsi
1107 2094 1210 2149 Witeb.
1228 2111 1293 2150 ann.
1315 2101 1381 2153 1616
1399 2114 1433 2152 ex
1451 2113 1484 2154 eo
1503 2099 1653 2163 instituta,
1679 2097 1708 2153 in
1727 2115 1784 2170 qua
1800 2097 1944 2169 praeclare

103 2176 125 2205 ''
140 2161 172 2205 ¹⁶·
245 2202 288 2240 nse
314 2183 355 2252 (in
383 2184 429 2239 die
457 2199 495 2237 se·
519 2181 676 2249 novissimo,
700 2182 816 2249 quando
835 2182 940 2234 nortui
962 2181 1078 2235 audient
1105 2196 1139 2235 ac
1165 2181 1220 2236 lete
1244 2181 1373 2248 ostendit,
1400 2183 1480 2238 nulls
1506 2200 1556 2239 uos
1582 2184 1646 2255 cogi
1668 2185 1842 2251 necessitate,
1867 2190 1900 2238 nt
1924 2201 1944 2240 s

243 2288 337 2327 vocem
353 2270 427 2324 Ftls's'
445 2267 566 2323 hominis
583 2265 647 2322 Joh.
666 2272 690 2332 t,
708 2284 735 2322 s.
757 2269 811 2334 28),
838 2274 865 2320 ct
888 2282 939 2335 epo
963 2284 1078 2337 respon·
1106 2265 1244 2320 communi
1262 2272 1291 2323 et
1309 2261 1421 2338 'recepta
1440 2270 1574 2325 ecclesiae
1598 2272 1737 2328 sententis
1756 2270 1942 2340 discedemus,

245 2359 315 2413 cteta
333 2356 386 2409 titi
410 2354 533 2420 (andum
551 2369 647 2407 vocem
665 2358 742 2407 tuam
765 2358 795 2406 et
809 2351 927 2422 prodibo
946 2352 1026 2407 sirus
1044 2368 1078 2408 ex
1105 2351 1228 2420 quinimo
1250 2351 1424 2408 evidentibus
1450 2355 1620 2427 argumentis
1638 2354 1817 2425 demonstret,
1836 2354 1943 2413 totam

103 2455 124 2496 s.
138 2453 231 2504 tonus,
245 2442 392 2514 sepulcro),
420 2438 501 2510 opsrs'
526 2456 659 2492 mnsam
686 2446 800 2492 tuarum
823 2439 943 2503 favebis.
970 2445 994 2495 1.
1013 2438 1076 2495 tob.
1105 2437 1150 2491 hic
1173 2437 1251 2508 loqui
1278 2437 1313 2493 de
1338 2441 1539 2496 msuncctione
1561 2441 1693 2512 corporis,
1713 2459 1768 2498 non
1793 2448 1887 2498 autem
1905 2443 1942 2496 de

102 2520 124 2549 '¹
140 2507 171 2549 η
244 2535 285 2596 17,
302 2545 329 2587 v.
351 2516 401 2582 1ss
414 2526 524 2579 Fossae
542 2524 643 2593 dicam,
657 2532 743 2593 pater
768 2539 845 2578 maa
862 2539 893 2577 es
912 2532 951 2593 tu,
976 2532 1002 2579 st
1017 2541 1076 2578 cer-
1104 2523 1277 2579 restitntione
1304 2524 1441 2594 sanitatis,
1470 2532 1493 2582 1.
1514 2544 1533 2580 a
1550 2529 1732 2582 cohaerentia
1749 2529 1863 2583 torum.
1878 2545 1941 2583 oer-

243 2615 284 2668 rns'
302 2615 403 2677 diram,
422 2618 585 2665 nmrrnsa
604 2625 642 2666 es.
678 2610 758 2671 Sicut
776 2615 905 2679 parentes
922 2627 973 2665 nos
992 2625 1076 2681 gene·
1105 2609 1201 2661 torm
1219 2625 1281 2662 cram
1299 2612 1531 2669 anacreontem.
1573 2613 1680 2668 Baldad
1693 2613 1845 2685 stZophar
1856 2614 1940 2670 amici

242 2706 307 2755 rant
337 2701 373 2754 ad
399 2697 471 2753 bano
495 2696 590 2765 vitam,
618 2696 659 2751 sic
685 2695 768 2751 fovea
786 2696 846 2750 sive
868 2696 1025 2766 sepulcrum
1044 2713 1077 2750 ac
1104 2694 1169 2750 Jobi
1189 2695 1281 2765 ipsum
1299 2695 1438 2752 habebant
1464 2715 1514 2768 pro
1537 2700 1622 2772 impio
1646 2717 1680 2756 ac
1700 2703 1783 2773 juxta
1799 2710 1940 2775 receptam

243 2801 351 2841 vermes
369 2789 435 2838 sunt
453 2783 539 2838 veluti
557 2781 747 2853 progenitores
771 2782 867 2851 nostri,
883 2798 901 2837 a
918 2781 1020 2852 quibus
1040 2781 1076 2835 ad
1104 2781 1274 2837 iudaeorum
1299 2782 1466 2853 opinionem,
1495 2802 1551 2856 qna
1571 2791 1707 2851 statuunt,
1725 2788 1785 2858 pios
1805 2788 1944 2845 duntaxat

243 2873 366 2927 futuram
392 2870 480 2924 vitam
508 2867 629 2923 mirabili
654 2873 738 2937 partu
764 2867 914 2939 aliquando
939 2868 967 2922 in
987 2867 1076 2923 lucam
1104 2867 1297 2921 resuscitatum
1327 2868 1369 2932 iri,
1404 2887 1512 2926 omnam
1543 2872 1752 2928 resurrectionis
1777 2890 1855 2944 spem
1887 2873 1942 2945 ipsi

104 2963 230 3068 etet
244 2959 443 3115 {iiiiii}
473 2954 786 3097 titt‘tttt
802 2954 1079 3111 tt.‘t‚¹¹‘5‘⁰qttf't
1105 2949 1943 3114 ltttztsttttttiettutariet

244 3147 340 3202 seqq:
364 3129 438 3196 Scio,
467 3129 545 3197 quod
567 3128 709 3180 redemtor
736 3141 814 3180 encas
833 3127 908 3193 aaa,
933 3133 960 3179 et
980 3128 1011 3180 s'n
1029 3144 1077 3180 no·
1105 3124 1223 3180 usuam
1261 3125 1393 3190 Quamvis
1413 3129 1525 3198 putetis,
1544 3146 1589 3186 me
1616 3146 1677 3186 esse
1693 3131 1808 3202 impium
1832 3138 1861 3188 et
1878 3137 1944 3204 post

243 3218 358 3271 omnmo
377 3216 424 3268 die
448 3216 485 3268 ds
501 3221 580 3267 terro
605 3220 782 3267 rememoras
801 3230 872 3267 sam:
907 3213 948 3266 Et
964 3231 1079 3267 nasum
1105 3216 1220 3266 mortem
1247 3230 1390 3286 nunqnam
1426 3223 1584 3272 revocatum
1604 3217 1638 3272 iri
1658 3217 1688 3271 in
1707 3218 1800 3287 ritem,
1823 3218 1882 3273 scio
1900 3224 1943 3274 ts·

243 3301 440 3357 draamdator
467 3299 546 3370 pelle
573 3314 637 3352 ntea
666 3306 694 3352 et
718 3299 749 3353 s‘n
775 3314 862 3352 carne
890 3315 953 3352 mea
978 3301 1077 3354 ridete
1106 3312 1177 3366 men,
1196 3298 1272 3368 quod
1290 3300 1429 3356 redemtor
1446 3318 1525 3358 meus
1545 3302 1623 3369 vivit,
1637 3304 1686 3374 qui
1703 3304 1787 3359 edam
1801 3321 1835 3360 es
1851 3309 1945 3361 tasse

244 3393 346 3458 Deam,
367 3388 710 3458 monasterienses
728 3387 833 3456 speret
854 3386 1077 3442 centimetroru-
1103 3382 1276 3452 pulverenus
1297 3386 1446 3441 suscitabit
1471 3392 1521 3444 eta.
1559 3393 1584 3446 2.
1609 3390 1638 3443 A
1654 3391 1801 3458 proemio
1821 3390 1892 3445 Jots'
1917 3398 1945 3446 st

243 3476 370 3545 spectari
393 3481 457 3528 sant
485 3481 511 3528 st
540 3490 597 3526 non
615 3473 698 3540 atius,
724 3474 850 3542 reposita
867 3480 908 3527 cst
926 3473 996 3527 baec
1013 3490 1078 3543 spes
1103 3470 1247 3537 postulata
1270 3473 1429 3529 attentabat.
1465 3473 1495 3530 si
1516 3475 1588 3529 enim
1607 3474 1697 3531 «Iobus
1715 3474 1752 3529 de
1769 3475 1941 3547 temporaria

243 3579 306 3616 msa
324 3563 354 3616 s'n
371 3563 435 3615 sina
446 3577 514 3617 meo.
551 3559 672 3625 Quidam
690 3561 852 3614 axRabs'ru'e
869 3564 1078 3616 eteossecntus
1105 3556 1277 3610 restitutione
1317 3557 1392 3628 loqui
1428 3558 1569 3630 voluisset,
1609 3576 1741 3630 quorsum
1760 3561 1944 3632 opusfnisset

243 3650 390 3704 Mercerus
407 3647 436 3702 in
456 3663 553 3703 comm.
574 3651 713 3712 statuunt,
740 3645 844 3703 Jobum
864 3662 920 3702 non
938 3646 974 3701 de
990 3663 1079 3701 resur·
1105 3640 1176 3697 adeo
1197 3641 1345 3713 magnifice
1367 3643 1502 3714 praefari,
1534 3647 1642 3701 cainam
1677 3647 1750 3715 stylo
1773 3648 1878 3716 ferreo
1897 3649 1943 3703 aa

243 3734 365 3789 rectione
389 3733 511 3804 corporis
534 3739 599 3804 post
623 3739 753 3801 mortem,
777 3733 827 3789 sed
845 3734 881 3789 de
902 3733 1080 3788 restitutione
1102 3726 1218 3797 plumbo
1265 3730 1483 3784 inscriberentur
1514 3732 1598 3786 omlis
1620 3749 1684 3788 msa
1709 3734 1745 3787 ad
1777 3739 1944 3804 perpetuent

245 3821 378 3876 sanitatis
408 3822 439 3873 in
464 3820 517 3875 tac
543 3821 610 3887 os'ta,
629 3836 681 3876 nec
697 3820 733 3876 de
750 3820 840 3891 gloria
860 3820 1028 3890 sempiterna
1051 3820 1079 3873 in
1105 3812 1147 3867 rei
1172 3814 1350 3870 memoriam?
1384 3815 1416 3869 Si
1447 3816 1483 3871 de
1508 3833 1538 3872 re
1555 3818 1640 3888 paulo
1662 3825 1727 3889 post
1752 3817 1848 3874 tntura
1866 3818 1943 3891 loqui

93 3929 170 3973 mu.
187 3929 233 3972 soc,
246 3907 339 3976 coelia,
367 3907 417 3961 sed
444 3906 479 3962 de
505 3907 644 3968 felicitate
669 3906 825 3975 temporati
849 3907 878 3960 r'n
895 3906 980 3960 terrie
995 3906 1081 3961 rerba
1107 3900 1303 3969 constituisset,
1322 3901 1389 3972 quid
1407 3918 1477 3972 opus
1496 3902 1595 3959 fuisset
1621 3903 1771 3974 scriptione
1787 3911 1846 3960 tam
1861 3903 1943 3961 tir-ms

244 3993 345 4061 fucere,
364 3999 397 4047 ut
417 3993 454 4047 sit
472 3992 636 4046 vaticinium
656 3992 691 4046 de
709 3998 846 4047 secutura*
858 4007 949 4046 rerum
968 4007 1080 4047 conser—
1107 3986 1144 4041 ad
1163 3991 1305 4041 aeternam
1328 3988 1556 4054 recordationem,
1576 4006 1641 4047 vere
1659 3991 1730 4046 illud
1747 3990 1880 4062 futurum,
1907 3993 1944 4048 de

245 4080 323 4135 sione
342 4095 376 4133 ac
395 4077 526 4133 restituta
547 4077 739 4148 prosperitate,
757 4079 838 4148 cujus
847 4076 1081 4149 complementum
1108 4087 1164 4142 quo
1189 4071 1279 4128 debus
1304 4072 1349 4128 hic
1377 4074 1563 4131 vaticinatur?
1604 4080 1627 4132 ³.
1656 4076 1682 4129 A
1704 4076 1799 4146 'plena
1815 4079 1945 4146 munna

245 4165 418 4221 describatur
436 4181 497 4234 cap.
516 4169 558 4232 42,
574 4181 601 4217 v.
622 4168 661 4220 11.
689 4162 857 4235 Eugubinus
876 4164 960 4218 etiam
977 4169 1083 4219 textum
1107 4175 1164 4228 qua
1192 4159 1283 4213 Jotus
1311 4175 1341 4213 se
1369 4160 1420 4215 tac
1445 4177 1525 4215 nosse
1547 4162 1704 4230 profitetur.
1739 4161 1777 4215 lu
1797 4177 1848 4232 epo
1869 4164 1944 4232 nori,

242 4251 316 4306 bunc
342 4256 499 4320 suspectum
522 4249 638 4305 reddere
662 4248 767 4318 voluit,
791 4254 904 4304 notante
926 4249 1035 4305 Pineda
1054 4249 1084 4303 in
1108 4243 1207 4314 inquit,
1224 4249 1303 4298 certa
1314 4261 1352 4300 sc.
1370 4251 1402 4300 et
1414 4245 1651 4301 indubitatatidei
1663 4246 1771 4315 notitia,
1789 4263 1852 4303 esm
1868 4249 1943 4304 enim

243 4354 304 4408 qap,
337 4343 376 4393 19,
400 4335 468 4392 ,Jobi
490 4353 518 4407 p,
541 4341 599 4391 100,
626 4335 728 4393 Bemh,
754 4335 878 4392 Ochinua
900 4335 946 4392 lib,
975 4341 997 4390 1,
1020 4335 1083 4389 dial·
1107 4329 1225 4385 verbum
1259 4331 1314 4403 Q:
1342 4330 1479 4400 exprimit.
1515 4332 1604 4402 Atqui
1629 4332 1777 4388 mittum
1800 4340 1829 4388 et
1850 4335 1945 4390 01111111

244 4429 268 4479 2.
295 4423 335 4477 sic
360 4422 490 4491 reddidit,
516 4424 575 4477 scs'o
608 4439 678 4492 cuns,
698 4423 750 4492 qus'
765 4423 908 4492 injurioso
924 4429 1020 4476 rutra
1049 4422 1078 4475 s'n
1108 4415 1182 4470 bona
1218 4414 1271 4471 sibi
1290 4416 1450 4471 restitutum
1480 4416 1514 4471 iri
1547 4424 1605 4472 tam
1623 4423 1699 4473 certa
1729 4424 1758 4476 et
1785 4419 1944 4476 indubitate

243 4525 286 4564 nse
302 4510 386 4563 mbr:
400 4510 601 4564 vendicatae-m
616 4517 664 4579 oet,
681 4517 708 4564 et
724 4511 816 4564 aiom
833 4517 859 4564 st
876 4525 986 4579 semper
998 4509 1083 4561 victus-
1108 4500 1208 4556 notitia
1234 4502 1347 4556 minime
1375 4508 1499 4559 noverat.
1552 4502 1636 4559 Addo
1654 4505 1730 4575 quod
1759 4504 1833 4561 htne
1864 4522 1944 4561 mm

243 4613 307 4651 rans
333 4611 393 4649 csse
420 4611 526 4664 europae
550 4595 651 4649 virtue
667 4610 728 4664 me,
747 4595 797 4662 qas'
814 4611 889 4649 nanc
906 4594 1026 4648 nwnstrt
1042 4594 1084 4646 s'n·
1108 4587 1192 4642 fidem
1224 4593 1253 4642 et
1283 4587 1410 4642 notitiam
1441 4603 1493 4657 per
1522 4590 1689 4657 perticulam
1721 4592 1942 4669 copulativam]

243 4690 305 4737 star
325 4680 405 4751 pelte
427 4688 525 4734 amasa
547 4697 617 4745 sam,
641 4682 733 4734 ααααο
749 4680 914 4734 emturum
930 4695 990 4734 esse
1002 4679 1080 4748 pelte
1108 4690 1171 4729 cum
1190 4673 1306 4729 aliorum
1323 4673 1448 4729 fidelium
1468 4676 1567 4730 notitia
1583 4680 1612 4731 et
1629 4675 1685 4731 fide
1703 4678 1867 4749 conjungat
1883 4681 1944 4750 jsm

244 4784 317 4836 nea,
333 4767 377 4820 s'ta
394 4771 425 4819 at
441 4782 537 4832 saum,
555 4767 651 4836 psalte
668 4772 752 4820 antea
766 4765 822 4833 fai,
839 4766 940 4820 iterum
961 4767 1079 4819 aarum
1106 4777 1172 4816 reso
1207 4760 1277 4815 fides
1296 4760 1523 4827 resurrectionis,
1548 4778 1604 4816 non
1633 4767 1728 4818 sutem
1758 4764 1943 4820 restitutionis

244 4862 328 4924 amase
346 4853 389 4906 sto
407 4853 517 4905 demun
534 4853 611 4906 solus
628 4868 688 4922 epo,
716 4851 766 4921 qai
783 4857 823 4905 tot
837 4852 969 4906 misatur
985 4867 1080 4920 erper-
1108 4849 1242 4902 bonorum
1268 4846 1298 4900 in
1319 4845 1372 4901 heo
1398 4846 1458 4901 sita
1482 4848 1687 4918 exspectandae
1704 4849 1779 4905 Jobo
1799 4866 1863 4905 eum
1880 4850 1943 4907 aliis

244 4948 288 4995 trse
306 4956 376 5006 sun,
397 4937 456 4991 Det
472 4936 621 4990 Matutam
640 4938 813 5006 sinpatarens
830 4937 972 5008 aspersas.
1005 4936 1078 4992 Vor-
1105 4932 1233 4989 fidelibus
1258 4938 1301 4987 est
1331 4932 1491 4990 communis.
1529 4941 1554 4990 4.
1579 4936 1606 4988 A
1631 4937 1742 4990 nomine
1768 4939 1945 5008 rsdmma,

245 5026 314 5080 etius
331 5029 403 5095 part
421 5027 445 5080 t.
463 5038 536 5093 resp.
558 5021 595 5076 ad
605 5021 719 5077 sladum
738 5040 765 5094 p.
786 5027 835 5078 et:
855 5023 948 5077 Locrss
959 5022 1023 5077 Jot.
1039 5025 1079 5079 te.
1106 5019 1182 5092 qnod
1204 5017 1307 5074 Christi
1326 5019 1469 5090 proprium
1486 5027 1535 5089 est,
1554 5037 1618 5076 cum
1636 5028 1714 5078 notet
1729 5023 1866 5094 ejusmodi
1884 5024 1945 5080 sin·
1960 5050 2034 5097 xm

245 5112 310 5167 ticet
326 5118 421 5179 typum
435 5109 649 5164 resurrectionis
661 5116 818 5179 proponat,
837 5108 971 5163 obscurus
989 5116 1080 5163 temen
1107 5107 1204 5176 dicem,
1222 5106 1271 5178 qui
1291 5111 1350 5160 tum
1367 5105 1536 5162 redimendis
1561 5108 1804 5179 consanguinitate
1825 5111 1945 5181 junctus

246 5204 287 5252 eet
303 5204 330 5252 at
342 5196 464 5266 propris
483 5194 699 5248 deliberatione
709 5197 739 5248 tn
749 5195 869 5249 taenea
884 5195 1005 5252 dissert
1027 5193 1080 5248 Ge·
1105 5199 1156 5262 est,
1178 5199 1238 5248 turn
1264 5191 1384 5263 pretium
1405 5190 1546 5264 quoddam
1563 5210 1615 5264 pro
1632 5195 1804 5251 redemtione
1820 5195 1945 5269 interpo-

247 5284 341 5356 orgius
363 5281 525 5354 Enyedinus
548 5279 730 5335 Photinianus
755 5282 848 5352 (cujus
873 5287 967 5337 tamen
985 5286 1080 5336 aucto-
1106 5279 1154 5333 nit
1190 5278 1260 5334 Gan.
1279 5283 1322 5347 16,
1341 5295 1368 5336 r.
1387 5283 1427 5335 16.
1465 5277 1523 5333 Esa
1544 5284 1587 5347 te,
1613 5297 1640 5338 r.
1661 5286 1704 5338 16.
1721 5296 1784 5352 cap.
1804 5287 1848 5350 66,
1868 5300 1896 5339 v.
1916 5288 1946 5341 6.

247 5370 359 5426 ritatem
375 5369 507 5440 repudiat
523 5366 708 5423 Sobmalt-sius
726 5366 756 5422 in
772 5367 843 5439 disp.
861 5372 959 5423 contu
971 5365 1081 5435 ibana.)
1107 5364 1171 5420 Ore.
1194 5368 1234 5433 13,
1251 5381 1277 5420 r.
1299 5370 1324 5422 1.
1343 5370 1396 5420 etc.
1433 5365 1522 5436 Atqui
1540 5365 1564 5419 si
1586 5382 1637 5436 per
1659 5383 1759 5422 nomen
1779 5368 1949 5425 redemtoris

247 5455 447 5528 expositionem
465 5453 620 5528 hunstrot
640 5455 675 5510 de
694 5456 894 5514 manatione
911 5459 1079 5511 mortuorum
1101 5453 1130 5507 iu
1155 5451 1247 5523 specie
1266 5449 1430 5524 intelligitur
1457 5451 1608 5522 promissus
1627 5451 1745 5509 Messias
1769 5460 1798 5509 et
1822 5453 1858 5510 ad
1883 5455 1951 5528 ejus
