4074 6022
867 254 920 310 Da
938 252 1080 312 MORTE.
1759 264 1821 322 2143

127 408 254 463 omnibus
272 409 465 463 sustinendum
483 425 543 465 esse
561 409 738 466 existimavit.
769 409 956 481 Hieronymus
987 409 1082 465 divino
1096 408 1213 481 judicio,
1232 409 1382 481 posthanc
1399 409 1485 465 vitam
1504 410 1636 465 solvendo
1654 427 1709 466 non
1729 418 1820 468 erum.

126 510 160 547 ec
184 494 238 548 4444
267 511 381 550 earcere
397 512 453 550 444
466 503 569 573 patere
587 496 689 550 444444
716 501 792 552 recte
813 496 960 566 judicavit.
986 494 1061 566 Ergo
1124 496 1161 552 ad
1220 502 1369 567 perpetuos
1427 512 1551 552 carceres
1610 497 1824 554 damnabuntur.

122 579 210 635 Recte
224 596 291 652 ergo
309 580 412 636 Suarez
436 590 502 636 tom.
522 587 545 635 4.
574 580 603 635 in
620 581 717 635 Thom.
738 581 809 652 disp.
829 590 870 637 45.
890 579 917 656 ξ.
939 589 959 637 1.
985 581 1123 647 Ulterius,
1151 599 1213 637 eum
1241 600 1297 653 quo
1322 582 1416 638 debito
1441 584 1591 652 conjuncta
1615 589 1657 638 est
1677 583 1822 640 inimicitia

122 682 187 736 pag.
209 672 275 722 biit
305 666 435 720 wantur
464 667 630 720 Ambrosius
665 685 688 720 e.
709 671 753 723 12.
772 669 960 736 Hieronymus
985 668 1117 722 adversus
1136 667 1263 735 fratrem,
1283 667 1356 721 illud
1378 684 1433 722 non
1459 672 1551 737 potest
1576 669 1645 723 solvi
1671 669 1700 724 in
1718 687 1822 742 purga-

56 823 59 829 ·
122 751 153 804 44
173 751 277 805 414444.
297 751 328 804 in
348 752 415 804 144.
432 767 497 820 cap.
509 755 536 808 4.
557 759 582 805 et
600 753 775 806 Athanasius
795 771 821 822 q.
834 758 879 807 26.
899 771 960 806 rum
985 752 1064 807 torio.
1092 753 1173 807 Ratio
1189 759 1242 820 est,
1263 753 1329 823 quia
1341 753 1390 807 illa
1403 752 1549 808 inimicitis
1565 758 1595 808 et
1607 753 1823 825 implacabilitas

123 845 214 891 tamen
231 837 295 899 sere
314 836 386 890 nibil
404 837 488 890 uliud
502 838 614 904 dicant,
635 854 719 905 quam
739 840 855 892 minima
875 839 958 892 44444
985 844 1094 908 pugnat
1121 855 1184 892 cum
1202 838 1318 893 caritate
1341 844 1430 893 otest
1453 846 1600 908 peccatum
1618 841 1750 904 mortale,
1772 859 1823 911 pro

117 929 239 992 4444444
250 922 354 990 puniri
370 938 389 975 a
402 923 465 975 Deo
478 929 505 976 et
525 924 661 977 neminem
678 917 746 978 inde
764 925 853 993 exire,
871 926 960 977 donee
986 939 1041 994 quo
1060 930 1177 978 nonest
1196 925 1335 995 speranda
1359 924 1521 979 satisfactio.
1564 925 1629 980 bam
1658 942 1724 980 vero
1744 926 1822 981 Chri-

124 1009 223 1072 soluot,
239 1025 277 1062 un
293 1024 359 1062 vero
377 1007 483 1076 aliquis
500 1008 593 1061 soleat
612 1017 680 1077 post
697 1010 769 1063 bane
787 1011 886 1076 uitam,
903 1026 961 1063 444
986 1016 1045 1064 stus
1069 1009 1172 1064 detali
1192 1008 1287 1065 debito
1308 1010 1407 1064 inhac
1434 1009 1570 1080 parabola
1596 1010 1732 1082 loquitur,
1759 1029 1823 1067 eum

124 1094 283 1147 declarant.
330 1092 445 1147 Toletus
474 1107 571 1148 comm.
598 1097 627 1146 in
651 1110 675 1147 c.
702 1099 742 1149 12.
768 1093 851 1150 Luc:
876 1096 961 1148 Hune
986 1112 1041 1166 quo
1058 1095 1203 1150 inimicitia
1215 1095 1348 1150 adversus
1365 1096 1478 1150 fratrem
1493 1101 1536 1150 est
1547 1097 1704 1166 conjuncta.
1738 1097 1819 1168 Ergo

126 1179 279 1233 debitorem
291 1195 436 1246 nunquam
448 1193 507 1231 4444
526 1177 713 1247 liberandum,
732 1181 801 1248 quio
818 1197 962 1248 nunquam
989 1181 1115 1252 Denique
1133 1181 1156 1235 si
1176 1199 1210 1237 ex
1227 1199 1294 1237 voce
1315 1181 1447 1239 debitoris
1472 1183 1604 1253 colligere
1623 1183 1703 1246 licet,
1723 1200 1740 1238 e
1758 1200 1818 1238 car·

124 1265 246 1318 debitum
272 1265 378 1332 soluat,
400 1265 502 1318 docent
530 1265 758 1335 0444444444,
783 1267 961 1335 Euthymius,
988 1283 1050 1321 cere
1068 1267 1114 1322 illo
1132 1274 1228 1337 patere
1256 1267 1373 1336 exitum,
1402 1266 1536 1338 Origenes
1562 1269 1645 1323 etiam
1672 1285 1705 1323 ex
1725 1269 1823 1323 eadem

126 1351 358 1420 lbsopbylaetus.
395 1349 524 1406 Secundo
550 1351 642 1423 inquit
661 1351 858 1408 Bellarminus:
878 1352 963 1406 Illud
987 1351 1089 1406 inferre
1105 1353 1215 1423 poterit,
1236 1352 1381 1407 damnatos
1395 1370 1428 1407 ex
1442 1353 1549 1408 inferno
1569 1371 1629 1409 osse
1652 1353 1818 1410 liberandos.

125 1439 213 1491 donee
243 1436 338 1490 soloas
367 1436 497 1491 ultimum
529 1439 732 1506 quadrantem,
766 1456 823 1492 non
851 1437 962 1491 ridetur
989 1437 1071 1492 Ratio
1090 1445 1148 1506 444,
1172 1438 1238 1508 quia
1256 1439 1375 1493 maxima
1393 1445 1509 1509 peccata
1526 1439 1624 1494 itidem
1642 1446 1708 1495 sunt
1727 1440 1825 1496 debita

124 1531 199 1577 reete
219 1538 304 1592 posse
329 1521 401 1591 diei,
431 1523 489 1577 nisi
511 1524 733 1592 aliquandorsit
755 1526 873 1586 futurus
898 1525 963 1587 14444
989 1529 1017 1579 44
1036 1523 1147 1578 maximi
1166 1531 1327 1595 peccatores
1351 1524 1447 1579 itidem
1471 1531 1538 1580 sunt
1559 1525 1706 1582 debitores.
1752 1526 1823 1582 ban·

123 1608 282 1665 solutionis.
325 1610 423 1677 Neque
448 1609 575 1678 exempta
594 1610 748 1678 Anqustini
769 1611 961 1677 satisfaciunt.
989 1610 1082 1664 senius
1110 1626 1185 1665 eone.
1215 1626 1314 1681 evang.
1345 1626 1406 1680 cap.
1438 1617 1478 1667 40.
1510 1628 1537 1681 p.
1569 1617 1631 1668 180:
1665 1614 1825 1667 Secundum

125 1694 201 1747 Nam
219 1711 282 1747 cum
303 1695 417 1761 44444444,
437 1710 495 1747 444
513 1696 697 1763 eoqnoaeebut
715 1712 785 1762 4444,
803 1698 893 1750 donee
908 1714 962 1767 pa·
989 1713 1104 1766 scopum
1118 1696 1279 1764 parobolae
1297 1713 1351 1750 444
1369 1697 1457 1750 donec
1471 1714 1527 1750 non
1544 1698 1687 1766 siqnifieat
1703 1700 1825 1752 debitum

123 1787 208 1843 reret,
221 1796 278 1834 non
296 1780 360 1833 lieet
379 1781 493 1848 quidem
508 1779 626 1846 inferre,
643 1797 710 1847 erqo
725 1788 826 1850 postea
837 1783 964 1851 eoqnooit
989 1783 1146 1850 aliquando
1160 1782 1393 1852 persolvendum,
1420 1784 1474 1835 sed
1497 1791 1646 1836 extremum
1663 1785 1716 1852 jus
1733 1785 1824 1854 requi·

126 1881 197 1929 eom,
214 1867 267 1918 sed
285 1865 396 1928 inferre
410 1866 485 1930 lieet,
504 1882 569 1934 erqo
587 1866 641 1920 illa
654 1866 813 1935 aliquando
826 1868 962 1934 paritura
989 1869 1107 1920 rendum
1134 1883 1208 1930 4444,
1236 1874 1268 1919 ut
1285 1867 1336 1934 qui
1362 1866 1393 1919 in
1418 1867 1467 1921 oia
1486 1885 1548 1920 eum
1578 1870 1745 1922 aduersario
1762 1887 1822 1938 444,

124 1958 195 2005 erut.
233 1951 374 2005 Similiter
399 1969 460 2004 eum
485 1951 606 2017 dieitur,
629 1954 696 2006 sede
721 1970 739 2005 a
758 1953 868 2006 dextris
887 1954 963 2019 4444,
990 1970 1070 2022 quem
1100 1952 1204 2020 injuste
1234 1953 1405 2021 offenderat,
1438 1952 1468 2004 in
1497 1953 1621 2019 qratiam
1651 1955 1747 2008 redire
1777 1971 1824 2009 ne·

128 2038 344 2106 doneeponom,
365 2037 961 2108 4444444444,449444444441444444-
990 2039 1108 2108 qleuerit
1124 2045 1151 2092 et
1168 2038 1229 2092 uult
1247 2037 1307 2090 Dei
1330 2037 1471 2105 judicium
1490 2039 1629 2107 experiri,
1656 2041 1738 2093 Deua
1763 2058 1824 2094 eum

128 2131 175 2176 tur
194 2141 289 2176 omnes
307 2123 416 2176 inimici
430 2122 539 2176 Christi
557 2123 607 2176 sub
619 2123 742 2191 pedibue
760 2124 837 2192 ejus,
853 2124 965 2192 alioqui
988 2124 1130 2194 judicabit
1165 2141 1271 2178 summo
1312 2123 1390 2192 iure,
1432 2139 1483 2177 nee
1535 2141 1660 2194 unquam
1701 2125 1824 2179 debitum

10 2209 203 2263 lllullflvillud
222 2211 310 2262 eloneo
327 2208 419 2278 inepte
439 2210 597 2278 diceretur,·
625 2210 667 2262 ita
684 2224 751 2277 erqo
769 2226 831 2264 cum
849 2211 964 2275 dieitur,
989 2210 1086 2273 444444,
1104 2225 1172 2278 erqo
1184 2217 1328 2263 aeternum
1344 2209 1487 2278 persolvet
1495 2209 1675 2278 supplicium.
1716 2208 1823 2264 Similia

127 2294 961 2363 4444444444414,444444444444,4444444444,4494444·-
989 2301 1139 2350 occurrunt
1157 2294 1233 2365 apud
1252 2293 1382 2349 Toletum
1399 2293 1428 2347 in
1450 2293 1518 2348 Luc.
1537 2300 1629 2349 annot.
1649 2299 1689 2350 89.

128 2382 244 2451 meando
271 2380 360 2432 soluat
382 2379 510 2432 ultimum
536 2382 722 2448 qreadrantem
747 2389 773 2434 44
791 2398 847 2450 per
870 2398 961 2435 44444-
1024 2384 1084 2435 270.
1119 2387 1142 2435 5.
1167 2378 1266 2434 Matth.
1297 2385 1326 2446 5,
1357 2397 1383 2435 v.
1401 2384 1448 2435 tt:
1493 2379 1589 2432 04444
1615 2380 1665 2447 qui
1687 2379 1903 2433 irascituer¹

127 2482 215 2535 quens
231 2466 299 2518 inde
319 2465 411 2520 exibit.
439 2464 665 2535 Respondemus:
684 2466 867 2522 concedamus
886 2483 960 2529 sane,
989 2466 1094 2535 fratri,
1122 2483 1188 2520 reue
1206 2467 1262 2520 erit
1294 2465 1427 2533 iudieio;
1451 2466 1501 2534 qui
1526 2465 1630 2518 eliserit
1652 2466 1745 2526 fratri
1771 2483 1822 2520 444
1835 2430 1913 2521 luith:
1929 2429 1952 2477 δ’

127 2569 161 2606 ex
180 2549 271 2606 verbis
289 2547 391 2604 Christi
421 2556 496 2605 recte
522 2549 665 2619 concludi,
695 2553 770 2622 quod
798 2552 962 2607 novissimus
988 2552 1092 2620 rurba,
1124 2568 1189 2605 reses
1209 2553 1263 2604 erit
1282 2551 1418 2619 44444444,
1451 2550 1501 2619 qui
1524 2549 1628 2603 dicerit
1646 2551 1742 2619 fatue,
1757 2567 1822 2604 reus
1834 2533 1939 2624 ἕξω,

126 2636 212 2692 etiam
232 2634 374 2704 quadrans
391 2634 420 2688 in
438 2651 548 2690 earcere
568 2635 616 2690 illo
633 2635 669 2692 sit
688 2637 853 2704 solvendus,
872 2637 962 2693 idest
988 2637 1042 2690 erit
1063 2637 1204 2703 pebennae
1228 2637 1318 2704 iqnis,·
1343 2637 1393 2689 ubi
1419 2643 1523 2704 444444,
1548 2635 1600 2705 aqi
1617 2637 1653 2690 ds
1667 2651 1762 2704 poeria
1781 2636 1822 2690 in·
1835 2635 1944 2726 “urbm

126 2721 203 2791 quod
220 2736 271 2791 pro
285 2726 401 2790 4444444
419 2720 504 2777 etiam
526 2720 640 2775 minimo
665 2722 695 2777 in
712 2722 820 2779 inferno
838 2723 962 2778 damnati
987 2723 1134 2791 junqenda
1159 2721 1189 2774 in
1217 2720 1285 2785 soro
1313 2721 1386 2788 Dei,
1413 2722 1482 2790 quio
1513 2721 1646 2788 additur,
1677 2738 1742 2775 reus
1769 2697 1931 2788 eritiiiisio.

126 2806 184 2863 sint
200 2806 358 2878 torquendi,
378 2821 412 2860 ex
431 2823 463 2862 eo
483 2811 577 2863 tamen
594 2807 689 2862 inferri
708 2809 812 2878 nequit,
832 2809 908 2879 quod
928 2826 961 2865 ex
987 2813 1128 2876 pebennae
1146 2806 1235 2876 iqnis,
1260 2805 1397 2873 distinqui
1419 2806 1506 2873 iqitur
1524 2807 1584 2861 tria
1602 2821 1708 2875 qenero
1723 2824 1825 2876 perea-

124 2907 239 2947 carcere
255 2891 303 2947 illo
324 2891 474 2963 aliquando
498 2891 555 2946 sint
569 2892 721 2963 liberandi,
745 2894 861 2964 perinde
878 2899 910 2950 ut
928 2912 961 2950 ex
990 2901 1080 2947 torum
1094 2900 1120 2946 et
1132 2910 1297 2963 poenorum,
1316 2900 1342 2945 et
1353 2891 1562 2946 damnationem
1578 2899 1722 2946 aeternam
1735 2893 1826 2946 solum

125 2976 255 3034 adductis
277 2976 313 3032 ab
329 2977 489 3049 Augustino
513 2979 581 3034 locis
598 2980 728 3034 concludi
748 2980 863 3050 nequit,
880 2980 963 3036 doae-
990 2979 1078 3033 tribui
1097 2979 1179 3032 tertia
1199 2978 1298 3047 qeneri
1310 2985 1505 3047 peecatorum,
1528 2977 1562 3029 id
1584 2984 1625 3030 est
1651 2976 1825 3045 criminibus,

125 3061 213 3134 phum
235 3063 386 3134 aliquando
405 3062 523 3119 Mariam
546 3065 725 3137 cognovisse,
753 3064 895 3120 Christum
912 3066 963 3121 eli·
989 3065 1057 3120 aliis
1077 3071 1170 3118 444444
1189 3072 1283 3134 utpote
1300 3063 1450 3117 leuioribus
1465 3062 1589 3130 pereatis
1607 3078 1716 3130 poenos
1740 3064 1825 3118 44444-

127 3149 240 3220 quando
258 3165 314 3204 non
331 3165 471 3205 sessurum
488 3149 527 3204 ad
543 3150 599 3206 Dei
617 3150 752 3205 dextram.
786 3149 914 3216 Quinimo
931 3168 964 3207 ex
989 3167 1037 3206 res
1054 3168 1090 3206 ae
1103 3151 1230 3221 proinde
1246 3150 1423 3229 temperatae,
1442 3166 1475 3203 en
1486 3166 1540 3217 quo
1552 3156 1694 3217 sequatur,
1713 3150 1827 3203 arnimar

126 3251 173 3303 eo,
202 3235 278 3305 quod
296 3252 347 3305 pro
374 3236 497 3305 peccatis
516 3242 580 3306 post
602 3236 675 3291 hanc
703 3236 788 3290 vitam
805 3237 886 3307 plene
904 3237 965 3293 Deo
991 3238 1106 3307 aliquas
1123 3244 1187 3308 post
1204 3237 1276 3290 bane
1294 3236 1380 3289 uitam
1395 3236 1497 3306 puniri
1509 3234 1709 3304 temporalibus
1716 3236 1826 3304 poenis.

126 3320 253 3376 calidiori
279 3335 313 3376 ac
332 3337 383 3391 pro
408 3338 516 3375 summa
535 3320 622 3376 debiti
652 3321 773 3392 persolvi
791 3339 846 3377 non
864 3329 964 3393 potest,
991 3321 1216 3392 Respondemus:
1244 3327 1265 3377 1.
1283 3321 1385 3377 Suarcz
1403 3328 1469 3376 tom.
1487 3327 1511 3376 4.
1529 3320 1558 3375 in
1575 3319 1674 3376 Thom.
1692 3320 1762 3391 disp.
1780 3327 1823 3378 44.

127 3405 304 3478 Angrmtinus
322 3411 397 3461 recte
425 3406 524 3473 infert,
549 3405 655 3461 nullam
677 3422 712 3461 ex
735 3405 836 3462 inicrni
855 3425 965 3463 carcere
992 3425 1017 3477 p.
1037 3414 1096 3463 557.
1116 3414 1193 3463 recte
1210 3407 1321 3475 scribit,
1346 3407 1418 3460 bane
1444 3407 1534 3461 444444
1563 3424 1620 3461 444
1641 3415 1768 3476 epulare
1786 3408 1828 3461 ad

128 3491 296 3563 sperandam
323 3496 384 3547 es'se
412 3492 612 3549 liberationem.
652 3491 753 3548 Glossa
784 3493 966 3549 interlinearis
992 3495 1211 3549 controuersiam
1228 3496 1264 3548 de
1280 3494 1467 3563 parqutorio,
1497 3511 1559 3548 eum
1577 3494 1662 3548 ualde
1677 3493 1827 3562 probabile

128 3578 225 3633 eodem
251 3577 347 3633 modo:
371 3580 412 3632 Et
435 3579 559 3632 mittaris
583 3579 614 3632 44
642 3594 796 3648 carcerem,
821 3581 913 3632 idest
936 3581 966 3633 in
991 3581 1045 3649 sit,
1062 3581 1158 3634 omnia
1175 3581 1231 3635 illa
1247 3581 1370 3636 membra
1382 3581 1506 3651 judieii,
1530 3580 1659 3646 44444444,
1676 3580 1827 3648 polaenae,

128 3664 254 3718 44444444
273 3665 432 3719 4444444444.
467 3665 535 3717 Non
553 3663 641 3717 444444
660 3663 742 3728 inde,
760 3665 848 3718 donee
864 3665 966 3732 444444,
991 3667 1153 3734 siqnificare
1169 3675 1312 3720 aeternam
1333 3667 1541 3721 damnationem
1559 3674 1585 3718 et
1601 3682 1724 3734 poenam
1737 3666 1827 3735 majo-

129 3749 162 3802 s‘d
177 3758 218 3804 est
234 3766 385 3817 nunquam,
403 3750 476 3803 sieut
488 3749 535 3817 ibi,
549 3750 637 3803 donee
647 3765 755 3818 ponam
767 3748 896 3803 44444444
915 3755 966 3806 ste.
992 3769 1051 3805 rem
1072 3760 1099 3806 et
1116 3752 1251 3805 minorem
1266 3768 1323 3821 pro
1341 3751 1477 3819 qualitate
1496 3752 1671 3805 delictorum.
1701 3749 1827 3805 Christus

129 3834 282 3906 Dionysius
300 3834 499 3891 Carthusianus
530 3839 573 3890 art
603 3840 643 3890 10.
673 3834 702 3888 in
729 3851 789 3906 cap.
807 3842 832 3891 5.
849 3834 964 3892 blattb.:
994 3837 1067 3891 enim
1085 3836 1123 3890 ibi
1142 3836 1268 3906 disputat
1290 3843 1386 3892 contra
1404 3836 1569 3891 Pharisaeos
1593 3836 1720 3907 quintum
1746 3835 1825 3890 deca·

130 3923 166 3975 In
184 3912 341 3989 44444444,
369 3921 403 3975 id
426 3929 468 3974 444
488 3921 580 3974 laeum
600 3920 724 3989 inferni,
754 3923 842 3975 donee
860 3923 966 3975 reddor
993 3922 1050 3993 logi
1068 3927 1246 3992 praeceptum
1275 3920 1315 3975 sic
1342 3921 1537 3991 depravantes,
1569 3920 1643 3991 quod
1667 3938 1701 3976 ea
1719 3926 1827 3974 tentum
1840 3923 1963 3967 illl-³¹⁷·

131 4008 310 4063 4444444444
334 4009 535 4076 quadrantem,
559 4007 593 4060 id
617 4014 658 4060 est
670 4023 729 4075 pro
747 4008 863 4062 minima
881 4008 968 4076 eulpa
994 4012 1110 4077 peccata
1129 4024 1221 4062 coram
1233 4006 1286 4060 Dei
1300 4006 1409 4076 judicio
1427 4023 1534 4077 poenae
1551 4011 1680 4061 aeternae
1699 4005 1758 4060 sint
1771 4021 1827 4070 rea,

132 4094 375 4162 coruscamine
393 4101 433 4146 444
449 4109 592 4161 nunquam
608 4093 768 4162 redemeris,
787 4094 920 4162 quoniam
937 4095 967 4147 in
994 4111 1065 4164 quae
1087 4096 1169 4165 juxta
1195 4094 1321 4149 forenses
1338 4092 1415 4165 leges
1431 4093 1537 4163 Moysis
1570 4093 1599 4145 in
1631 4091 1735 4160 judicio
1752 4091 1828 4145 civili

133 4180 248 4246 inferno
275 4179 357 4234 44444
383 4186 425 4232 444
441 4179 615 4239 4444444444.
658 4177 754 4233 Tertio
773 4179 848 4232 idem
861 4180 968 4247 proba·
994 4186 1081 4234 morte
1099 4178 1300 4250 puniebantur3
1325 4178 1462 4248 quidquid
1480 4178 1509 4231 in
1528 4177 1674 4231 affectibus
1694 4174 1828 4231 interiori-

134 4271 178 4317 tur
194 4280 229 4318 ee
239 4265 430 4332 fundamento
446 4272 471 4318 et
488 4281 573 4334 scopo
588 4263 757 4334 parobolae.
799 4265 876 4317 Num
893 4264 968 4318 simi·
996 4265 1063 4333 bus,
1085 4265 1210 4336 gestibus
1233 4270 1263 4318 et
1285 4262 1377 4318 verbis
1401 4263 1498 4333 quinto
1522 4268 1671 4332 praecepto
1695 4278 1750 4316 non
1768 4267 1829 4315 erat

134 4351 225 4405 titudo
244 4367 300 4403 444
324 4357 365 4404 444
387 4357 479 4403 sumta
494 4350 529 4403 ab
546 4350 692 4405 bomieido
712 4348 758 4402 uel
777 4350 907 4405 44444444
924 4351 969 4405 uel
995 4350 1149 4416 conforme,
1176 4350 1205 4404 id
1229 4366 1293 4403 cum
1315 4349 1378 4419 lege
1398 4364 1524 4417 pugnare
1548 4347 1753 4413 concedebant,
1777 4346 1826 4400 ssd

133 4437 293 4505 proditore,
311 4437 360 4507 qui
377 4438 551 4490 4444444444·
567 4438 609 4491 ad
625 4443 742 4489 mortem
757 4435 800 4489 uel
812 4437 854 4488 ad
868 4452 969 4505 perpe·
995 4442 1087 4491 44444
1105 4452 1162 4490 444
1180 4435 1347 4489 constituere
1364 4432 1501 4488 homiaem
1514 4449 1590 4487 reum
1604 4431 1662 4487 irae
1675 4436 1704 4487 et
1721 4447 1828 4502 poenae

134 4530 195 4576 tuoe
215 4538 344 4576 carceres
362 4522 406 4575 uel
426 4523 467 4574 ad
483 4522 624 4589 triremes,
654 4523 706 4574 sed
724 4537 743 4572 a
761 4520 898 4588 debitore,
920 4521 970 4589 qui
995 4527 1124 4577 aeternae
1151 4538 1244 4576 coram
1275 4520 1342 4577 Deo.
1388 4519 1462 4574 Huic
1495 4518 1686 4588 depravationi
1711 4518 1829 4589 opponit

134 4626 188 4662 non
202 4615 322 4679 propter
340 4607 459 4670 crimen,
485 4608 539 4661 sed
550 4613 670 4676 propter
695 4605 817 4660 debitum
830 4607 967 4675 pecuniu-
994 4605 1120 4661 Christus
1136 4623 1229 4661 veram
1249 4605 1460 4676 explicationem
1478 4603 1568 4674 quinti
1581 4603 1735 4675 praecepti,
1752 4603 1829 4677 quod

134 4712 194 4747 rum
215 4694 406 4747 incurrerem
425 4692 591 4763 conjicitur,
616 4694 704 4747 donee
726 4692 824 4746 444444.
869 4692 969 4746 Solent
995 4708 1050 4746 non
1075 4698 1184 4747 tantum
1211 4696 1353 4746 externum
1378 4689 1568 4758 homicidium,
1594 4690 1746 4746 sedetiam
1764 4705 1828 4745 eon·

134 4789 228 4835 autem
256 4780 421 4849 4444444444·
449 4780 574 4835 homines
602 4778 750 4833 ordinarie
781 4779 882 4847 eqredi
901 4786 969 4847 post
995 4776 1068 4831 vicia
1085 4782 1114 4831 et
1132 4776 1293 4840 maledicta,
1313 4777 1397 4831 animi
1414 4776 1478 4830 irati
1496 4792 1530 4831 ac
1547 4775 1676 4831 malevoli
1698 4775 1780 4846 signa
1796 4774 1827 4829 in

136 4868 257 4937 aliquod
272 4875 389 4936 tempus,
406 4872 437 4919 ut
451 4872 538 4935 patet.
573 4866 675 4934 Itaque
692 4881 793 4934 scopus
807 4864 969 4933 parabolae
995 4878 1075 4930 voce,
1104 4861 1184 4916 vultu
1209 4868 1237 4917 et
1268 4860 1393 4931 gestibus
1421 4861 1505 4916 totius
1531 4861 1671 4933 corporis,
1700 4860 1825 4932 quinimo

134 4962 189 5022 444,
208 4955 287 5008 utin
304 4953 357 5007 buc
375 4952 435 5007 4444
457 4968 654 5021 4444444444
672 4967 734 5003 cum
752 4951 829 5019 Deo,
854 4951 968 5019 quando
995 4947 1141 5003 interiores
1168 4947 1251 5001 etiam
1279 4947 1336 5001 irae
1362 4953 1454 5002 motus
1480 4964 1544 5002 cum
1570 4948 1685 5003 44444444
1710 4945 1828 5016 proximi
1916 4944 1919 4949 ’

132 5039 222 5102 facile
255 5039 439 5108 impetramus
472 5035 665 5092 remissionem
699 5052 808 5104 poenae
840 5037 967 5105 pereatis
980 5024 983 5083 l
997 5040 1154 5106 pugnantes
1173 5032 1202 5087 in
1220 5048 1253 5087 eo
1271 5031 1478 5102 prohibeantur,
1497 5049 1530 5087 ac
1549 5033 1615 5088 lieet
1632 5031 1710 5087 aliud
1729 5047 1827 5100 pecca·

134 5125 238 5178 nostris
257 5124 383 5194 debitae,
408 5140 457 5179 444
483 5128 670 5191 exspectemus
687 5121 811 5175 seculum
824 5122 967 5191 sudrei-um,
996 5129 1053 5176 tum
1071 5121 1126 5176 alio
1146 5120 1183 5173 sit
1200 5118 1327 5189 gravius,
1354 5118 1447 5174 omnia
1463 5125 1555 5173 tamen
1574 5134 1666 5172 coram
1684 5116 1737 5171 Dei
1752 5115 1828 5185 jadi-

135 5210 164 5264 in
182 5228 236 5280 quo
255 5209 427 5265 4444444444
448 5215 557 5279 uqetur.
601 5205 824 5278 Respondemus:
854 5206 970 5263 Debito-
996 5209 1038 5263 cio
1058 5212 1185 5262 aeternas
1203 5221 1308 5276 poenas
1326 5204 1485 5275 promereri,
1503 5203 1556 5257 nisi
1573 5200 1624 5257 fiat
1641 5200 1828 5256 reconciliatio

134 5312 187 5364 res,
216 5296 265 5366 qui
295 5295 378 5367 plane
406 5311 463 5350 non
486 5300 552 5349 sunt
576 5292 724 5362 solvendo,
752 5293 789 5347 ad
821 5299 969 5364 perpetuos
997 5299 1109 5364 propter
1133 5291 1273 5347 Christum
1296 5290 1482 5346 mediatorem.
1528 5294 1551 5343 4.
1576 5287 1618 5340 Ex
1645 5287 1699 5342 bae
1726 5286 1829 5342 Christi

134 5398 258 5438 44444444
275 5382 450 5437 damnantur.
482 5379 547 5438 Jam
566 5395 631 5435 vero
649 5379 697 5450 qui
717 5378 747 5433 in
765 5378 818 5433 hae
837 5379 895 5434 vita
912 5397 968 5434 non
996 5377 1123 5434 doctrina
1141 5394 1283 5449 nunquam
1297 5376 1400 5448 poterit
1409 5373 1601 5446 purgatorium
1615 5372 1735 5442 probari,
1754 5371 1829 5443 quod

134 5469 283 5540 impetrant
318 5467 475 5526 debitorum
505 5483 620 5524 suorum
651 5464 841 5522 remissionem
875 5481 967 5522 eoram
995 5464 1094 5520 nititur
1117 5463 1211 5536 potius
1230 5461 1394 5520 Pharisaica
1416 5461 1465 5517 illa
1477 5458 1622 5532 opinione,
1649 5475 1733 5532 quam
1752 5458 1829 5519 Chri·
