4104 6014
289 193 349 253 304
891 181 1015 242 hocne
1031 175 1236 239 meremus
1255 176 1404 240 SEXTUS

286 339 425 404 homiaem
449 339 481 394 s'a
500 337 615 396 Obrs‘sto
639 339 765 395 msere
783 345 948 410 coopmst,
973 339 1124 394 aolssenset
1152 333 1266 408 (inquit)
1293 335 1463 403 anemae,
1490 337 1525 391 ol
1544 335 1673 406 mysterii
1689 336 1897 412 empnam
1914 351 1998 393 ms·

287 427 348 496 s‘pss‘
363 425 400 480 eb
413 425 572 482 hominebus
590 427 715 482 adorari
727 435 753 482 et
764 427 922 498 praecipue
934 427 971 480 eb
988 424 1125 496 apostolis
1151 423 1273 477 restem
1290 423 1423 494 appetem
1440 423 1584 492 eiusmodi
1612 424 1810 479 &orationem
1833 422 1997 494 sepeliam

289 513 412 583 aliisque
431 514 547 568 sommis
555 513 634 584 veis,
650 530 702 568 osc
721 521 815 568 tossen
827 515 962 583 κακίων,
982 531 1033 568 sos
1050 510 1125 566 mels
1152 508 1270 577 quidam
1288 511 1428 564 rotheem
1448 512 1552 566 doceat
1572 525 1605 565 ce
1623 509 1796 580 oirpbss'tats,
1813 508 1844 563 s‘a
1861 527 1921 580 que
1941 527 1995 565 ess-

286 602 400 670 faosrs,
429 601 457 655 ss'
481 600 598 669 capeloe
622 602 779 656 adoremus.
824 601 901 655 Nem
926 607 952 654 st
975 616 1027 653 nos
1050 604 1125 652 recte
1151 593 1231 662 ecles
1257 594 1309 649 iste
1334 595 1495 650 Jobesasm
1523 613 1579 650 noa
1606 596 1745 651 bomiscos
1779 597 1833 650 ssd
1859 595 1994 665 aspolam

289 686 356 741 illos
374 689 530 740 adoramus
549 693 575 740 st
588 686 647 756 spei
662 693 738 740 secte
752 687 875 740 mmet
893 693 1031 741 roeasaee
1065 683 1124 736 Ita·
1152 680 1238 734 mttllv
1255 696 1286 735 tt
1304 680 1469 736 nobiliorem
1491 681 1678 750 apportabat:
1712 681 1828 751 quiden
1852 683 1995 737 tattonem

289 788 341 842 pes
359 773 507 826 Jobcsass
527 772 587 842 ipsc
602 772 863 827 semetsemet
878 771 1042 841 nedielsmt,
1060 770 1125 824 atde
1152 767 1320 834 deprosm
1352 783 1386 821 ee
1416 769 1584 824 sacrdotio.
1636 770 1706 824 Gom
1738 769 1813 823 ssim
1842 769 1994 824 Jolaasrss

287 876 323 913 ee
340 859 457 928 seceris,
484 865 577 911 temes
602 874 625 911 c.
644 860 690 913 22.
708 859 811 912 lteram
834 858 924 912 voluit
940 858 1058 911 samm
1075 873 1124 910 ess·
1152 854 1286 907 sacerdos
1306 861 1333 907 st
1345 854 1479 923 pontlfse
1497 862 1569 909 aest
1588 871 1677 910 eones
1696 854 1769 924 lepis
1786 855 1900 925 pretias
1910 863 1994 925 pots·

288 944 383 1015 pslam
401 945 535 1008 adorere,
556 943 731 1013 intellipsbat
749 943 831 1013 seiae
850 951 877 997 et
892 960 923 998 ss
935 950 1011 998 seete
1026 943 1125 1007 facere
1152 946 1250 994 statem
1266 940 1371 995 babeas
1391 941 1532 1012 duplicem
1549 943 1727 1010 decumam,
1744 942 1876 997 oislsls'oet
1895 942 1994 997 resse·

288 1031 449 1100 morando,
467 1039 493 1085 et
511 1031 642 1099 eupolum
661 1039 736 1085 recte
752 1032 851 1095 fecere
867 1031 1032 1084 recusando.
1054 1028 1125 1090 ssRe-
1152 1025 1231 1078 teeds'
1245 1035 1367 1096 peccata
1391 1036 1418 1082 et
1440 1029 1627 1084 consecrandi
1643 1044 1747 1098 corpas
1768 1028 1886 1094 OEristl,
1904 1046 1993 1099 quasa

289 1115 470 1187 spondemus:
506 1122 526 1173 1.
551 1116 621 1172 heeo
646 1117 774 1188 exceptio
798 1121 907 1189 pugnat
936 1132 999 1170 cnm
1025 1113 1124 1185 priore.
1152 1112 1187 1166 ob
1210 1129 1324 1167 caruem
1346 1114 1474 1169 omuibus
1503 1115 1615 1184 eupolis
1639 1115 1722 1169 etiam
1745 1115 1883 1184 eeprsmsb
1908 1115 1994 1185 loaps

289 1201 320 1256 Si
345 1201 419 1257 euim
447 1202 591 1259 lohannes
617 1207 693 1260 recte
723 1201 791 1258 lecit
815 1196 957 1257 odorando
976 1201 1125 1272 {angelum
1149 1199 1325 1268 praestabat,
1345 1200 1444 1254 merito
1465 1201 1517 1254 ists
1536 1201 1656 1269 oapsles
1682 1218 1744 1255 sam
1763 1201 1821 1255 sibi
1844 1203 1886 1255 ad
1901 1205 1995 1272 podes

289 1304 356 1360 ergo
376 1306 432 1345 nou
452 1289 553 1345 emerit
575 1291 604 1345 in
625 1289 797 1346 adorationis
817 1288 935 1357 objecto.
977 1293 1002 1344 2.
1021 1286 1051 1343 si
1077 1287 1126 1343 Jo-
1153 1285 1327 1339 ecosdsm
1342 1286 1424 1350 ferre
1437 1304 1493 1340 eoa
1511 1288 1667 1358 potes'tste
1698 1286 1801 1343 Postea
1819 1287 1994 1344 additsuam

288 1373 395 1429 bannos
424 1382 500 1431 recte
529 1375 598 1431 lecit
623 1375 766 1431 adorando
783 1375 928 1446 angelum,
957 1378 1033 1430 recte
1059 1372 1127 1428 fecit
1152 1370 1307 1441 talepore:
1338 1372 1425 1426 Recte
1449 1373 1562 1441 quidem
1586 1381 1613 1427 st
1636 1373 1777 1442 inperatore
1800 1374 1871 1428 boec
1892 1374 1993 1428 omnia

290 1460 440 1536 tribuendo
469 1460 511 1516 illi
534 1462 639 1517 cultum
666 1460 774 1518 latriae.
822 1460 963 1518 &usserio
985 1458 1126 1529 probatur,
1153 1455 1294 1527 deense,
1312 1459 1363 1512 ssd
1379 1465 1472 1512 tamea
1490 1461 1532 1513 ad
1550 1466 1705 1514 contectum
1723 1459 1816 1513 saluos
1835 1477 1991 1516 accomsso

139 1555 219 1597 xvr11.
230 1555 278 1598 128.
290 1546 357 1619 quie
387 1564 421 1602 ex
449 1545 598 1618 hypothesi
621 1545 808 1602 Bellarminns
834 1545 1024 1612 existimabat,
1055 1561 1126 1613 enm,
1153 1543 1228 1599 date.
1263 1542 1366 1611 Itaque
1380 1544 1489 1599 seuam
1505 1546 1908 1616 emeram-sepositam
1928 1547 1992 1601 ls'te-

290 1632 338 1704 qui
368 1649 463 1688 seeum
491 1639 558 1687 tuno
592 1632 773 1704 loquebatur,
807 1649 868 1688 esse
892 1632 1045 1701 Christum,
1067 1633 1125 1702 jam
1152 1628 1245 1682 ratem
1269 1646 1486 1701 perennemque
1510 1648 1568 1686 esse
1596 1632 1783 1697 estinanter,
1813 1632 1900 1701 idque
1929 1650 1991 1689 asso

265 1767 269 1775 .
291 1735 358 1774 vero
378 1718 489 1774 Christo
507 1718 624 1774 debetur
641 1719 732 1775 cultus
751 1718 857 1775 latriae
894 1719 935 1772 At
955 1732 1126 1788 consequens
1148 1714 1260 1784 judicio
1274 1715 1867 1789 mfflsmerosteods'tareulpeismstosrls's
1883 1720 1991 1788 aspar,

291 1811 335 1860 est
349 1804 509 1874 absurdum,
524 1805 591 1877 quia
604 1805 815 1871 idololatricam,
834 1822 898 1861 cum
909 1804 1021 1875 ipsimet
1032 1802 1126 1858 Ponti·
1152 1800 1217 1855 uide
1234 1818 1269 1856 as
1280 1803 1398 1872 seceris,
1415 1821 1565 1860 concresse
1585 1815 1649 1861 uase
1661 1824 1729 1861 nem.
1760 1805 1888 1862 Tandem
1899 1805 1989 1878 subji—

288 1890 345 1946 ficii
364 1891 526 1958 concedent,
547 1893 657 1961 (sepelis
670 1909 726 1946 noe
744 1891 844 1947 deleri
859 1889 986 1959 latriam,
1003 1891 1057 1944 ssd
1074 1891 1126 1943 slo-
1152 1886 1207 1956 eit,
1234 1905 1399 1959 permenam
1427 1891 1581 1956 rationem,
1606 1910 1656 1946 oar
1674 1893 1793 1961 enpsles
1817 1910 1875 1947 sos
1896 1895 1990 1959 faerit

288 1977 368 2031 liam.
403 1982 426 2033 ³.
447 1977 479 2031 Si
496 1977 639 2034 Jobennes
657 1984 732 2033 recte
749 1976 819 2033 lecit
830 1976 961 2049 angelum
974 1975 1124 2044 adorando,
1150 1991 1254 2042 possess
1267 1975 1426 2029 Jolseasem
1434 1995 1558 2046 proaom
1575 1981 1692 2032 adesos
1705 1979 1887 2049 provolutae»
1896 1981 1989 2049 psas«

287 2063 378 2119 mium
397 2068 472 2120 recte
488 2063 556 2119 iecit
580 2063 696 2135 angelus
722 2063 911 2120 odorationem
938 2063 1014 2118 illam
1034 2061 1124 2132 probi·
1145 2059 1254 2128 jacere,
1272 2061 1364 2129 fiebas
1382 2078 1453 2128 scm,
1472 2064 1606 2132 quonlam
1623 2065 1759 2120 moerim
1774 2066 1867 2131 fuerit
1884 2066 1917 2119 s'a
1936 2066 1989 2122 Jo

286 2148 387 2206 hendo.
434 2148 572 2215 Quorsum
602 2149 675 2204 enim
709 2148 904 2221 prohiberetur
934 2149 1078 2206 lohannes
1106 2167 1125 2205 a
1151 2146 1242 2201 lasus
1259 2147 1392 2216 spiritum
1406 2150 1590 2219 prophetiae,
1607 2151 1746 2219 absidem
1764 2152 1893 2222 adduas,
1911 2153 1990 2209 testi·

286 2235 365 2291 cultu
386 2236 446 2292 Deo
465 2241 547 2308 grato
569 2242 599 2293 et
617 2235 755 2306 accepto?
797 2242 823 2293 4.
843 2236 969 2308 Angelus
989 2253 1044 2292 non
1063 2245 1124 2294 teu·
1150 2235 1274 2288 moas'em
1291 2235 1365 2288 ssim
1384 2236 1454 2289 Jesa
1472 2242 1515 2290 est
1531 2237 1650 2305 spiritns
1667 2237 1841 2307 prophetias.
1872 2244 1914 2297 10.
1932 2237 1990 2295 Sed

287 2328 346 2378 tum
366 2322 437 2378 dicis
451 2339 537 2379 causa
555 2323 601 2379 vel
626 2339 660 2379 ex
678 2321 860 2379 modestiaet
884 2325 1040 2380 reverentie
1057 2341 1125 2397 erga
1151 2324 1181 2374 el
1198 2319 1267 2375 batt
1287 2320 1374 2386 ratio,
1397 2338 1481 2391 (lum
1499 2321 1605 2393 Vitgtt
1623 2322 1744 2393 profert,
1762 2325 1861 2380 eodem
1879 2324 1991 2381 leboret

289 2407 394 2464 Christi
412 2408 613 2464 humanitatem
632 2408 762 2480 prohibet
780 2409 824 2464 sui
844 2408 1049 2476 adorationem,
1074 2411 1124 2466 sed
1150 2405 1227 2463 vitio.
1255 2405 1348 2472 Quare
1364 2407 1439 2462 enim
1464 2407 1582 2480 angelus
1600 2395 1763 2465 a‘Jobanre
1782 2410 1854 2465 nolit
1869 2410 1990 2478 morari,

287 2494 405 2550 maxime
430 2492 502 2551 serio
528 2502 556 2549 et
578 2511 612 2551 er
630 2493 804 2564 subjectione
831 2494 893 2550 Deo
919 2495 1027 2562 debita,
1059 2497 1126 2568 quie
1149 2493 1210 2562 ejus
1226 2492 1268 2547 rei
1285 2509 1384 2549 causes
1401 2493 1530 2565 exposuit
1557 2494 1617 2565 ipse
1633 2494 1895 2568 sufficientissimas,
1922 2499 1990 2552 os'ds

287 2579 367 2635 addit
386 2579 566 2651 prohibitioni
592 2598 660 2638 suae
685 2587 859 2653 mgumssta
892 2587 918 2637 b.
938 2582 1058 2653 Majores
1075 2584 1124 2640 Jo-
1149 2594 1185 2634 oe
1200 2579 1320 2649 feceris,
1338 2596 1488 2634 conserens
1510 2588 1574 2635 taus
1591 2597 1642 2650 spo
1660 2599 1737 2652 som,
1765 2584 1862 2637 Deam
1880 2585 1986 2641 aem.

286 2666 400 2737 bannis,
430 2665 622 2724 Abrehemum
651 2667 758 2724 seilicet
784 2685 819 2724 ec
843 2667 979 2738 Lothnm,
1010 2669 1123 2741 angelos
1150 2665 1245 2722 Verba
1260 2665 1317 2732 illa,
1336 2667 1522 2722 testimoninm
1541 2668 1615 2722 seim
1634 2668 1706 2722 Jesn
1724 2675 1765 2722 set
1780 2669 1900 2738 splrs‘tes
1915 2686 1988 2740 pro-

286 2751 416 2824 religiose
433 2752 578 2823 adorasse,
599 2770 742 2826 nunquam
758 2753 878 2825 probare
897 2755 1000 2826 poterit
1017 2756 1123 2812 Beller·
1149 2752 1275 2823 plastice,
1299 2753 1410 2823 proprie
1428 2769 1484 2808 non
1504 2753 1647 2808 continent
1670 2757 1845 2825 αἰτιολογίαν
1863 2755 1988 2826 prohibi-

287 2838 387 2905 minus,
403 2838 449 2895 vel
468 2840 542 2896 enim
560 2846 702 2896 externam
721 2847 832 2897 tantum
849 2842 1046 2908 reverentiam,
1066 2860 1121 2898 non
1149 2837 1243 2905 tionis,
1261 2837 1311 2894 sed
1329 2837 1503 2910 periphrasin
1518 2838 1726 2910 prophetarum·
1743 2857 1862 2912 quorum
1875 2858 1989 2899 tomer-
2002 2848 2052 2891 Π

285 2932 379 2982 eutem
403 2926 564 2998 religiosum
589 2927 695 2983 cultum
721 2929 829 3001 angelis
849 2928 903 2984 sibi
923 2929 1123 3001 apparentibus
1148 2942 1215 2980 vum
1245 2941 1306 2981 sese
1337 2925 1455 2997 angelus
1483 2931 1544 2981 erat
1576 2927 1729 2997 professus,
1768 2928 1844 2999 quod
1880 2929 1989 2986 scilicet

286 3011 422 3077 obtulere,
441 3012 485 3069 vel
504 3014 537 3078 is,
556 3013 604 3085 qni
619 3013 688 3085 ipsis
706 3014 851 3086 apperuit,
871 3032 928 3071 non
944 3013 1000 3070 fuit
1015 3022 1123 3072 creatus
1148 3010 1272 3066 habeant
1297 3011 1485 3067 testimonium
1508 3012 1591 3082 Jesu,
1617 3013 1645 3068 id
1670 3020 1712 3068 est
1729 3014 1890 3070 mandatnm
1909 3017 1988 3072 testi·

287 3099 388 3172 aliqnis
410 3101 542 3172 angelus,
570 3100 620 3157 sed
643 3101 806 3174 angelornm
836 3102 960 3158 omnium
988 3102 1124 3172 dominus,
1141 3096 1260 3165 *beandi
1279 3099 1376 3155 Jeeum
1392 3114 1454 3154 esse
1470 3099 1584 3154 unicrun
1601 3100 1774 3157 salvatorem.
1810 3099 1931 3166 Quidem
1951 3119 1988 3159 sa

288 3185 340 3242 Dei
365 3185 472 3242 seilicet
488 3186 591 3256 bilius,
614 3186 690 3259 quod
716 3205 750 3243 ex
774 3189 912 3260 cujusque
936 3187 990 3244 loci
1009 3187 1124 3244 circnm-
1150 3183 1190 3239 sie
1209 3190 1358 3255 exponunt,
1378 3184 1452 3257 quod
1470 3185 1499 3240 in
1516 3185 1559 3240 his
1578 3185 1671 3240 verbis
1687 3185 1853 3255 declaretur,
1871 3188 1986 3260 ornnem

288 3272 399 3328 stautiis
423 3271 582 3344 petendum.
627 3278 650 3330 6.
680 3273 760 3328 Illum
789 3275 895 3328 cultum
922 3275 1039 3345 engelm
1059 3292 1076 3331 e
1095 3292 1125 3331 se
1149 3271 1192 3326 illi
1210 3271 1274 3341 sint,
1293 3271 1342 3343 qui
1360 3270 1546 3327 testimonium
1566 3272 1636 3328 Jesu
1653 3271 1766 3340 hahent,
1786 3273 1918 3330 videlieet
1934 3274 1986 3344 illi,

287 3360 414 3431 removit,
432 3360 480 3432 qui
499 3375 555 3416 uon
575 3359 694 3416 debetur
711 3361 859 3428 conservio,
877 3361 926 3416 sed
939 3361 991 3417 soli
1004 3361 1081 3428 Deo;
1093 3370 1125 3419 ut
1150 3357 1198 3430 qni
1219 3375 1236 3413 a
1252 3357 1313 3414 Deo
1334 3366 1503 3430 aeceperunt
1528 3358 1631 3413 donum
1650 3359 1850 3430 prophetandi,
1878 3359 1932 3416 hoc
1943 3368 1988 3417 est

288 3450 369 3517 patet
386 3463 420 3502 ex
445 3446 623 3517 responsione
647 3448 746 3520 angeli.
789 3449 855 3504 Jam
879 3465 945 3504 vero
966 3448 1059 3504 nultus
1077 3448 1124 3505 ille
1151 3445 1186 3500 de
1214 3444 1354 3516 mysteriis
1381 3445 1460 3516 regni
1494 3445 1622 3501 coelestis
1649 3446 1812 3502 disserendi.
1863 3447 1989 3504 Possunt

290 3532 342 3588 soli
362 3532 422 3588 Deo
442 3532 554 3588 debitus
571 3548 604 3587 ex
622 3531 772 3604 hypothesi
782 3533 992 3590 Pontificiornm
1009 3550 1065 3590 non
1081 3541 1124 3590 est
1149 3531 1234 3586 etiem
1255 3547 1313 3586 non
1337 3530 1511 3587 incommode
1535 3531 1604 3588 baec
1629 3533 1715 3589 rerba
1731 3549 1765 3589 eo
1783 3531 1875 3605 sooipi
1893 3550 1987 3601 amau,

288 3618 372 3688 dulia,
393 3618 442 3674 sed
459 3618 550 3674 latria.
588 3619 665 3690 Ergo
689 3618 832 3677 lohannes
856 3638 913 3676 non
938 3620 1046 3689 duliae,
1073 3621 1123 3676 sed
1149 3617 1225 3688 quod
1242 3617 1279 3671 ed
1291 3617 1389 3674 lesum
1407 3623 1540 3689 tanquam
1559 3618 1596 3672 ed
1615 3618 1742 3674 ulnarum
1759 3624 1788 3674 et
1800 3619 1986 3677 oerh'ssimum

286 3703 384 3759 latriae
403 3704 509 3760 cultum
528 3703 617 3760 voluit
635 3705 736 3776 angelo
758 3704 895 3774 exhihere,
915 3712 944 3761 et
962 3723 1013 3777 per
1029 3724 1122 3763 conse·
1149 3720 1263 3774 soopnm
1288 3720 1382 3759 omnes
1407 3705 1571 3775 prophetiae
1600 3704 1761 3761 referantur.
1811 3712 1851 3764 ll.
1868 3705 1985 3764 Poetili-

287 3806 384 3863 qneus,
404 3789 547 3846 lohannes
576 3808 630 3847 non
648 3796 723 3847 recte
738 3789 807 3846 tecit
823 3791 954 3863 angelum
972 3792 1121 3849 odorando.
1148 3789 1253 3844 ciorum
1282 3789 1390 3860 opinio,
1416 3790 1491 3861 quod
1522 3792 1557 3845 ob
1588 3793 1773 3847 reuerentiam
1801 3791 1986 3846 bmnaas‘tatis

289 3883 313 3933 7.
333 3876 362 3932 si
382 3876 474 3932 cultus
498 3876 603 3932 duliee‘
617 3877 724 3949 angelis
742 3876 853 3933 debitus
872 3878 1020 3935 distinctus
1046 3888 1123 3937 este
1151 3876 1259 3931 Christi
1277 3877 1395 3947 appeler
1409 3893 1439 3930 ss
1457 3877 1581 3930 adorari
1596 3877 1787 3946 prohibuerit,
1804 3875 1985 3934 Photinisno

286 3961 369 4017 latria
387 3961 499 4019 Christo
519 3964 672 4019 secundum
691 3964 813 4019 divinem
832 3970 961 4020 natumm
980 3966 1076 4023 debita
1094 3974 1123 4023 et
1148 3979 1208 4017 rum
1225 3962 1348 4033 opinioni
1364 3979 1499 4034 perquem
1522 3960 1615 4016 affinis
1639 3966 1696 4032 est,
1724 3963 1764 4017 sic
1787 3963 1861 4018 enim
1888 3963 1987 4020 scribit

287 4049 324 4105 ab
340 4047 506 4120 hyperdnlie
530 4048 639 4105 Christo
659 4049 812 4104 secundum
829 4049 978 4106 hnmeoem
994 4058 1120 4109 naturam
1149 4048 1333 4104 Schmeltzius
1353 4048 1382 4103 in
1398 4047 1510 4105 refutet
1529 4063 1632 4113 eorum,
1649 4048 1857 4120 qnae'exernini
1872 4056 1985 4106 eentum

287 4134 394 4202 debite,
419 4150 592 4207 consequeus
619 4141 675 4204 est,
705 4153 755 4207 per
778 4137 883 4191 cultum
902 4137 996 4194 duliae
1015 4141 1122 4213 angelis
1149 4151 1272 4190 errorum
1295 4135 1437 4206 objecerat
1463 4134 1627 4207 Smiglecius
1644 4154 1670 4203 p.
1698 4143 1745 4193 le:
1768 4137 1896 4208 Aapslas
1912 4137 1985 4193 suts's

288 4221 411 4277 deletum
435 4220 503 4276 nihil
531 4222 684 4293 quidquem
710 4222 838 4294 derogari
861 4223 950 4279 cultui
972 4225 1070 4283 latriae
1094 4234 1123 4283 et
1148 4223 1271 4289 indicas,
1298 4230 1382 4276 antee
1407 4222 1439 4275 s'd
1457 4222 1521 4287 fieri
1539 4222 1652 4290 paidom
1667 4224 1809 4294 potuisse,
1836 4223 1881 4278 vel
1898 4224 1985 4279 uiam

287 4307 471 4379 hyparduliee
487 4307 598 4363 Christo
618 4308 744 4379 debitae,
764 4315 794 4364 st
811 4327 861 4380 per
877 4327 1049 4383 consequens
1067 4331 1121 4369 non
1146 4308 1258 4372 factum
1274 4325 1333 4363 0⁸⁸0
1346 4309 1443 4377 (quod
1459 4307 1558 4376 attuli
1569 4308 1685 4376 fuerint
1699 4309 1843 4379 adorati),
1863 4317 1894 4364 tt
1911 4327 1985 4365 tm

287 4397 380 4463 potest
397 4392 461 4463 dici,
478 4393 553 4466 quod
571 4391 608 4449 ob
624 4394 808 4450 reverentiam
826 4413 894 4468 erge
908 4396 1010 4453 Christi
1025 4397 1121 4453 huma·
1146 4402 1296 4463 postquam
1326 4394 1357 4448 in
1380 4411 1466 4447 enam
1485 4394 1636 4460 familiam
1657 4396 1783 4464 cooptati
1802 4403 1867 4451 seat
1886 4397 1986 4466 enpsls'

286 4479 402 4534 nitatem
427 4479 521 4551 angeli
538 4480 643 4536 cultum
662 4480 834 4537 edorotionis
851 4482 911 4538 sive
931 4483 1023 4539 duliae
1042 4502 1121 4556 repu·
1148 4487 1175 4534 st
1192 4481 1316 4535 homines
1333 4481 1431 4543 fideles
1449 4487 1476 4534 st
1492 4481 1545 4535 ssos'
1557 4474 1686 4536 'Domino
1712 4482 1851 4548 sss-oleru,
1872 4483 1905 4536 id
1919 4483 1988 4552 fiori

287 4564 372 4623 <liant
422 4564 477 4622 sod
506 4565 585 4636 prins
616 4571 743 4622 esserunt
765 4567 918 4637 Pontificii,
951 4575 983 4624 ut
1004 4576 1122 4625 constat.
1148 4566 1331 4620 tondehere·
1375 4567 1429 4620 Est
1451 4565 1524 4620 enim
1549 4568 1623 4620 ieter
1646 4566 1751 4621 velhem
1774 4568 1941 4636 copam
1959 4575 1987 4623 st

287 4651 369 4723 Ergo.
418 4657 443 4709 8.
462 4651 491 4709 Si
510 4651 603 4724 angeli
619 4652 718 4708 nolunt
736 4653 859 4719 adorari,
887 4654 924 4709 eb
944 4672 1038 4712 eorum
1056 4656 1122 4711 edo-
1147 4654 1273 4708 allorum
1290 4670 1400 4718 rerem,
1420 4671 1540 4722 quarem
1559 4654 1652 4708 cubas
1669 4654 1867 4709 idololatriam
1884 4656 1987 4711 constt-

288 4739 395 4793 ratione
413 4737 511 4793 merito
529 4738 708 4796 abstinemus.
743 4744 801 4795 Ant
819 4741 893 4796 enim
913 4741 983 4798 heec
1000 4742 1122 4812 ipsorum
1149 4740 1211 4808 tait,
1230 4741 1282 4795 loe
1301 4739 1462 4807 discrimen,
1481 4741 1648 4809 enodatius
1660 4757 1755 4795 omnes
1770 4757 1911 4811 personas
1928 4741 1989 4797 coli

287 4822 416 4879 voluntas
441 4824 631 4880 odorationem
661 4823 705 4879 sni
730 4824 882 4896 repudians
908 4827 1056 4883 conformis
1081 4833 1124 4883 est
1150 4845 1205 4880 sou
1223 4827 1354 4895 debeant,
1382 4826 1450 4896 pala
1475 4843 1526 4882 nse
1543 4827 1691 4896 imperium
1712 4827 1838 4882 diuisam
1856 4829 1987 4899 lamam,

289 4908 401 4965 divinae
419 4910 566 4976 voluntati,
593 4916 643 4965 eut
669 4909 706 4966 ab
727 4927 760 4966 ea
778 4911 946 4983 discrepans.
979 4913 1123 4969 Posterius
1150 4928 1201 4966 esc
1215 4920 1400 4984 praeceptum
1420 4912 1472 4977 ss‘t,
1497 4920 1528 4967 ot
1553 4914 1704 4984 colostrae-,0
1730 4914 1829 4984 appell
1844 4930 1911 4970 osro
1929 4915 1989 4971 sols·

289 4994 343 5050 diei
381 4996 494 5067 nequit,
523 4995 590 5067 quia
622 4995 807 5053 Bellerminns
841 4997 923 5063 dicit,
956 4999 1034 5068 speos
1048 5009 1124 5055 recte
1150 5015 1207 5052 eoo
1220 4998 1324 5067 debent,
1338 4998 1406 5069 qnia
1422 4998 1535 5054 etiamsi
1544 4999 1669 5053 disisam
1681 5002 1826 5071 quoddam
1837 5000 1988 5070 imperim

288 5083 399 5149 facere,
427 5085 494 5137 dam
514 5091 647 5138 recenant
672 5085 801 5140 Moram.
839 5083 935 5140 Manet
952 5101 1019 5157 ergo
1037 5088 1124 5157 prius,
1150 5085 1278 5150 babeant,
1291 5092 1481 5140 lamentatum
1490 5085 1568 5140 s'llad
1578 5085 1687 5141 Christi
1698 5087 1819 5157 lorpes-io
1831 5087 1988 5156 ubicolam

288 5186 322 5225 ex
340 5186 396 5241 quo
414 5185 586 5241 consequens
602 5174 653 5239 su,
670 5168 781 5225 divinae
797 5169 935 5225 voluntati
955 5171 1123 5228 conformem
1150 5179 1191 5225 est
1209 5178 1235 5224 st
1261 5171 1377 5241 aliquid
1395 5170 1507 5226 Christo
1534 5172 1658 5226 multato
1679 5172 1742 5227 slls's
1763 5173 1884 5243 oceidit,
1908 5176 1989 5244 pred

288 5272 318 5311 se
336 5261 478 5327 praestare
495 5271 575 5318 enm,
598 5254 648 5326 qui
664 5254 779 5326 angelos
803 5269 861 5309 non
876 5255 983 5313 adorat.
1017 5263 1043 5318 9.
1059 5259 1123 5315 Ble·
1149 5275 1205 5311 eoo
1221 5255 1366 5327 permittit,
1384 5265 1415 5310 nt
1432 5258 1572 5325 colenter,
1592 5274 1696 5329 sempe
1713 5259 1849 5328 subjectio
1868 5259 1989 5317 mors·

287 5341 345 5397 sius
371 5341 406 5398 de
424 5340 530 5414 Viegea
555 5340 584 5396 in
610 5356 708 5396 comm.
731 5340 848 5412 Apoeel.
874 5359 902 5413 p.
921 5348 979 5399 790.
994 5345 1124 5415 repudiat
1149 5360 1207 5397 essa
1224 5360 1285 5396 cnm
1304 5342 1506 5414 fidelibeess'pss'
1517 5343 1639 5411 Christo,
1655 5345 1706 5414 qai
1715 5344 1991 5414 sidels'esmstroetos·

286 5426 360 5483 hene
395 5427 531 5485 rationem
566 5444 584 5484 e
619 5426 788 5484 Bellermino
821 5427 943 5486 allatam
999 5430 1123 5495 Quidem
1150 5438 1198 5484 est.
1236 5444 1265 5500 p.
1286 5433 1334 5487 bt:
1360 5431 1440 5484 Deos
1465 5429 1533 5485 olim
1552 5431 1698 5502 permisit,
1722 5431 1864 5502 ntaspsls‘
1878 5435 1990 5491 adoss-
