4104 6014
166 221 228 291 111
752 200 1269 279 mmmmm

168 372 287 446 angelus
310 368 436 427 55111515
463 368 567 425 1551555
592 366 773 438 distinguitur
796 384 816 420 5
833 373 938 436 septem
956 382 1004 419 55·
1031 382 1088 421 nos
1119 363 1280 421 immediate
1311 365 1353 419 ad
1377 364 1471 417 Deam
1499 370 1527 417 51
1555 360 1694 417 0155551555
1726 357 1870 426 55551555,

168 459 241 531 pelis
260 475 358 513 coram
375 458 440 512 Deo
459 454 611 523 stantibus,
630 469 749 524 quorum
766 451 868 508 mentio
886 449 964 506 1115.
982 453 1005 505 1.
1030 452 1085 505 sed
1111 458 1222 511 eanctos
1249 457 1280 504 ut
1306 458 1442 521 patronos
1467 457 1494 503 et
1521 449 1717 503 intercessores
1738 444 1795 499 sibi
1817 445 1870 498 ad·

169 559 220 616 per
242 559 311 615 qnos
334 539 527 612 intelliguntur
549 539 663 611 spiritus
687 537 928 601 administratorii,
957 533 1004 606 qui
1026 538 1157 607 junpere.
1193 535 1345 607 Gregorius
1373 536 1408 591 15
1434 534 1566 591 Veientis
1596 538 1670 590 5551.
1701 529 1805 591 Η5555.
1833 528 1869 585 ds

169 628 274 685 usitate
308 627 467 698 Scripturas
499 625 595 697 phrusi
625 628 688 680 Dec
725 626 841 680 55151555
876 623 1006 679 dicuntur
1032 620 1143 679 idolum.
1168 628 1264 694 papst.
1287 638 1348 694 cap.
1365 627 1395 678 ti:
1429 621 1501 677 Ideo
1527 619 1707 690 frequentius
1735 616 1869 671 Mariam

169 713 243 770 Dan.
265 722 294 784 l,
317 732 342 768 v.
364 719 402 770 10.
435 714 501 768 Luc.
526 719 555 776 1,
580 730 604 769 v.
627 719 666 768 111.
684 728 748 766 cum
765 711 802 765 51
823 708 1004 764 ministerium
1031 707 1190 763 1555555555
1215 726 1300 778 quam
1323 710 1418 762 Deum
1448 707 1579 774 Patrem,
1604 705 1682 777 quad
1709 709 1867 758 reserentes·

170 817 279 872 semper
305 799 362 854 sint
389 798 507 853 accincti
524 815 558 852 sc
577 797 676 868 parati.
718 797 794 867 Ergo
814 795 843 851 in
862 814 889 851 v.
908 800 931 850 3.
950 810 1005 849 555
1031 795 1073 849 ad
1101 795 1214 848 diuinae
1243 793 1401 863 majestatis
1431 792 1562 847 tironum
1588 792 1723 847 5551151555
1751 788 1869 845 uelimus

171 885 337 943 describitur
354 892 464 940 creatus
482 882 584 955 uliquis
603 882 729 955 angelus.
768 886 792 938 1.
818 883 865 935 115
883 882 1006 935 aliorum
1032 886 1166 949 tanguam
1180 880 1217 934 ab
1239 879 1306 953 ipsc
1323 878 1383 932 Dei
1405 885 1494 933 matre
1511 877 1676 937 introducti.
1713 873 1869 931 15155555.

170 972 294 1027 menum
318 971 476 1025 collatione.
516 969 598 1034 Quod
625 969 660 1025 de
688 986 772 1023 runnu
796 967 890 1039 angeli
913 966 1006 1023 tumus
1032 964 1060 1023 d.
1079 964 1112 1023 l.:
1133 964 1261 1022 Christus
1280 964 1361 1019 dedit
1378 963 1458 1019 55515
1475 971 1598 1030 sanctos,
1616 970 1647 1021 111
1665 960 1870 1032 511551οοί55

171 1058 360 1124 incensorum,
387 1055 415 1112 5.
442 1071 466 1110 5.
491 1054 629 1110 orationes
653 1057 810 1109 sanctorum
836 1051 1006 1107 adscendere
1031 1052 1178 1120 maiestate
1215 1059 1242 1105 et
1277 1050 1446 1106 55515511515
1478 1058 1663 1115 torrerentur,
1708 1056 1869 1103 5555555515

171 1142 301 1199 dicuntur
326 1157 420 1197 cnrsm
436 1141 511 1208 Dec,
539 1139 568 1194 id
594 1140 662 1195 alibi
682 1141 723 1196 sio
741 1139 899 1211 exponitur,
930 1140 1006 1208 quod
1031 1137 1133 1192 saltem
1162 1138 1317 1208 bominum,
1348 1139 1399 1207 orsi
1421 1145 1587 1208 peccatores
1613 1137 1762 1195 51551555
1786 1134 1869 1191 easti-

173 1228 299 1283 Clsristus
322 1228 360 1281 sit
385 1227 519 1281 sacerdos
537 1233 630 1281 noster
649 1227 679 1279 im
695 1234 850 1295 5515555555,
875 1224 926 1293 gui
941 1240 1005 1277 sau·
1032 1231 1124 1278 terunt
1152 1232 1179 1279 51
1204 1225 1283 1281 mala
1310 1233 1409 1281 nestra
1435 1224 1545 1294 5555515Ι
1569 1231 1648 1292 sunt,
1675 1222 1869 1293 patrocinium

170 1315 254 1383 paine
276 1315 370 1368 cnsais
388 1312 561 1382 patefecerit
591 1311 671 1365 55515
697 1312 808 1365 aditum
833 1312 875 1365 ad
902 1312 1005 1374 Deum,
1028 1311 1247 1379 postularemus.
1283 1309 1508 1382 Respondemus:
1539 1310 1593 1367 bec
1619 1310 1727 1367 5511555
1755 1305 1868 1370 fiducia,

169 1417 279 1470 semper
304 1416 447 1470 apparens
470 1397 683 1452 551511555515
704 1397 777 1463 Dei,
806 1404 837 1453 ut
851 1414 910 1465 pra
927 1395 1006 1450 55515
1032 1412 1088 1467 qne
1107 1414 1158 1467 per
1174 1395 1314 1453 Christum
1336 1396 1516 1453 mediatorem
1539 1396 1575 1454 sd
1601 1395 1731 1453 thronum
1761 1393 1869 1465 gratiae

170 1487 338 1556 interpellet,
356 1494 386 1540 ut
400 1502 456 1556 per
472 1486 563 1554 speum
581 1486 733 1556 afferamus
752 1484 897 1549 sacrificia
907 1482 1006 1538 laudis
1032 1483 1164 1539 55551555
1180 1482 1323 1553 debemus,
1342 1483 1386 1539 vel
1405 1499 1439 1537 er
1458 1489 1525 1553 toto,
1542 1483 1587 1540 rel
1606 1499 1642 1539 ex
1656 1487 1737 1553 psru
1754 1480 1792 1537 sd
1805 1497 1869 1535 555·

171 1573 295 1627 55515155.
326 1570 427 1626 Confer
441 1570 521 1627 Rom.
536 1578 559 1639 5,
571 1588 597 1624 v.
611 1578 634 1627 1.
647 1568 719 1641 Eph.
732 1575 756 1635 3,
773 1587 799 1623 s.
816 1572 856 1624 11.
876 1567 971 1625 1'1im.
982 1571 1007 1633 1,
1032 1575 1091 1624 5155
1111 1569 1285 1638 5555155155,
1303 1586 1338 1625 sc
1356 1569 1445 1640 major
1464 1569 1526 1624 1555
1547 1568 1719 1633 clementias,
1738 1566 1871 1622 bonitatis

171 1676 196 1714 r.
217 1665 241 1716 5.
271 1657 358 1713 Hebr.
377 1664 402 1727 1,
430 1663 516 1714 516.
545 1673 607 1728 csp.
627 1664 651 1726 t,
675 1675 701 1711 v.
719 1661 762 1713 25.
792 1673 853 1728 cap.
872 1661 897 1724 9,
921 1673 946 1711 r.
964 1660 1005 1711 24.
1033 1661 1062 1710 ct
1086 1655 1290 1712 misericordiae
1311 1655 1443 1713 tribuitur
1466 1655 1584 1724 5555115,
1620 1671 1705 1726 qnam
1724 1652 1872 1709 mediatori
1885 1650 1968 1691 ¹V¹¹¹·
1981 1648 2028 1691 Μ

171 1760 232 1816 csp.
251 1749 291 1809 13,
311 1762 336 1798 r.
357 1749 397 1799 15.
411 1750 463 1798 515
504 1743 590 1797 1115
605 1743 788 1813 interpretum
807 1742 1006 1811 testificatione.
1033 1740 1157 1807 cbristo,
1180 1741 1228 1813 qui
1253 1747 1346 1797 temen
1375 1758 1406 1798 se
1429 1742 1521 1812 ipsum
1540 1757 1591 1812 pro
1608 1740 1689 1796 nobis
1705 1740 1736 1795 in
1754 1743 1872 1795 mortem

170 1829 347 1903 Augustinus
367 1829 396 1884 iu
415 1835 509 1884 55551
527 1844 611 1899 super
631 1829 728 1899 Apoc,
746 1827 903 1895 l'rimesius,
921 1825 1008 1893 Betis,
1034 1826 1157 1897 tradidit,
1175 1844 1287 1900 quoqne
1306 1826 1399 1883 551155
1417 1830 1552 1899 mojorem
1570 1844 1638 1899 erga
1656 1844 1707 1883 nos
1726 1827 1871 1882 5551151555

172 1916 298 1989 lisymo,
325 1914 498 1979 Ambrosius,
530 1915 701 1983 Anubertus,
733 1914 828 1986 glossa
858 1913 1006 1977 ordinaris,
1033 1912 1127 1981 55551,
1159 1913 1262 1970 Jobsm
1293 1920 1334 1971 15.
1366 1932 1393 1970 r.
1424 1919 1463 1970 13.
1513 1912 1685 1985 Oppcuimus
1714 1929 1779 1968 vero
1806 1910 1873 1967 buic

172 2002 321 2059 Anselnrus
343 2002 538 2058 Lsuduneneis
561 2002 672 2074 glosm
696 2000 878 2058 interlinearis
902 2006 1007 2068 555155,
1034 1998 1156 2070 opinioni
1182 2000 1326 2056 aureolum
1349 1999 1418 2055 11151
1436 2000 1517 2070 epist
1536 1999 1622 2057 Hebr.
1641 2007 1667 2066 l,
1687 2017 1715 2057 u.
1735 2005 1782 2055 15:
1804 1999 1873 2053 Non

171 2089 321 2145 1155515555
353 2088 574 2158 0551555155515,
604 2088 760 2143 1115555155
791 2104 809 2143 5
835 2088 864 2141 S.
886 2085 1008 2155 Victore,
1034 2086 1165 2140 labemus
1180 2087 1358 2156 pontificem,
1377 2086 1428 2156 oui
1443 2104 1501 2141 non
1515 2087 1609 2157 possit
1626 2085 1749 2156 compati
1765 2084 1872 2140 nostris

171 2174 309 2243 Tbomss,
338 2173 424 2245 Hugo
442 2173 598 2229 Cerdinnlis
616 2178 667 2230 etc.
692 2174 728 2230 de
747 2173 858 2229 Christo
877 2171 1007 2228 huncio·
1035 2171 1253 2238 infirmitatibus,
1274 2179 1410 2227 1555151555
1429 2179 1523 2227 autem
1531 2189 1587 2245 per
1605 2173 1700 2227 omnia
1718 2172 1872 2227 secundum

170 2278 236 2317 cnm
260 2267 409 2333 exponunt.
449 2262 475 2312 6.
500 2261 547 2314 Ee
571 2260 803 2314 aduersariorum
821 2259 1006 2324 confessione.
1033 2258 1246 2314 simulitudinem
1281 2259 1385 2328 absque
1420 2267 1547 2328 peccato.
1579 2277 1604 2313 v.
1635 2264 1677 2317 111.
1723 2258 1872 2314 Adeamus

170 2346 283 2403 Blasius
310 2347 345 2402 de
366 2347 470 2418 Vieges
494 2346 524 2400 in
542 2362 640 2403 comm.
658 2347 747 2417 Apcc.
769 2361 831 2416 cup.
850 2350 875 2403 8.
893 2349 961 2401 sect.
982 2349 1007 2401 1.
1034 2359 1098 2412 erpo
1121 2360 1184 2398 cum
1205 2345 1313 2411 fiducia
1339 2346 1380 2398 ad
1408 2345 1538 2399 11555555
1555 2345 1681 2413 pretias,
1709 2352 1740 2399 at
1760 2344 1871 2398 5515555·-

170 2449 236 2505 psg.
265 2437 331 2489 343:
364 2435 412 2486 De
440 2450 526 2485 manu
550 2432 661 2501 ampeli,
691 2432 709 2487 i.
737 2447 761 2486 5.
789 2431 902 2486 Christi.
947 2431 1007 2486 Nec
1034 2431 1163 2485 cordiam
1193 2447 1395 2500 consequamur
1425 2439 1452 2484 ct
1480 2432 1605 2499 gratiam
1635 2429 1808 2485 inveniamus
1839 2430 1872 2484 in

169 2527 246 2575 recte
263 2518 381 2590 quidam
399 2534 414 2571 5
431 2517 630 2571 recentioribus
649 2517 761 2586 51155551,
786 2516 927 2572 6115151555
942 2534 1003 2571 555·
1034 2516 1173 2571 ancilium
1181 2525 1376 2587 opportunum.
1398 2516 1473 2573 Vere
1480 2515 1621 2573 humiliter
1629 2516 1872 2573 consistitinrers

170 2624 255 2679 psam
277 2604 407 2673 angeium
432 2603 558 2659 absolute
580 2602 654 2672 dici,
678 2602 750 2657 satis
768 2612 811 2657 est
829 2621 862 2659 55
877 2620 1006 2673 conseqq.
1034 2619 1101 2673 erge
1124 2602 1214 2659 Deum
1236 2602 1413 2659 oboedientis
1435 2609 1465 2658 et
1488 2602 1649 2661 reverentie
1701 2603 1779 2668 Quae
1801 2618 1870 2673 ergo

172 2688 315 2745 0115551555
342 2704 402 2743 esse
426 2688 567 2759 collipere.
612 2687 746 2744 Olsndius
772 2689 950 2761 Espencscus
977 2690 1006 2744 in
1033 2693 1208 2756 potestesse
1233 2687 1375 2745 humilitas
1397 2687 1540 2745 115551555
1564 2706 1582 2745 5
1605 2706 1702 2745 norme
1728 2697 1757 2745 et
1779 2688 1870 2744 forms

171 2775 289 2848 sppend.
314 2774 504 2831 commentarii
525 2775 555 2829 in
579 2773 659 2847 epist
678 2773 751 2832 Tim.
778 2781 857 2833 tract.
876 2777 912 2832 15
930 2774 1007 2831 Chri·
1032 2773 1214 2830 invocationis
1240 2775 1271 2830 in
1295 2773 1381 2831 verbo
1408 2775 1581 2846 praescripti
1606 2782 1635 2831 ct
1655 2776 1739 2846 juxte
1763 2773 1868 2847 proprii

171 2869 215 2918 sto
231 2861 345 2918 Medist
362 2878 423 2935 csp.
443 2866 467 2917 c.
485 2861 601 2932 5151511,
616 2878 671 2931 per
690 2859 832 2918 0151515555
851 2871 878 2919 51
894 2863 1007 2923 unicum
1033 2860 1124 2915 cordis
1148 2860 1294 2916 arbitrium
1326 2862 1386 2916 sine
1414 2861 1560 2931 51551515,
1593 2861 1654 2917 5155
1681 2859 1871 2931 promissione,

170 2958 197 3003 51
212 2949 305 3005 solum
322 2950 504 3003 mediatorem
521 2948 582 3001 Dei
600 2955 627 3002 et
650 2947 792 3003 bertinum
809 2948 964 3005 oblationes
981 2956 1007 3005 et
1033 2945 1092 3001 sine
1119 2946 1237 3018 probato
1266 2946 1392 3018 exemplo
1424 2953 1535 3003 5555155
1561 2947 1711 3004 151555551
1749 2950 1777 3001 3.
1801 2948 1869 3002 Non

166 3051 268 3106 preces
289 3041 402 3089 nostras
429 3050 489 3089 esse
513 3033 696 3091 exaudibiles.
736 3032 840 3098 Quodsi
865 3050 932 3105 ergo
957 3050 1007 3105 per
1032 3038 1140 3087 15515555
1158 3050 1316 3087 comessum
1333 3040 1384 3097 est,
1401 3041 1433 3086 51
1450 3050 1560 3088 oremus
1576 3042 1696 3104 sanctos,
1714 3034 1766 3087 sed
1784 3034 1868 3088 511555

171 3120 261 3177 solum
287 3119 428 3175 Christum
457 3134 554 3190 preces
583 3123 695 3174 5551555
726 3125 792 3175 sunt
824 3119 1006 3188 exaudibiles,
1033 3120 1075 3175 ad
1092 3120 1125 3174 id
1140 3120 1309 3185 facieudum
1326 3136 1377 3173 555
1394 3120 1457 3190 ispe
1474 3120 1631 3190 aliquando
1656 3128 1788 3177 15555555.
1819 3119 1869 3175 In·

170 3204 267 3277 utique
295 3205 380 3263 etism
402 3221 452 3276 per
477 3204 568 3275 ipsum
595 3205 685 3261 solum
711 3213 743 3261 ut
768 3206 881 3262 unicum
903 3206 1006 3262 medie·
1028 3206 1134 3274 primis
1152 3205 1273 3261 55515515
1291 3206 1488 3261 55515515511515
1505 3214 1532 3262 51
1547 3206 1759 3271 laicisconstat,
1775 3222 1869 3261 sacer·

171 3297 260 3348 torem
284 3291 399 3347 esedem
425 3290 485 3351 1155
507 3289 668 3347 offeruntur.
715 3291 778 3347 Non
802 3293 942 3365 estquod
966 3310 1007 3348 re·
1033 3294 1111 3347 dotes
1128 3309 1204 3362 nero,
1232 3293 1283 3362 qui
1299 3293 1342 3346 ad
1358 3292 1484 3346 diuinum
1502 3292 1628 3357 officium
1650 3293 1869 3363 persolvendum

172 3392 267 3451 geres,
291 3374 363 3433 Το5.
384 3380 423 3433 11.
447 3377 550 3445 angelo
576 3387 671 3432 creato
690 3378 789 3444 tridui,
815 3380 892 3449 quod
906 3396 1007 3449 preces
1033 3386 1196 3449 arctantur,
1224 3395 1310 3448 saepe
1330 3386 1444 3434 sauctae
1463 3379 1594 3434 inuocare
1615 3386 1766 3447 cocuntur,
1798 3378 1872 3433 iaici

171 3471 285 3519 5551555
315 3467 378 3517 Deo
410 3463 526 3532 offerat,
555 3461 608 3519 boc
639 3462 731 3535 ipsum
763 3463 837 3519 enim
864 3481 921 3520 555
944 3481 1007 3519 cum
1032 3472 1243 3522 555515555155
1263 3466 1394 3521 meister-e
1413 3466 1516 3536 officiis
1533 3467 1726 3530 sacerdotum,
1745 3481 1818 3535 quas
1838 3464 1871 3519 in

172 3548 234 3607 uiis
264 3547 436 3621 srgamentis
466 3547 580 3619 probet,
627 3548 728 3605 librum
756 3549 835 3605 illum
863 3568 918 3608 555
947 3566 1008 3606 5555
1033 3552 1144 3605 nomine
1161 3552 1394 3608 totiusecelseias
1412 3552 1552 3606 eelebrent
1570 3560 1596 3606 et
1608 3568 1663 3620 per
1680 3567 1798 3620 55555555
1816 3566 1871 3607 ora

173 3634 345 3691 5555515515.
1034 3638 1157 3693 laudant
1179 3646 1205 3693 et
1228 3646 1313 3693 orant
1332 3640 1436 3696 Deum.
1473 3638 1537 3708 Ipsi
1561 3653 1629 3706 erpo
1650 3638 1749 3694 debent
1773 3637 1869 3693 dicere

43 3736 154 3780 15515555
208 3726 268 3781 ets.
303 3720 421 3776 Addunt
443 3720 526 3777 etiem
552 3720 688 3792 55115555,
709 3722 758 3778 551
782 3740 854 3793 quse
868 3722 944 3779 155111
961 3740 1008 3779 ne·
1035 3740 1116 3779 55555
1137 3726 1168 3778 in
1193 3725 1381 3781 benedictione
1404 3724 1561 3779 sacerdotis
1588 3731 1614 3778 a
1638 3725 1680 3779 ita
1698 3731 1811 3794 aptare,
1838 3731 1869 3779 ut

43 3789 140 3883 mgr·
173 3806 253 3880 gotio
290 3805 493 3875 dissolvuntur,
528 3812 551 3863 1.
584 3804 728 3860 Christum
765 3807 831 3863 iicet
868 3809 1009 3866 inuocare.
1035 3810 1171 3875 eueniant,
1191 3827 1264 3880 quae
1283 3813 1401 3866 tecleda
1410 3811 1490 3882 petit.
1523 3813 1603 3880 Ergo
1621 3812 1693 3867 inter
1712 3811 1869 3867 51155555·

43 3902 85 3944 prs
109 3894 254 3963 wespa
281 3893 366 3948 etiam
395 3901 507 3947 5555155
533 3892 600 3947 licet
624 3892 764 3947 inuocare.
799 3894 843 3950 Ite
869 3895 1010 3951 concludit
1036 3897 1170 3951 ditionem
1194 3913 1250 3967 per
1278 3904 1397 3953 sanctos.
1436 3896 1586 3955 Sulmeron.
1613 3914 1680 3969 pag.
1709 3902 1769 3954 4611.
1814 3896 1868 3953 115-

45 3952 135 4037 ffifss
174 3979 324 4039 8515515555
345 3985 411 4035 tom.
435 3985 475 4036 15.
494 3996 559 4050 psg.
581 3984 639 4037 164.
668 3977 892 4050 Respondemus:
912 3980 1008 4055 quidni
1035 3983 1219 4054 spondemus:
1238 3984 1344 4055 petitur
1361 3983 1538 4054 principium.
1578 3983 1621 4038 De
1639 4000 1672 4039 eo
1690 3984 1764 4040 enim
1783 4000 1869 4054 quse·

45 4046 117 4089 ω’·
173 4066 258 4125 etiem
283 4067 323 4123 sic
349 4065 504 4134 concludit,
532 4063 658 4121 Christus
679 4072 722 4120 est
740 4082 823 4121 verus
843 4083 906 4121 cum
924 4067 1008 4122 Patre
1034 4069 1088 4125 stio
1107 4076 1156 4139 551,
1174 4086 1210 4124 55
1228 4070 1337 4136 missen,
1357 4070 1479 4135 11155155,
1498 4069 1817 4135 555515555111515515.
1838 4070 1869 4125 in

173 4151 323 4225 1118515115
349 4152 477 4209 511555.
513 4150 590 4223 Engo
618 4149 703 4205 etism
729 4150 817 4205 sensti
844 4159 910 4208 sunt
926 4169 1007 4208 verus
1034 4156 1136 4226 quibus
1156 4155 1284 4227 religiose
1309 4171 1327 4210 5
1349 4155 1538 4211 sacerdotibus
1565 4163 1594 4211 et
1621 4156 1763 4212 monacbis
1790 4157 1866 4212 invo-

173 4254 238 4295 cnm
260 4240 343 4297 Patre
366 4246 395 4296 st
413 4237 519 4309 Spiritu
543 4256 566 4295 s.
583 4235 671 4292 Deus.
716 4235 842 4292 Christus
868 4245 912 4293 est
935 4258 1008 4295 unus
1033 4241 1259 4307 555155555511,
1285 4241 1341 4297 sint
1363 4242 1449 4297 verbo
1468 4242 1523 4297 Dei
1541 4242 1701 4299 conformis.
1738 4247 1763 4298 t.
1785 4241 1867 4312 Capi·

175 4324 311 4380 medistor
329 4325 382 4380 Dei
403 4330 433 4379 et
449 4322 599 4383 hominum.
638 4321 714 4393 Ergo
732 4322 816 4379 etism
836 4324 924 4380 suncti
943 4332 1008 4381 sunt
1033 4348 1096 4383 mar
1122 4329 1184 4383 dies
1207 4330 1296 4394 festos
1313 4336 1475 4383 sanctarum
1492 4344 1555 4383 cum
1570 4328 1692 4383 55515515
1708 4330 1849 4385 5515555555
1855 4349 1868 4394 ,·

173 4411 338 4467 5515551115
357 4410 502 4466 mediator.
539 4412 658 4483 Πρῶτον
678 4409 783 4479 ψεῦδος
799 4411 903 4466 residet
921 4410 950 4466 in
966 4428 1007 4481 co,
1033 4432 1099 4483 erpo
1126 4424 1153 4470 51
1180 4423 1292 4470 5555155
1317 4416 1448 4469 inuocare
1480 4432 1542 4469 cum
1568 4415 1688 4470 ecclesia
1714 4432 1763 4470 eos
1790 4416 1866 4470 ineo·

173 4497 249 4569 qnod
277 4495 429 4555 Selmeron.
450 4495 572 4552 officium
600 4494 758 4551 mediatoris
776 4495 885 4552 Christo
910 4514 1006 4553 55555-
1033 4507 1120 4556 55515.
1157 4500 1308 4557 Selmernn.
1338 4501 1363 4558 1.
1390 4502 1408 4555 1.
1440 4499 1665 4572 Respondemus:
1696 4500 1771 4557 festa
1797 4500 1867 4557 ccle-

172 4583 241 4639 dum
277 4582 427 4638 humanam
460 4588 569 4639 tuntum
612 4589 740 4638 55155555
779 4590 936 4655 competere
974 4601 1008 4640 55
1033 4586 1150 4641 5555155
1163 4585 1208 4641 sel
1226 4585 1256 4642 in
1272 4587 1432 4643 memorium
1451 4592 1617 4653 sauctorum,
1636 4586 1683 4642 rel
1700 4587 1737 4642 51
1754 4586 1866 4658 religio·

172 4668 288 4739 proinde
308 4675 340 4723 ut
364 4667 504 4724 bominem
527 4674 636 4724 tuntum
657 4684 708 4740 pro
729 4668 810 4724 nobis
828 4669 1006 4741 interpellare
1032 4689 1092 4727 sum
1121 4688 1216 4726 corum
1246 4671 1360 4727 cultum.
1394 4671 1478 4728 Prius
1509 4672 1701 4738 concedimus,
1727 4672 1865 4744 posterius

171 4754 379 4828 praesupponit,
403 4771 437 4810 ex
456 4771 511 4825 quo
528 4754 627 4811 confici
644 4770 726 4827 posse
743 4754 901 4823 arbitretur,
921 4757 1006 4813 511555
1031 4757 1227 4830 improbamus.
1276 4759 1444 4830 Augustanus
1483 4758 1600 4820 confess.
1640 4764 1692 4816 ert.
1722 4764 1769 4819 21:
1820 4760 1867 4815 De

171 4848 284 4899 5555155
310 4859 360 4912 pro
387 4838 467 4896 nobis
493 4839 668 4912 interpellare
700 4850 729 4898 et
755 4858 807 4914 per
834 4859 1006 4916 consequens
1031 4845 1109 4900 55115
1138 4852 1298 4899 sanctorum
1324 4846 1424 4899 5155551
1452 4844 1595 4910 (ecclesiae
1619 4848 1753 4915 nostrae),
1789 4848 1868 4915 55551

172 4940 233 4985 5555
251 4927 381 5001 religiose
397 4926 581 4997 invocandos,
601 4927 641 4984 sic
657 4928 731 4984 enim
750 4928 847 4985 scribit
864 4945 929 5000 psg.
948 4935 1005 4987 1511.
1032 4930 1166 4985 memoria
1190 4938 1353 4986 5555155555
1379 4932 1508 5003 propani
1529 4940 1637 5003 potest,
1668 4940 1700 4987 51
1725 4932 1867 4987 imitemur

170 5014 313 5087 praeced:
339 5008 532 5069 Certissimum
554 5021 608 5082 est,
634 5015 773 5069 Christum
788 5032 847 5085 pro
863 5016 943 5070 55515
963 5017 1006 5071 in·
1032 5020 1118 5083 tidem
1140 5034 1236 5073 sorum
1260 5019 1381 5072 515555
1398 5020 1584 5090 operajaata
1602 5020 1790 5084 montionem,
1815 5019 1868 5073 ssd

171 5101 333 5173 1555511555.
383 5101 455 5155 0551
483 5106 575 5153 autem
600 5117 655 5154 555
672 5106 704 5153 ut
720 5100 782 5154 Dei
797 5101 907 5167 eitius,
937 5102 1006 5172 gaia
1034 5103 1186 5173 Scriptura
1209 5122 1266 5158 555
1293 5105 1374 5158 515551
1399 5104 1531 5160 inuocare
1557 5114 1671 5160 sanctas
1696 5121 1746 5160 seu
1769 5112 1866 5174 petere

172 5204 229 5243 15515
256 5195 297 5242 est
323 5188 474 5242 distinctus
496 5186 526 5240 in
542 5193 649 5241 natura
667 5187 766 5241 5115155
783 5205 803 5244 5
820 5187 925 5258 Patre,
954 5206 1006 5244 nec
1032 5189 1171 5245 auxilium
1189 5206 1209 5244 5
1228 5191 1334 5245 5555115
1350 5195 1402 5248 515.
1439 5190 1474 5245 In
1492 5190 1528 5246 V.
1545 5190 1578 5249 Τ.
1605 5189 1676 5245 leste
1699 5196 1779 5247 55551
1798 5207 1863 5261 pars

171 5282 241 5345 eget,
264 5290 315 5331 nse
333 5275 420 5330 alteri
435 5276 530 5330 seruit.
570 5273 606 5329 ss·
622 5290 689 5344 erpa
706 5292 763 5329 555
782 5281 814 5328 ut
831 5277 914 5331 Deus
933 5284 1005 5343 crat,
1031 5274 1119 5331 divini
1145 5275 1236 5331 cultus
1259 5282 1356 5347 utpote
1374 5276 1488 5347 specisli
1506 5277 1559 5331 Dei
1580 5275 1712 5333 mendeto
1728 5276 1865 5333 Isrcilitis

167 5360 341 5435 precabitur,
370 5370 507 5432 quotenne
536 5362 617 5416 115555
646 5368 700 5429 551,
732 5361 836 5430 quadi
864 5369 896 5417 551
924 5362 1005 5421 bama
1030 5360 1234 5428 commeudste,
1257 5361 1307 5416 sed
1329 5360 1409 5421 1511.
1430 5361 1464 5423 'l'.
1489 5377 1544 5417 non
1567 5359 1685 5419 bebatur
1704 5377 1865 5434 expressum

91 5448 117 5459 ''
172 5455 252 5520 oras,
279 5464 346 5518 erpo
370 5447 454 5503 ets'esas
479 5447 573 5503 555515·
591 5454 683 5504 orant.
720 5447 748 5501 1.
764 5445 945 5505 Humilitatis
964 5457 1006 5509 551
1027 5447 1140 5520 aliquod
1157 5446 1320 5504 5555151555
1337 5445 1374 5502 15
1395 5446 1449 5504 boc
1465 5446 1510 5503 rel
1530 5444 1576 5503 illo
1595 5445 1668 5505 15515
1686 5448 1864 5517 5515555515,
