4104 6014
226 184 286 269 'aar
805 209 928 269 nocua
944 206 1150 266 messmam
1169 207 1315 266 sexsus

224 358 315 416 selum
347 361 431 417 inane
461 372 487 419 et
517 366 613 428 fallas
650 366 769 438 aliquod
799 366 949 436 caudium,
980 363 1056 434 quod
1083 362 1200 420 dicitur:
1219 364 1367 419 Redemtio
1384 356 1439 419 oiri
1459 364 1575 418 diuitiae
1593 364 1664 433 ejus.
1711 359 1918 416 Persuaaerunt

223 446 357 502 nimirum
376 449 507 511 uideant,
526 469 555 506 se
573 452 676 507 iabus
693 454 785 508 socios
803 454 833 507 in
848 453 958 525 poenis.
1000 448 1056 506 Sed
1081 450 1237 507 sacerdotes
1257 456 1285 506 et
1304 449 1431 506 monachi
1458 449 1575 505 dominis
1605 464 1638 503 ac
1665 445 1854 518 principibus,
1882 453 1916 502 ut

224 532 287 604 quis
309 551 365 589 nou
382 533 466 606 videt,
490 536 567 593 aliud
592 554 652 594 esse
679 538 849 595 miseriarum
867 538 1055 603 lenimentum
1081 535 1204 592 ecclesiis
1218 541 1247 590 et
1262 535 1403 591 coenobiis
1422 536 1510 590 multa
1524 535 1712 606 relinquerent
1725 539 1754 588 et
1772 539 1917 602 voverent,

222 616 300 673 aliud
319 635 384 674 vero
402 620 487 675 fallax
505 622 661 695 gaudium?
681 625 744 680 ideo
758 624 942 680 Bellarminus
963 622 1012 676 lib.
1030 626 1054 676 2.
1080 628 1147 678 tnnc
1164 622 1236 677 velle
1255 640 1285 677 se
1304 622 1443 678 mississe
1460 622 1590 693 precibus
1607 620 1665 675 suis
1682 618 1828 675 meritoriis
1841 617 1915 674 salu·

223 702 259 759 de
275 721 357 778 purg.
387 723 447 776 cap.
470 713 509 764 18.
541 709 642 764 rectius
666 711 831 781 respondet,
861 710 929 763 iaec
956 707 1055 762 arelius
1080 708 1117 762 tis
1133 715 1262 764 aeternae
1280 707 1347 778 ipsis
1361 707 1472 779 copiam
1489 706 1589 776 facere,
1610 698 1789 778 quantumvis
1806 702 1917 778 magnis

223 791 310 858 rejici
327 799 357 844 ut
372 794 455 858 falso
478 803 504 848 et
521 797 693 865 mscerqpha.
734 796 774 850 At
798 796 822 849 si
842 793 1009 850 Bellarmino
1027 799 1055 848 et
1082 806 1174 849 essent
1194 793 1373 850 contaminati
1392 794 1524 865 peccatis,
1542 811 1591 866 per
1611 793 1686 866 quod
1701 797 1774 847 certe
1791 788 1917 862 peccatis

223 875 396 932 'Salmeronio
409 879 481 935 hanc
494 882 689 937 revelationem
703 880 849 953 repudiare
868 880 943 947 licet,
959 877 1055 951 quidni
1080 878 1222 937 efficacem
1242 880 1416 936 occasionem
1436 878 1586 949 dederunt,
1610 876 1809 935 existimabant
1832 877 1916 946 enim,

223 961 298 1017 idem
312 963 347 1019 de
364 964 499 1020 similibus
517 966 731 1023 revelationibus
748 967 926 1038 pronuntiare
940 961 1054 1019 licebit?
1080 984 1111 1021 se
1129 966 1313 1023 mercenarios
1330 972 1359 1022 et
1376 966 1495 1020 vicarios
1514 966 1639 1036 pecuniis
1655 965 1712 1019 suis
1731 962 1785 1026 sibi
1804 981 1916 1044 comps·

222 1046 286 1103 libr.
305 1053 327 1104 1.
351 1050 386 1105 de
409 1068 489 1123 purg.
514 1069 575 1124 cap.
604 1059 627 1109 8.
653 1053 814 1108 revelationi
839 1050 995 1106 Mechtildis
1020 1050 1055 1104 de
1080 1070 1169 1116 rasse,
1199 1070 1250 1123 per
1276 1069 1346 1124 quos
1377 1068 1392 1107 e
1420 1051 1580 1123 purgatorio
1604 1058 1779 1124 quantocyus
1801 1049 1915 1106 liberari

223 1135 316 1188 anima
330 1126 461 1209 ¹Origenis
482 1137 696 1213 opponitaliam
713 1137 909 1193 revelationem
923 1153 956 1192 ex
973 1143 1054 1207 prato
1080 1138 1195 1210 possint.
1240 1143 1263 1193 6.
1283 1137 1452 1193 Deterrendi
1484 1137 1596 1209 quidem
1628 1142 1655 1192 et
1675 1136 1824 1192 revocandi
1846 1141 1913 1192 sunt

222 1219 364 1291 spirituali.
409 1223 560 1280 Salmerou.
575 1229 641 1279 tom.
664 1229 703 1280 11.
730 1223 832 1295 disput.
850 1227 891 1279 26.
909 1238 974 1293 pag.
995 1226 1054 1277 231.
1080 1222 1202 1278 homines
1221 1242 1239 1279 a
1256 1224 1391 1295 peccandi
1411 1223 1504 1278 studio
1528 1232 1557 1280 et
1582 1224 1618 1278 ad
1638 1223 1713 1278 bona
1736 1240 1823 1302 opera
1842 1224 1915 1281 exci-

221 1306 339 1360 candide
359 1312 387 1362 et
407 1308 465 1364 sine
482 1309 644 1365 circuitione
668 1309 780 1365 scribit:
806 1308 962 1378 Ejusmodi
979 1324 1053 1361 reue·
1079 1311 1166 1376 tandi,
1186 1311 1226 1365 ita
1236 1315 1338 1378 minen,
1355 1327 1391 1365 ne
1409 1309 1539 1365 fiduciam
1552 1310 1581 1363 in
1599 1310 1725 1382 proprias
1742 1307 1910 1365 safisfactio·

221 1393 350 1459 lotiones,
358 1395 455 1464 quoles
464 1396 585 1468 eaempli
593 1397 890 1465 qratiaeommemorot
898 1392 1055 1462 Dionysius
1081 1412 1129 1450 nes
1148 1413 1181 1450 ac
1208 1395 1317 1467 propria
1335 1395 1434 1450 merita
1455 1393 1608 1464 collocent,
1632 1412 1702 1450 neve
1722 1392 1825 1449 territis
1848 1411 1914 1451 con·

222 1475 442 1544 Cas-tiresiam,
469 1499 524 1535 non
551 1490 616 1536 sunt
643 1481 791 1548 confestim
819 1489 867 1536 aut
889 1481 998 1553 passim
1024 1487 1054 1533 ut
1081 1480 1201 1537 scientiis
1233 1480 1313 1536 firma
1342 1498 1375 1537 ac
1406 1482 1564 1537 necessaria
1591 1479 1741 1535 consolatio
1771 1481 1914 1552 eripiatur,

222 1582 304 1619 uerae
341 1568 536 1636 recipiendae,
574 1569 625 1621 sed
661 1585 722 1622 eum
757 1568 869 1638 judicio
904 1566 1054 1634 dilipenter
1080 1573 1227 1639 utrumque
1242 1586 1292 1640 per
1310 1568 1465 1623 doctrinam
1484 1566 1638 1639 purgatorii
1662 1565 1722 1621 fieti
1738 1581 1771 1620 er
1791 1567 1914 1637 superio·

223 1655 423 1721 expendendas
466 1662 491 1707 tt
529 1662 664 1723 qumana&
709 1655 780 1715 fiaes·
818 1654 862 1707 vel
904 1652 1056 1706 traditioni
1080 1654 1156 1710 ribus
1175 1662 1217 1710 est
1243 1654 1427 1712 manifestum.
1472 1662 1495 1711 ’1.
1512 1654 1656 1724 Scriptura
1673 1652 1768 1719 docet,
1792 1651 1914 1708 fructum

223 1739 357 1793 centenae
409 1748 459 1794 aut
516 1741 677 1795 doctoribus
728 1747 898 1809 conqruant,
952 1739 1053 1793 erami-
1076 1740 1283 1812 justificationis
1304 1759 1363 1797 esse
1377 1759 1478 1812 pacem
1499 1741 1684 1797 conscientiae
1701 1737 1781 1794 Rom.
1801 1746 1826 1810 5,
1843 1757 1870 1793 v.
1892 1745 1914 1796 l.

223 1826 344 1881 naudus.
1081 1836 1106 1881 et
1125 1828 1228 1882 cultum
1248 1829 1308 1882 sina
1328 1829 1427 1883 timore
1440 1829 1504 1881 Deo
1520 1826 1690 1896 praestitum
1702 1825 1771 1880 Luc.
1785 1831 1808 1894 1,
1828 1841 1854 1880 v.
1871 1832 1913 1883 74.

258 1915 314 1967 286.
351 1910 455 1979 Quinta
473 1917 502 1967 et
521 1912 619 1968 ultima
635 1914 706 1968 ratio
719 1929 779 1968 ease
793 1919 892 1984 potest,
910 1912 979 1982 quia
998 1911 1054 1964 ista
1080 1914 1167 1985 Atqui
1184 1914 1207 1969 si
1222 1912 1368 1985 justificati
1392 1914 1513 1985 quidem,
1539 1913 1588 1968 sed
1606 1912 1728 1967 nondum
1747 1911 1829 1983 plene
1848 1930 1913 1982 pur-

222 1997 331 2070 opinio,
365 2015 436 2067 quoe
464 1999 539 2053 toltit
560 2001 777 2068 purqatorium,
808 2018 863 2054 non
894 2000 985 2054 solum
1012 2005 1053 2050 est
1079 2000 1138 2072 gsti
1156 2000 1290 2065 audiunt,
1313 1999 1468 2072 purgatorii
1494 1998 1619 2054 flammas
1644 2003 1839 2069 postmortem
1859 1998 1913 2052 sibi

220 2082 309 2150 salsa,
328 2087 380 2138 sed
388 2085 472 2140 etiam
480 2087 650 2156 perniciosa,
668 2088 807 2157 siquidem
825 2086 949 2140 homines
960 2101 1051 2139 socer-
1080 2085 1172 2141 adhuc
1190 2086 1352 2141 metuendas
1372 2103 1441 2151 esse,
1459 2090 1487 2140 et
1508 2085 1619 2157 quidem
1637 2093 1761 2154 tempore
1779 2085 1914 2156 longiore,

222 2172 271 2224 des
287 2172 362 2235 facit
380 2173 409 2225 in
427 2173 553 2242 peccatis
572 2174 704 2227 cauendis
731 2174 805 2226 etin
826 2173 905 2226 bonis
923 2172 1053 2241 operibus
1081 2190 1163 2245 quam
1182 2173 1238 2227 fuit
1254 2172 1339 2244 hujus
1356 2173 1431 2227 vitae
1449 2173 1584 2243 spatium,
1609 2171 1746 2243 quomodo
1766 2186 1866 2240 pacem
1884 2170 1913 2225 in

218 2258 369 2321 faeiemtis.
414 2258 470 2321 Qui
489 2259 560 2314 enim
578 2261 690 2328 coqitat,
712 2259 822 2314 nulium
842 2275 900 2312 esse
913 2265 1051 2327 purqato·
1080 2260 1162 2315 corda
1180 2259 1281 2315 sentire
1306 2266 1334 2315 et
1352 2257 1414 2314 Deo
1434 2259 1494 2314 aine
1518 2257 1616 2313 timore
1640 2256 1743 2312 servire
1761 2256 1913 2328 poterunt?

219 2344 305 2409 rium,
336 2347 388 2399 aed
419 2347 512 2399 omnia
539 2354 659 2415 peccata
680 2363 734 2414 per
764 2352 878 2399 monem
895 2344 1006 2398 aboleri
1022 2343 1052 2396 in
1080 2347 1194 2417 Exque
1213 2350 1343 2417 apparet,
1367 2361 1461 2400 verum
1480 2347 1522 2398 iac
1539 2344 1600 2399 Deo
1625 2349 1735 2416 gratum
1761 2343 1916 2400 extimare

219 2429 269 2498 iis,
300 2432 350 2503 qui
368 2431 524 2486 momentus·
543 2448 604 2483 eum
616 2432 693 2500 fide,
715 2431 810 2496 facile
829 2430 902 2484 dicet
919 2430 998 2500 apud
1012 2427 1052 2491 ise,
1079 2430 1157 2485 filiali
1192 2437 1221 2486 et
1254 2430 1310 2487 fide
1347 2430 1504 2502 profectum
1541 2431 1646 2486 cultum
1676 2447 1727 2502 per
1759 2430 1916 2502 purgatorii

219 2533 349 2586 quorsum
374 2534 423 2585 eqo
443 2516 544 2571 labero
571 2518 601 2570 in
622 2516 761 2587 jeiuniis,
789 2517 936 2586 precibus,
966 2517 1052 2571 eonti-
1080 2518 1233 2573 doctrinam
1251 2518 1343 2587 potius
1369 2519 1463 2574 everti.
1506 2523 1530 2574 8.
1559 2518 1680 2585 Quidam
1704 2534 1736 2572 ex
1758 2516 1915 2574 Pontificiis

219 2604 323 2673 nentia,
342 2604 544 2671 eleemosynis?
570 2620 621 2657 cur
641 2604 751 2664 fraudo
769 2620 818 2656 cor
835 2619 925 2656 merim
942 2603 1052 2657 ‹ieliciis
1080 2603 1215 2667 latentur,
1245 2603 1274 2658 in
1292 2602 1433 2674 primitiva
1462 2603 1578 2658 ecclesia
1606 2602 1776 2674 temporibus
1804 2609 1913 2674 aposto·

220 2689 469 2760 atuoluptatibuai
486 2690 714 2760 quandoquidem
728 2689 757 2743 in
774 2689 930 2742 marturius
945 2706 1052 2757 pauca,
1079 2690 1168 2746 lorum
1201 2689 1294 2744 vicina
1328 2707 1383 2744 non
1418 2687 1505 2745 fuisse
1538 2689 1674 2744 creditum
1710 2688 1912 2761 purgatorium.

220 2777 278 2831 sive
296 2777 386 2830 multa
403 2783 525 2847 peceato
543 2777 676 2840 habuero,
695 2776 788 2829 omnia
808 2775 980 2830 delebuntur.
1013 2775 1053 2828 At
1079 2776 1167 2847 Atqui
1203 2793 1235 2831 eo
1265 2780 1391 2845 tempore
1422 2777 1466 2830 vel
1502 2776 1621 2832 maxime
1648 2775 1760 2847 pietatis
1790 2775 1914 2832 studium

221 2864 271 2934 qni
305 2864 424 2934 eoqitot,
460 2880 604 2919 remanere
627 2871 747 2933 praeter
776 2862 929 2931 puteacum
961 2861 1052 2932 iqnem
1082 2859 1182 2918 fforuit.
1226 2867 1250 2918 9.
1269 2860 1373 2916 Romae
1399 2861 1591 2933 purgatorium
1621 2862 1697 2918 credi
1728 2861 1913 2918 Bellarminus
1977 2893 1979 2896 <

221 2951 390 3005 marimum
403 2951 578 3021 purqatorii,
598 2957 623 3003 et
640 2949 783 3021 quidquid
795 2949 841 3003 hic
860 2947 981 3002 deletum
997 2966 1053 3002 non
1078 2966 1134 3003 non
1153 2947 1206 3003 ibit
1222 2946 1337 3003 inficias.
1378 2948 1419 3001 At
1447 2948 1530 3020 quale
1553 2947 1659 3004 Romae
1683 2948 1779 3022 rigam
1799 2949 1913 3023 pietatis

220 3037 311 3102 fuerit
325 3037 504 3106 perdebitae
514 3035 812 3106 poenitentiaeopero,
826 3034 867 3087 ibi
879 3034 1051 3101 diluendum,
1078 3033 1216 3104 studium,
1247 3039 1385 3089 testamur
1415 3033 1561 3098 historiae,
1595 3034 1697 3090 clamat
1734 3036 1912 3106 experientia
1952 3082 1955 3089 .

221 3129 294 3176 certe
312 3123 477 3191 dilipentior
497 3125 660 3191 carstiorque
686 3121 786 3175 evadit.
827 3118 1051 3190 Respondemus:
1077 3119 1150 3177 Vide
1167 3121 1218 3178 loc.
1240 3120 1275 3176 de
1298 3119 1416 3175 ecclesia
1436 3116 1464 3195 ς.
1485 3125 1509 3176 2.
1530 3124 1572 3178 62.
1622 3121 1716 3194 Atque
1748 3121 1817 3177 haec
1844 3128 1911 3178 sunt

224 3214 247 3266 1.
265 3208 292 3261 in
311 3207 366 3262 illis
380 3207 540 3279 Scripturae
559 3207 641 3274 locis,
661 3223 732 3278 quae
751 3223 854 3276 poenas
874 3210 1050 3276 peecatorum
1077 3207 1236 3261 Bellarmini
1260 3213 1424 3277 argumenta
1448 3205 1553 3275 omnia,
1584 3223 1656 3278 quae
1673 3224 1724 3278 pro
1742 3209 1910 3280 purgatorio

218 3296 359 3349 inculcant
384 3294 471 3349 Levia
498 3299 539 3349 16.
565 3293 649 3348 Deut.
678 3300 718 3349 26.
743 3293 821 3348 nulla
841 3292 873 3347 fit
895 3293 1050 3364 purgatorii
1077 3293 1245 3348 adstruendo
1264 3292 1377 3364 profert,
1398 3291 1498 3363 quibus
1516 3291 1584 3364 quid
1600 3293 1707 3348 roboris
1726 3311 1760 3349 ac
1777 3294 1910 3365 ponderis

216 3380 363 3453 cujusdam
381 3379 453 3452 ignis
474 3380 591 3443 mentio,
615 3397 679 3433 cum
703 3386 794 3434 umen
812 3379 848 3432 ad
869 3379 1002 3450 populum
1021 3376 1051 3433 in
1076 3378 1158 3447 insit,
1187 3397 1220 3433 ex
1250 3378 1331 3432 dictis
1363 3373 1542 3433 manifestum
1568 3377 1627 3434 erit.
1676 3378 1754 3444 Quae
1778 3396 1838 3451 cap.
1868 3386 1908 3438 15.

150 3468 152 3473 '
216 3467 309 3522 officio
334 3465 531 3521 continendum
551 3471 580 3521 et
603 3483 620 3520 a
644 3465 779 3537 peccandi
803 3464 895 3520 studio
919 3483 1050 3520 revocan-
1076 3473 1172 3520 contra
1190 3464 1302 3520 Petrum
1321 3463 1473 3535 Martyrem
1497 3463 1618 3536 profert,
1644 3470 1676 3520 ut
1701 3464 1814 3536 probet,
1843 3482 1908 3522 eon·

218 3553 284 3608 dum
304 3569 337 3608 ex
356 3551 503 3623 hypothesi
524 3550 672 3606 Pontificis
696 3551 766 3605 illud
784 3553 827 3606 vel
847 3551 964 3606 maxime
984 3551 1049 3605 fuis·
1075 3551 1222 3606 sessionem
1253 3551 1407 3623 purgatorii
1433 3551 1470 3607 ad
1499 3551 1582 3606 fidem
1615 3549 1787 3608 Catholicam
1819 3553 1904 3623 perti·

217 3646 260 3694 set
279 3637 472 3694 necessarium.
510 3644 533 3693 1.
556 3637 686 3692 Indictis
707 3637 763 3692 illis
784 3636 956 3708 Scripturas,
977 3654 1049 3709 quae
1075 3654 1154 3705 nere,
1197 3654 1230 3692 ex
1268 3636 1456 3708 superioribus
1493 3637 1602 3694 facilem
1639 3637 1747 3694 habeut
1786 3639 1907 3711 explica·

216 3729 378 3796 praecepta,
406 3723 542 3795 promissa
568 3731 595 3778 et
615 3724 739 3794 exempla
764 3723 933 3784 aitsanctus
950 3739 1048 3794 propo·
1075 3725 1187 3780 tionem.

217 3817 296 3880 nunt,
312 3810 391 3866 nulla
402 3811 489 3864 futuri
506 3809 645 3865 cruciatus
657 3810 711 3881 piis
723 3811 872 3878 metuendi,
890 3809 939 3865 sed
958 3809 1049 3880 potius
1111 3815 1170 3867 tet.
1205 3809 1268 3865 Lib.
1289 3815 1313 3866 2.
1340 3811 1374 3866 de
1393 3818 1502 3882 purgat
1518 3827 1587 3881 ,cap
1609 3816 1647 3867 15.
1678 3812 1785 3883 profert
1801 3812 1940 3876 Bellar-ur¹
1955 3837 1990 3878 pr,
2005 3850 2042 3880 se-

217 3895 318 3968 quietis
349 3903 379 3951 et
408 3896 599 3951 exsultationis
627 3896 781 3967 sperandae
808 3895 840 3950 iit
869 3896 986 3964 mentio,
1018 3901 1049 3950 ut
1075 3898 1166 3951 minua
1186 3897 1354 3967 peculiarem
1379 3897 1502 3968 aliquam
1530 3897 1664 3953 rationem
1688 3915 1722 3952 ex
1738 3897 1823 3954 Petro
1841 3899 1906 3955 (ilu-
1921 3890 2049 3982 ξζζζζῃ,

219 3984 346 4056 superius
371 3981 549 4038 ostendimus.
600 3986 624 4038 3.
645 3982 699 4047 Qut
725 4000 742 4037 a
766 3983 887 4054 peccatis
912 3999 967 4037 noa
986 3981 1048 4037 abs·
1075 3984 1211 4052 niscensi,
1241 4000 1297 4055 qua
1316 3983 1433 4054 probare
1450 3992 1579 4051 conatur,
1609 3983 1744 4056 suffragia
1773 3986 1992 4042 molestasse·

217 4072 288 4126 tinet
306 4077 382 4126 metu
402 4069 490 4124 futuri
513 4068 625 4124 extremi
651 4069 753 4139 judicii
773 4076 800 4124 et
825 4068 966 4124 infernalis
985 4087 1048 4140 sup·
1076 4070 1214 4125 defunctis
1245 4072 1274 4124 in
1304 4070 1466 4141 purgatorio
1496 4070 1635 4141 prodesse.
1688 4071 1820 4128 Ecclesia
1848 4081 1908 4128 tota

222 4156 313 4229 plicii,
338 4157 361 4211 is
380 4173 431 4211 nec
452 4153 634 4211 deterrebitur
659 4171 676 4210 a
702 4154 823 4226 peccatis
845 4162 920 4210 metu
939 4155 1049 4210 conficti
1075 4157 1185 4228 (inquit)
1207 4167 1246 4210 est
1264 4175 1350 4210 unum
1368 4175 1483 4228 eorpus,
1509 4157 1590 4223 eujus
1608 4165 1693 4228 caput
1710 4167 1751 4212 est
1771 4157 1907 4215 Uiriatus.

215 4242 378 4316 purgatorii.
420 4247 442 4298 4.
463 4240 541 4297 Sicut
565 4259 621 4294 non
640 4250 706 4294 sunt
732 4242 870 4306 facienda
897 4242 989 4310 mala,
1019 4252 1049 4296 at
1076 4244 1155 4312 Erpa
1178 4243 1258 4298 debet
1289 4243 1391 4297 babere
1418 4242 1692 4297 communicationem
1720 4253 1778 4299 tam
1804 4249 1907 4317 eapitis

216 4331 344 4383 eueniant
362 4331 434 4384 bona
453 4329 532 4386 Rom.
552 4333 584 4395 3,
609 4346 635 4383 v.
655 4335 677 4386 8.
706 4327 746 4384 ita
764 4345 820 4382 non
840 4335 906 4382 sunt
924 4329 1049 4388 docenda
1075 4348 1137 4383 eum
1154 4329 1293 4397 membris,
1312 4346 1396 4398 qaam
1413 4330 1596 4385 membrorum
1608 4331 1682 4384 inter
1694 4348 1724 4386 se
1746 4336 1767 4387 1.
1784 4331 1847 4388 Cor.
1863 4335 1906 4390 12.

215 4414 302 4480 falsa,
325 4423 357 4470 ut
379 4420 529 4470 caveantur
548 4414 628 4470 mala
664 4413 724 4470 Nec
747 4413 866 4479 veritas,
890 4431 942 4469 nec
959 4415 1048 4485 pietas
1074 4417 1127 4471 ssd
1140 4416 1212 4484 justi
1231 4417 1361 4480 defuncti
1378 4424 1441 4469 sunt
1455 4417 1577 4470 membra
1594 4417 1679 4487 liujas
1695 4423 1908 4488 eorporismam

216 4501 360 4556 mendacio
398 4503 513 4574 indiget.
572 4509 597 4559 5.
632 4501 779 4557 Pontificia
813 4501 849 4556 de
886 4501 1048 4573 purgatorio
1074 4507 1138 4556 sunt
1156 4502 1297 4557 nobiseum
1317 4502 1448 4570 eoliiqati
1465 4511 1491 4556 et
1509 4520 1569 4556 eum
1588 4506 1652 4558 Deo
1671 4500 1702 4556 in
1714 4506 1794 4573 fide,
1812 4523 1861 4575 spe
1881 4515 1907 4560 et

217 4587 344 4643 doctrina
361 4588 496 4658 peccandi
512 4588 651 4644 licentiam
669 4589 762 4660 potius
782 4587 847 4652 alit,
868 4588 934 4659 quia
953 4587 1047 4657 tradit,
1073 4591 1205 4657 caritate,
1233 4589 1320 4657 icitur
1346 4589 1466 4642 uiuentes
1488 4598 1607 4657 possunt
1630 4607 1665 4643 ae
1682 4591 1780 4644 debent
1801 4591 1907 4661 juvare

218 4691 253 4730 ex
272 4672 391 4728 flammis
412 4672 467 4729 illis
485 4692 534 4745 per
553 4674 669 4729 aliorum
687 4673 830 4746 suffragia,
849 4691 921 4747 quae
934 4674 1046 4729 ditiores
1073 4679 1220 4741 defundes
1237 4683 1267 4729 at
1288 4676 1411 4729 membra
1440 4677 1564 4746 ejsudem
1583 4677 1716 4746 eorporis.
1752 4677 1908 4732 Praeterea

219 4756 295 4816 sacili
313 4760 424 4832 negotio
443 4761 497 4814 sibi
523 4776 684 4832 comparare
700 4767 831 4832 possunt,
856 4760 1047 4817 liberationem
1074 4764 1207 4828 Christus,
1220 4763 1270 4832 qui
1283 4771 1367 4832 capnt
1382 4770 1430 4831 est,
1446 4757 1559 4833 prifuit
1569 4764 1663 4817 vivens
1674 4764 1704 4817 in
1718 4766 1801 4818 terrie
1816 4766 1906 4820 niuen-

216 4846 384 4918 coutingere.
408 4845 582 4901 Lambardus
600 4853 624 4903 4.
642 4851 759 4901 renunt.
780 4846 842 4901 dist,
858 4853 900 4903 15.
920 4847 990 4904 liter.
1010 4845 1045 4904 D.
1071 4851 1155 4921 tibus,
1174 4858 1298 4904 mortuus
1315 4851 1444 4919 mortuis,
1467 4850 1562 4906 nivens
1588 4852 1704 4907 mortuis
1729 4859 1755 4905 et
1781 4860 1906 4907 mortuus

215 4932 347 5004 disputat,
377 4932 408 4986 in
441 4938 611 5005 purqatorio
647 4933 808 4988 celeriorem
845 4933 1045 4989 absolutionem
1070 4936 1231 4991 uiuentibus.
1272 4937 1353 5007 Erqo
1373 4938 1458 4991 etiam
1478 4940 1571 5008 decu,
1596 4945 1627 4992 ut
1642 4939 1767 4992 membra
1785 4939 1859 4993 inter
1876 4957 1906 4993 se

215 5021 374 5090 eontinqera
394 5019 477 5074 diuiti
490 5037 572 5090 mam
589 5022 722 5092 pauperi,
741 5021 805 5075 licet
818 5038 873 5075 non
882 5022 1044 5091 pleniorem.
1056 5001 1059 5069 i
1070 5025 1112 5077 ita
1131 5030 1233 5093 aqant,
1251 5031 1281 5075 ut
1292 5023 1369 5093 justi
1384 5023 1504 5078 meantes
1524 5025 1688 5093 uiuentibus,
1708 5024 1813 5078 mortui
1832 5043 1903 5078 mor·

214 5105 347 5161 Albertus
366 5106 483 5174 Magnus
503 5106 538 5161 de
556 5104 629 5160 offic.
649 5107 748 5162 musae
772 5112 851 5163 tract.
873 5113 897 5164 3.
916 5124 977 5180 cap.
999 5115 1044 5165 16:
1069 5110 1139 5178 tuis,
1165 5110 1286 5163 uiuentes
1303 5110 1420 5164 mortuis
1439 5118 1465 5164 et
1487 5110 1592 5165 mortui
1616 5111 1768 5165 uiuentibus
1784 5111 1902 5180 prosim.

75 5195 402 5264 xv11.sss.Totpossunt
430 5193 495 5259 neri
519 5193 661 5265 suffraqia
673 5211 732 5263 pro
751 5211 806 5249 uno
833 5194 945 5265 aliquo,
970 5198 1047 5267 quod
1071 5197 1201 5266 Denique
1227 5212 1260 5249 eu
1283 5203 1404 5265 quatuor
1427 5197 1559 5251 membris
1587 5196 1734 5250 divisionis
1758 5196 1816 5250 tria
1840 5206 1904 5251 sunt

213 5280 307 5334 statim
325 5281 355 5333 in
373 5285 509 5334 momenta
529 5279 673 5336 liberatur.
717 5282 757 5335 Et
779 5280 843 5336 ideo
869 5283 900 5335 in
919 5282 970 5336 hoe
984 5283 1045 5338 solo
1071 5291 1142 5338 certe
1167 5282 1326 5347 manifesta.
1368 5282 1448 5353 Erpa
1471 5290 1497 5338 et
1523 5289 1652 5358 quartum
1679 5283 1759 5337 debet
1801 5283 1903 5338 habere

214 5383 283 5420 casu
301 5365 458 5421 meliorest
478 5365 976 5440 conditiodivitisquampanperis,
996 5370 1048 5440 qui
1071 5371 1170 5426 locum.
1205 5371 1280 5425 Nam
1303 5370 1380 5438 quod
1398 5371 1517 5424 uiuentes
1536 5370 1673 5439 juventur
1696 5388 1716 5423 a
1742 5371 1903 5437 viventibus,

213 5452 303 5522 habet,
319 5454 393 5507 unde
405 5453 547 5530 suffraqia
558 5453 628 5521 fiant
640 5468 698 5523 pro
715 5453 786 5530 ipso,
807 5456 881 5513 unde
901 5454 984 5513 Pror.
1006 5461 1044 5514 13.
1069 5473 1148 5512 nemo
1168 5464 1267 5527 neam,
1294 5472 1355 5512 eum
1372 5456 1516 5510 uideamus
1535 5456 1645 5524 docui,
1675 5457 1794 5527 instrui,
1815 5457 1904 5528 pasci
