4104 6014
227 209 284 266 ist
816 193 940 250 LOCUS
959 192 1163 251 VICESIMUS
1183 191 1329 250 SEXTUS

226 352 411 406 Bellarminus
439 350 532 414 addit,
554 349 680 416 animas,
706 365 778 417 quere
806 351 847 400 ad
863 347 1056 416 purpatorium
1088 365 1112 401 v.
1136 347 1336 403 imperitatum
1357 364 1374 401 a
1400 347 1516 402 mortuis
1535 364 1682 418 quaerere,
1708 364 1741 402 ae
1762 335 1926 417 chrysosto-

225 440 417 505 deducuntar‚
448 436 577 490 reuocari
599 452 682 502 posse
712 437 753 487 ad
778 434 920 502 quodlibet
943 434 1060 485 istarum
1087 449 1147 486 mus
1172 432 1243 486 hom.
1264 438 1305 487 29.
1332 432 1358 486 in
1378 433 1476 488 Matth.
1509 440 1583 488 recte
1603 434 1700 502 docet,
1730 432 1923 504 apparitiones

227 526 361 586 duarum,
390 539 461 591 qreac
496 520 719 589 Theophplactus
744 521 835 588 ponit.
885 521 961 572 Nam
993 517 1059 586 quin
1087 517 1147 569 illas
1165 535 1225 572 esse
1254 519 1412 572 diabolicas
1441 519 1601 586 illusiones,
1632 535 1687 589 qua
1720 519 1755 573 de
1782 518 1859 573 rein
1880 533 1924 570 se·

220 610 317 677 jrestae
336 616 414 674 seint,
436 615 509 660 recte
528 613 650 674 poemeni
669 607 727 658 dici
749 622 807 658 esse
833 605 863 657 ia
890 622 975 656 manu
994 603 1060 668 Dei,
1087 604 1237 672 questibus
1255 605 1335 673 plura
1353 604 1488 660 dicentur.
1520 608 1544 659 9.
1559 606 1678 658 Animas
1694 605 1861 672 purpurarii
1872 620 1924 656 nec

225 695 363 747 lieetaan
381 694 484 746 sintin
503 709 589 760 repas
609 693 679 752 Dei,
710 699 735 743 et
763 691 894 743 similiter
919 690 980 743 dici
992 706 1058 757 pos·
1087 705 1145 742 esse
1163 690 1193 740 in
1211 691 1266 757 ria,
1287 706 1335 742 uec
1355 689 1385 741 ia
1406 691 1530 743 termino.
1572 689 1757 743 Bellarminus
1775 689 1823 744 lib.
1845 695 1867 744 1.
1887 688 1924 743 de

224 788 289 833 suat
308 796 366 833 esse
385 780 414 832 in
431 780 554 846 inferno,
575 778 642 848 quia
657 778 856 846 purpatorium
875 784 916 828 est
933 775 1058 844 partia·
1086 780 1194 844 purgat.
1213 791 1236 830 c.
1261 781 1299 829 14.
1334 775 1374 828 At
1386 782 1525 845 repugnat
1543 775 1594 829 hoc
1615 775 1665 841 ipsi
1684 792 1774 830 rerum
1794 782 1922 842 naturae,

224 868 310 931 ferai,
328 867 371 918 ml
389 873 462 918 certe
482 864 686 918 lacusvicinas.
723 862 785 917 Hoc
803 879 867 915 vero
887 867 930 915 est
947 859 1058 925 exiliis,
1087 859 1204 928 quilibet
1224 861 1294 914 enim
1315 866 1357 913 est
1373 862 1467 913 uiator
1494 861 1538 915 vel
1567 861 1795 929 comprehensor,
1823 860 1924 915 dicunt

226 968 297 1021 quac
327 949 553 1019 Theophylactus
584 964 634 1017 pro
666 947 799 1016 oppositis
837 945 936 1014 habet,
968 945 1058 999 iacere
1086 943 1264 1009 scholastici,
1281 947 1355 1001 unde
1376 947 1436 1016 ipse
1457 946 1642 1000 Bellarminus
1661 945 1828 1001 casuarium
1847 962 1922 1000 asse·

84 1041 151 1083 XVII·
166 1038 212 1081 ‘25⁷-
226 1035 406 1090 subordinate
432 1035 582 1088 stenelum
602 1039 707 1099 terrae,
737 1033 792 1085 imo
810 1031 919 1086 inferno
934 1031 1056 1083 miscere.
1084 1031 1120 1084 rit
1138 1030 1186 1087 lib.
1207 1037 1231 1085 2.
1249 1032 1284 1085 dc
1304 1038 1413 1102 purgat.
1433 1048 1492 1100 cap,
1514 1037 1535 1086 3.
1555 1049 1625 1102 resp.
1642 1031 1679 1084 ad
1700 1038 1727 1088 1:
1755 1033 1839 1100 Dico,
1859 1034 1922 1085 ani-

225 1119 268 1173 De
289 1121 428 1189 justorum
453 1119 611 1180 animabus,
644 1132 716 1187 quae
743 1123 808 1170 sunt
835 1117 863 1169 in
888 1132 971 1169 manu
995 1116 1056 1171 Dei.
1084 1135 1145 1168 mas
1171 1119 1334 1185 pur-paterii
1358 1136 1411 1169 non
1437 1134 1495 1170 esse
1519 1118 1548 1169 in
1573 1118 1635 1189 via,
1666 1119 1716 1170 sed
1742 1119 1772 1170 in
1791 1118 1920 1186 termina,

225 1204 295 1259 liber
315 1205 473 1274 Sapientiae
492 1211 623 1272 testatur,
643 1205 721 1272 quod
740 1221 795 1256 uon
814 1209 912 1269 tenuat
931 1219 979 1254 eas
1000 1208 1056 1255 tor·
1085 1211 1217 1271 astantum
1229 1205 1270 1254 ael
1281 1203 1393 1271 pratiae
1406 1212 1589 1269 assumentum.
1622 1207 1664 1254 10.
1675 1203 1795 1256 Animas
1809 1220 1921 1272 parpa-

224 1299 352 1345 mcutum.
397 1292 435 1343 At
453 1288 559 1343 animas
583 1290 611 1342 in
636 1288 798 1358 purgatorio
817 1292 974 1342 aestuantes
996 1290 1057 1338 tan·
1084 1288 1153 1340 lorii
1197 1306 1247 1341 aec
1283 1290 1323 1339 ael
1366 1289 1533 1340 militantem
1574 1288 1719 1341 ecelesiam
1755 1289 1785 1341 ia
1828 1289 1922 1352 terris,

224 1381 296 1446 gunt
323 1381 460 1430 tormenta
486 1375 650 1446 gravissima
682 1373 718 1426 ab
749 1371 930 1427 infernalibus
962 1371 1057 1442 poenis
1085 1389 1134 1425 nec
1164 1375 1205 1426 ad
1235 1374 1449 1441 triumphantem
1477 1373 1506 1424 in
1533 1375 1633 1436 caelu,
1664 1376 1717 1427 sed
1746 1375 1921 1427 laborantem

224 1459 284 1515 sola
311 1461 455 1515 duratione
484 1461 653 1527 differentis,
687 1459 825 1530 quomodo
854 1457 940 1528 igitur
964 1455 1058 1527 phrasi
1084 1459 1166 1522 infra
1179 1467 1283 1510 terram
1294 1460 1446 1527 pertinere,
1464 1476 1525 1513 cum
1539 1459 1622 1528 hujus
1634 1459 1731 1514 tertias
1743 1460 1830 1528 partis
1843 1457 1922 1513 nulla

224 1545 384 1616 Scripturas
415 1553 531 1616 possunt
562 1546 616 1599 dici
649 1546 679 1598 ia
707 1563 792 1597 manu
816 1545 875 1597 Dei
882 1546 895 1595 t
941 1542 1057 1605 Quando
1084 1541 1133 1596 fiat
1152 1542 1179 1595 ia
1199 1543 1348 1612 scripturis
1364 1544 1474 1599 mentio.

223 1631 334 1685 tandem
376 1631 439 1685 finis
483 1632 534 1686 crit
578 1631 786 1701 nugatorierum
835 1628 1026 1697 exceptionum
1034 1626 1079 1695 'li
1122 1633 1180 1685 221.
1224 1635 1247 1683 7.
1280 1628 1476 1699 Purgatorium
1508 1636 1551 1684 est
1581 1631 1739 1699 fipaieatum
1768 1629 1919 1696 ‘ethnicum
1932 1643 2049 1692 rausg-

226 1715 441 1785 01ympiodorus
461 1716 490 1770 in
515 1733 574 1786 cap.
599 1722 638 1771 rt.
657 1715 856 1770 Ecclesiastae:
882 1715 918 1766 In
938 1731 1056 1782 quocun·
1084 1713 1239 1766 Judaiaam
1256 1723 1282 1767 ct
1302 1715 1460 1769 turcicum.
1506 1721 1527 1769 1.
1547 1714 1628 1779 Quod
1653 1715 1691 1768 sit
1714 1714 1851 1768 ethnicum
1870 1715 1919 1770 do·
1933 1700 2049 1786 ξ’,ζζῖζῗω

225 1792 280 1871 qui
299 1802 361 1856 laco
379 1819 428 1871 scu
446 1803 561 1868 illustri,
581 1818 629 1854 seu
647 1802 803 1865 tenebroso,
824 1802 875 1854 hoc
891 1807 932 1853 est
951 1801 1008 1853 siue
1028 1800 1057 1851 in
1086 1816 1159 1870 gnra,
1180 1805 1258 1868 patet
1276 1805 1335 1853 tum
1354 1817 1386 1851 ec
1403 1801 1528 1865 eiusdem
1549 1801 1671 1866 ari'piue,
1689 1808 1749 1855 tum
1768 1817 1801 1854 ex
1819 1800 1919 1854 Ponti·
1932 1798 2049 1888 {gffffigfl

224 1889 302 1956 turpi
323 1888 459 1941 scelerum
480 1893 613 1952 statione,
640 1887 697 1939 siue
720 1888 750 1940 in
767 1888 899 1939 uirtutum
917 1886 1058 1939 honestata
1084 1887 1211 1946 fitiorum
1236 1886 1415 1954 confessione.
1457 1884 1543 1954 Origo
1568 1885 1722 1954 purgatorii
1748 1903 1804 1939 nou
1826 1889 1994 1955 potestaun.

225 1973 452 2040 deprehendatur
470 1973 558 2039 homo,
578 1990 639 2025 cnm
656 1974 789 2038 moritur,
806 1973 837 2024 in
856 1973 999 2039 capraria
1017 1978 1057 2023 at·
1087 1970 1231 2024 monstrari
1256 1970 1412 2038 inscriptis
1431 1970 1618 2040 propheticis,
1642 1971 1691 2024 sed
1711 1971 1739 2024 iu
1758 1970 1835 2024 libris
1853 1973 1920 2041 poi-

224 2074 276 2125 ραι
300 2059 401 2110 ordine
423 2064 571 2125 permanet
597 2058 627 2109 in
653 2065 804 2112 aeternam.
849 2059 925 2110 Nam
948 2056 992 2107 uel
1016 2073 1057 2107 re·
1085 2063 1175 2109 tarum
1193 2071 1225 2108 ac
1247 2055 1472 2125 philosophorum
1493 2055 1647 2123 gentilium.
1691 2055 1811 2126 Algaael
1827 2057 1920 2126 philo·
2012 2101 2017 2109 .

224 2143 339 2210 qreiescit
362 2143 391 2194 in
410 2143 514 2195 lumina
525 2141 681 2207 felicitatis
702 2150 834 2195 aeternae
853 2159 915 2195 carn
927 2142 1014 2209 jenua
1033 2150 1058 2194 et
1086 2138 1920 2210 sophusArabsl.2.philosophiaet1·act.5.c.5.pur9atorinm

225 2227 335 2281 Christo
355 2228 494 2295 Domino,
515 2228 559 2281 rel
577 2228 607 2280 ia
625 2227 744 2280 tenebris
766 2229 909 2281 cruciatur
928 2245 988 2280 cam
1005 2227 1058 2279 iai·
1085 2226 1190 2282 statuit.
1220 2225 1357 2280 Homerus
1369 2226 1462 2294 odyss.
1478 2232 1517 2280 ll.
1533 2244 1557 2278 v.
1572 2233 1629 2278 sti.
1644 2233 1672 2280 et
1684 2231 1742 2282 542.
1757 2227 1793 2281 de
1808 2226 1918 2298 Ulyssis

224 2315 288 2383 qais
307 2321 331 2366 et
349 2314 479 2382 principe
502 2314 587 2381 hujm
605 2314 704 2366 maadi
720 2313 841 2365 diabolo.
881 2312 1059 2366 Bernhardus
1086 2310 1122 2363 ad
1147 2310 1249 2364 inferos
1273 2311 1406 2364 descensu
1431 2317 1459 2364 et
1489 2311 1641 2363 animarum
1669 2311 1836 2366 allocutione
1863 2312 1920 2367 fide

224 2397 253 2452 iu
272 2406 342 2453 sent.
361 2416 429 2451 mor.
449 2414 510 2467 cap.
525 2404 555 2453 9:
576 2400 646 2451 Tria
666 2407 731 2451 sunt
749 2399 821 2464 loca,
840 2398 955 2467 eoelum,
973 2407 1060 2466 terra,
1086 2395 1196 2465 politica
1214 2396 1303 2449 multa
1322 2397 1444 2463 disserit,
1468 2398 1535 2467 quin
1558 2405 1585 2449 et
1604 2397 1770 2452 mentionem
1788 2397 1857 2453 facit
1876 2415 1919 2452 sa·

224 2485 369 2551 infernus,
415 2492 440 2536 ct
482 2485 583 2536 habeat
625 2484 739 2550 sinpula
782 2484 951 2537 habitatores
986 2501 1059 2548 suos,
1087 2480 1249 2535 crificiorum
1270 2499 1320 2552 pro
1339 2482 1454 2535 mortuis
1477 2489 1506 2536 et
1531 2482 1677 2536 fluviorum
1696 2483 1871 2537 infernalium
1892 2491 1921 2539 et
1935 2496 2049 2539 xviia&

225 2570 331 2623 caelum
355 2569 430 2621 solos
455 2569 554 2636 bonos,
584 2577 663 2622 terra
685 2570 799 2634 miatm,
830 2570 962 2633 infernus
984 2569 1060 2622 salos
1083 2567 1266 2637 judiciorum,
1291 2567 1359 2620 alias
1381 2568 1500 2638 denique
1518 2569 1625 2622 animas
1641 2569 1777 2638 supplicio
1794 2569 1919 2640 affectas,

226 2656 326 2708 malos.
1087 2652 1155 2706 alias
1185 2659 1287 2707 temere
1313 2671 1363 2723 per
1390 2653 1528 2707 infernum
1553 2653 1713 2708 oberrantes
1737 2671 1769 2708 ac
1796 2655 1921 2710 dolentes

97 2749 120 2810 ⁶2
131 2748 207 2812 itt-¹⁸
262 2746 320 2796 220.
359 2746 383 2795 6.
404 2739 599 2811 Purgatorium
624 2741 714 2804 fulcis
739 2741 839 2793 nititur
856 2741 1060 2809 hypothesibus,
1087 2739 1249 2792 introducit:

97 2807 212 2901 iiiiii&
227 2825 316 2897 iisque
336 2826 533 2896 compluribus,
552 2831 648 2896 utpote
667 2831 690 2879 1.
710 2842 766 2879 csse
787 2829 927 2894 quaedam
943 2835 1060 2895 peceato
1157 2826 1186 2903 ui
1203 2822 1227 2876 δ’
1249 2821 1330 2877 illm
1355 2828 1441 2893 ψυχαὶ
1462 2823 1568 2877 νεκύων
1586 2825 1817 2892 κατατεθνηώτων

99 2907 169 2944 ⁸⁵⁵⁰*
227 2930 280 2966 sua
310 2921 414 2965 natrrra
445 2913 576 2965 venialia.
626 2912 802 2967 Contrarium
836 2912 1006 2967 ostendimus
1032 2912 1060 2965 in
1156 2909 1275 2963 isiacae
1295 2909 1454 2982 ἀχνύμεναι,
1473 2915 1579 2977 εἴροντο
1599 2912 1627 2962 di
1649 2909 1718 2977 uidi
1742 2910 1848 2977 ἑκάστη.

227 3004 307 3053 tract.
327 3001 361 3053 dc
378 3015 457 3069 pecc.
480 2999 580 3055 actual.
600 2995 627 3072 ξ
649 3005 689 3056 92.
734 3003 757 3052 2.
777 2999 837 3051 Pro
860 3001 986 3066 peccatis
1001 2998 1061 3051 illis
1088 2994 1202 3050 Homeri
1222 2995 1347 3065 vestigiis
1366 2996 1469 3048 insistit
1490 2995 1570 3049 Pluto
1591 2995 1619 3048 in
1637 2995 1786 3051 Phaedone
1806 3003 1834 3051 et
1853 2996 1923 3052 Gor-

226 3084 333 3138 homini
359 3087 512 3152 poenitenti
535 3086 646 3153 e'psimet
671 3085 906 3148 satisfaciendum
932 3101 1005 3151 esse,
1035 3087 1061 3136 si
1088 3083 1142 3152 gia,
1164 3080 1211 3134 ubi
1232 3082 1363 3150 disputat,
1380 3083 1490 3133 animas
1504 3084 1720 3150 purpuratorum
1739 3100 1757 3134 a
1779 3084 1923 3136 daenroai-

226 3189 280 3223 aaa
301 3171 329 3222 in
349 3172 402 3222 liae
419 3173 491 3237 cita,
521 3179 614 3222 tamea
634 3179 700 3239 post
725 3171 797 3222 hauc
814 3172 909 3223 uitam.
944 3168 1059 3224 Contra·
1088 3170 1138 3219 bas
1156 3167 1185 3219 in
1203 3167 1269 3219 laea
1288 3185 1341 3219 sua
1361 3168 1479 3231 eleserri.
1497 3167 1690 3234 parpariecs,
1710 3168 1923 3236 quintavallis

226 3257 296 3309 rium
314 3256 491 3325 probavimus
510 3257 538 3309 in
557 3263 637 3309 tract.
656 3256 692 3309 de
710 3255 813 3325 poenit.
833 3250 861 3327 ξ.
877 3260 932 3309 itt.
963 3256 1060 3307 Ma-
1088 3253 1161 3319 lani,
1181 3270 1230 3305 nee
1251 3253 1333 3305 ualde
1351 3252 1423 3304 mali
1441 3268 1474 3305 ac
1490 3252 1594 3307 ιῖνίαιοι
1606 3255 1735 3319 feserunt,
1754 3253 1803 3307 sed
1830 3254 1858 3306 οἳ
1877 3253 1922 3306 s:-

227 3343 313 3393 missa
333 3343 417 3408 eulpa
432 3343 524 3394 aditae
538 3356 650 3393 manere
668 3341 786 3393 detritum
805 3341 927 3392 luendae
940 3357 1059 3408 paenae.
1088 3343 1154 3399 ξανσι
1170 3343 1263 3407 μέσαις
1282 3344 1457 3406 ρκβαακίναι,
1487 3340 1537 3405 qui
1555 3341 1646 3392 mealia
1669 3342 1752 3392 mado
1773 3356 1801 3391 se
1821 3340 1921 3395 babue-

229 3425 402 3480 Contrarium
421 3427 668 3479 demonstravimus
687 3432 766 3480 tract.
782 3425 817 3479 de
834 3426 936 3495 poenit.
957 3422 984 3499 ξ.
1003 3431 1060 3482 125.
1087 3433 1164 3486 ruat,
1189 3426 1238 3491 qui
1256 3443 1318 3477 cum
1339 3429 1469 3496 leeaiporr,
1492 3425 1648 3478 venialibus
1665 3425 1722 3477 sies
1740 3425 1922 3493 sanabilibus,

228 3513 253 3563 4.
272 3512 496 3580 Applicatiouem
523 3513 616 3564 meriti
634 3510 740 3564 Christi
763 3513 804 3563 ad
820 3513 977 3563 tollendam
993 3527 1059 3579 poe·
1083 3513 1209 3577 peccatis
1225 3511 1356 3578 ertantur,
1374 3515 1485 3564 easdem
1501 3515 1699 3582 φλεγομένους,
1712 3511 1923 3578 flammisustu-

227 3615 294 3648 nam
314 3597 494 3663 temporalem
514 3598 580 3657 fieri
600 3613 653 3664 per
677 3615 764 3665 opera
782 3597 979 3656 satisfactoria
995 3615 1059 3664 pro·
1088 3596 1173 3662 latos,
1218 3597 1288 3648 dicit
1324 3613 1403 3664 apem
1441 3598 1587 3649 uiuentium
1625 3598 1788 3664 implorare.
1842 3596 1923 3650 Hanc

222 3682 302 3749 pria.
338 3681 512 3735 Contrarium
531 3687 648 3734 testatur
665 3682 795 3734 universa
813 3681 969 3751 Scriptura,
989 3700 1060 3753 quae
1089 3681 1214 3735 Platonis
1254 3683 1422 3735 senteutiam
1454 3682 1538 3735 latins
1575 3681 1700 3737 declarat
1737 3685 1924 3752 Hermagoras

227 3782 283 3819 nou
312 3766 364 3818 nisi
393 3767 505 3818 unicum
536 3765 729 3834 applicationis
763 3767 884 3820 medium
915 3784 947 3820 ex
981 3775 1061 3836 parte
1090 3769 1248 3822 Platonicus
1267 3767 1460 3838 philosophus,
1478 3768 1524 3837 qui
1543 3775 1575 3821 ut
1594 3776 1637 3822 est
1655 3768 1731 3838 apud
1751 3768 1923 3823 Macrobium

227 3859 322 3903 nostra
344 3851 434 3912 novit,
467 3850 597 3903 videlieet
624 3867 718 3903 veram
745 3852 773 3904 iu
802 3850 943 3904 Christum
968 3852 1059 3906 fidem.
1089 3855 1116 3907 in
1148 3853 1253 3907 somnio
1284 3853 1420 3923 Scipionis
1454 3854 1473 3906 l.
1498 3859 1520 3907 l.
1559 3854 1587 3906 in
1613 3853 1659 3908 fin.
1691 3855 1801 3916 infinita
1827 3856 1923 3908 secula

167 3980 175 3989 .
229 3941 254 3990 6.
273 3937 343 3987 Alia
362 3936 519 3986 rationein
544 3935 681 4001 baptismo
703 3952 786 4002 qream
805 3937 835 3988 in
853 3953 922 3988 uera
940 3944 965 3988 ct
986 3939 1061 3989 scria
1088 3939 1159 3990 dixit
1177 3939 1385 3991 ‹linumeraaela
1405 3955 1470 4002 esse,
1492 3940 1589 4006 peribus
1607 3948 1750 3992 sescentum
1768 3941 1878 3994 animae
1893 3941 1924 3993 ia

223 4022 397 4088 poenitentia
416 4021 521 4072 remitti
540 4028 667 4088 peccata.
711 4021 798 4089 Atqui
816 4027 849 4074 ut
865 4038 921 4075 una
940 4022 993 4075 Dei
1012 4023 1061 4074 mi·
1089 4027 1200 4076 easdem
1229 4042 1338 4093 poenas
1369 4041 1452 4090 saepe
1484 4025 1627 4077 reuolutae
1658 4042 1721 4078 sero
1746 4028 1781 4080 de
1804 4027 1924 4079 tartaris

228 4107 385 4171 sericordia,
404 4123 489 4158 unum
504 4105 605 4158 Christi
623 4106 760 4171 meritum,
778 4123 862 4159 uuum
879 4107 1061 4176 evangelium,
1088 4126 1225 4175 ernerpere
1238 4110 1448 4177 permittuntur,
1466 4112 1545 4161 etad
1562 4119 1680 4162 natiuae
1694 4129 1762 4164 serae
1770 4112 1924 4180 principia,

227 4208 285 4245 uua
318 4191 400 4257 fides,
432 4191 471 4244 ita
507 4207 617 4261 quoque
643 4207 700 4244 uua
727 4201 903 4260 peccatorum
932 4194 1060 4248 remissio.
1089 4198 1165 4262 arraei
1184 4203 1224 4247 est
1246 4194 1367 4261 arulum,
1396 4196 1506 4245 taudem
1525 4196 1676 4262 impetrata
1690 4199 1860 4266 parpau'anc
1880 4216 1924 4250 rc-

229 4280 254 4330 6.
275 4279 424 4329 Honu'nsm
446 4294 504 4329 esse
527 4279 572 4331 sui
598 4278 688 4344 ipsius
714 4281 896 4330 redemtorem
918 4297 952 4329 nc
970 4280 1060 4331 salua·
1089 4298 1186 4333 meare.
1235 4278 1337 4334 Confer
1371 4278 1522 4332 Eusebium
1551 4279 1599 4334 lib.
1631 4286 1670 4335 tt.
1702 4281 1736 4335 de
1766 4288 1923 4352 praeparat.

229 4368 323 4414 torem.
355 4363 394 4414 At
413 4363 541 4416 universa
554 4363 697 4432 Scriptura
714 4379 769 4415 non
787 4363 937 4416 nisiunum
956 4365 1061 4419 redcm·
1089 4365 1211 4435 evangel.
1238 4381 1261 4419 c.
1281 4365 1330 4418 ult.
1356 4365 1545 4436 Augustiuuin
1574 4365 1621 4420 lib.
1642 4371 1682 4421 21.
1713 4367 1748 4422 de
1777 4368 1851 4422 civit.
1871 4369 1924 4424 Dei

228 4457 316 4500 torem
348 4463 381 4500 ac
413 4447 577 4501 salvatorem
607 4448 714 4501 ratione
744 4447 834 4501 meriti
864 4454 891 4501 et
923 4449 1063 4504 efficaciae
1089 4467 1104 4504 c
1135 4457 1172 4505 13.
1191 4458 1220 4504 et
1237 4449 1425 4504 Chemnicium
1454 4459 1523 4520 part.
1542 4458 1566 4505 3.
1593 4466 1679 4506 exam.
1705 4451 1741 4505 de
1765 4461 1875 4523 purgat.
1900 4473 1922 4510 e.

230 4533 324 4598 norit,
343 4531 483 4585 Christum
503 4533 609 4585 scilicet
627 4532 775 4586 Dominum
794 4539 926 4586 nostrum.
967 4538 987 4587 7.
1007 4537 1062 4588 Aa·
1090 4536 1213 4590 Historia
1233 4536 1268 4590 de
1289 4536 1395 4606 origine
1411 4536 1578 4606 purgatorii,
1598 4537 1646 4591 ubi
1666 4538 1858 4593 dePlatouico
1876 4540 1924 4593 illo

232 4620 413 4687 captationem
431 4635 538 4685 poenae
562 4637 580 4671 a
606 4620 669 4671 Deo
688 4619 824 4694 indictae,
851 4637 911 4671 enm
938 4637 971 4673 aa
989 4620 1249 4691 cari-'purgatorio
1268 4621 1351 4674 latius
1380 4622 1529 4676 disseritur.
1574 4622 1601 4675 Α
1629 4620 1750 4675 Graecis
1771 4626 1924 4695 purgatorii

232 4713 288 4758 tate
303 4704 443 4770 procedit,
463 4720 522 4755 esse
538 4704 687 4757 virtualem
706 4705 849 4771 qrmndarn
861 4707 1062 4772 paenitentiam
1090 4707 1191 4778 dogma
1216 4715 1400 4778 propagatum
1429 4707 1483 4760 fuit
1509 4706 1545 4760 ad
1564 4708 1719 4773 liemarus,
1746 4711 1792 4779 qui
1822 4715 1851 4764 et
1870 4709 1924 4779 ipsi

231 4797 258 4842 et
272 4789 385 4858 peccati
409 4789 610 4842 remissorium.
659 4790 700 4842 At
725 4806 780 4841 uon
807 4788 979 4855 humiliatio,
1007 4811 1061 4847 uon
1089 4792 1171 4847 talem
1187 4799 1364 4862 peccatorum
1379 4791 1561 4861 quorumdam
1575 4801 1765 4863 postmortem
1785 4794 1923 4869 κάθαρσιν

230 4874 378 4944 patientia,
396 4889 468 4945 quac
487 4879 529 4925 est
549 4873 596 4926 illa
613 4874 769 4943 acceptatio
787 4891 908 4944 poenae,
927 4877 975 4928 scd
993 4852 1272 4932 fidesiercdiderunt.
1327 4876 1425 4930 Cicero
1463 4877 1491 4929 in
1529 4896 1614 4932 somn.
1645 4879 1778 4949 Scipion:
1814 4883 1922 4934 Eurum

229 4962 258 5015 iu
278 4960 418 5014 Christum
444 4965 487 5014 est
512 4959 581 5012 illud
608 4960 744 5028 medium,
774 4977 824 5030 per
855 4962 930 5030 quod
949 4962 978 5015 in
997 4980 1063 5018 vera
1089 4964 1191 5028 artinri,
1221 4964 1270 5032 qui
1301 4980 1331 5015 se
1362 4964 1490 5032 corporis
1525 4965 1714 5033 voluptatibus
1750 4968 1921 5020 dediderunt

228 5047 400 5118 poenitentia
434 5052 610 5111 peccatorum
646 5047 771 5124 remissio
804 5046 883 5101 nobis
913 5049 1061 5104 confertur.
1089 5066 1238 5118 cumamque
1262 5066 1292 5101 se
1310 5049 1393 5116 artari
1413 5049 1555 5102 ministros
1571 5052 1763 5118 praebuerant
1785 5054 1921 5120 impulsu·

229 5138 252 5187 8.
275 5134 400 5201 Spiritus
419 5134 501 5202 illos,
526 5133 576 5200 qut
597 5149 626 5186 se
651 5136 681 5186 in
697 5135 867 5204 purpatario
886 5151 944 5189 esse
961 5154 1061 5189 renun-
1087 5152 1140 5204 que
1164 5135 1314 5187 libidinum
1335 5134 1523 5202 valrrptatihas
1542 5136 1730 5189 obedientium
1747 5138 1875 5190 Deorum
1895 5147 1920 5190 et

228 5220 300 5272 tiant
318 5227 399 5287 atque
425 5234 505 5288 opem
529 5235 548 5271 a
575 5219 645 5271 vivis
666 5220 834 5287 implorant,
870 5238 928 5274 esse
951 5223 1061 5276 animas
1087 5223 1226 5273 homimem
1249 5222 1321 5289 jura
1347 5219 1501 5288 uiolauere,
1527 5223 1692 5290 corporibus
1723 5223 1816 5292 elapsi
1843 5225 1920 5277 cirea

187 5348 193 5357 .
230 5307 427 5367 defrenatorum
446 5313 472 5358 et
491 5306 616 5375 ipsorum
627 5305 762 5358 relationi
779 5308 863 5370 fidem
884 5324 943 5361 esse
961 5308 1061 5361 hahen-
1086 5316 1192 5360 terram
1212 5308 1302 5375 ipsam
1328 5305 1503 5375 volutantur,
1528 5323 1578 5359 erec
1601 5308 1630 5359 in
1655 5309 1726 5361 leuna
1750 5309 1840 5363 lactem
1863 5311 1922 5362 nisi

231 5394 306 5455 dam.
347 5391 452 5447 Contra
469 5407 534 5448 reso
552 5389 629 5448 Dens
656 5391 778 5464 greum
799 5391 928 5464 prohihet
950 5392 1015 5451 Esa.
1036 5352 1586 5463 tiimultisapitatisecnlebreuertuntur.
1604 5392 1922 5465 Virgiliusthlteneid,
