<?xml version="1.0" encoding="UTF-8"?>
<!DOCTYPE html PUBLIC "-//W3C//DTD XHTML 1.0 Transitional//EN"
    "http://www.w3.org/TR/xhtml1/DTD/xhtml1-transitional.dtd">
<html xmlns="http://www.w3.org/1999/xhtml" xml:lang="en" lang="en">
 <head>
  <title>
</title>
<meta http-equiv="Content-Type" content="text/html;charset=utf-8" />
  <meta name='ocr-system' content='tesseract 3.04.00' />
  <meta name='ocr-capabilities' content='ocr_page ocr_carea ocr_par ocr_line ocrx_word'/>
</head>
<body>
  <div class='ocr_page' id='page_1' title='image "./locitheologicit00gerhgoog/locitheologicit00gerhgoog_0289.png"; bbox 0 0 4104 6014; ppageno 0'>
   <div class='ocr_carea' id='block_1_1' title="bbox 237 224 1343 322">
    <p class='ocr_par' dir='ltr' id='par_1_1' title="bbox 237 224 1343 322">
     <span class='ocr_line' id='line_1_1' title="bbox 237 224 1343 322; baseline -0.007 -26"><span class='ocrx_word' id='word_1_1' title='bbox 237 237 299 298; x_wconf 79' lang='lat'>278</span> <span class='ocrx_word' id='word_1_2' title='bbox 776 224 779 232; x_wconf 73' lang='grc'><strong>’</strong></span> <span class='ocrx_word' id='word_1_3' title='bbox 829 224 952 286; x_wconf 81' lang='lat' dir='ltr'>LOCUS</span> <span class='ocrx_word' id='word_1_4' title='bbox 969 225 1175 322; x_wconf 70' lang='lat' dir='ltr'>ricuardus</span> <span class='ocrx_word' id='word_1_5' title='bbox 1195 226 1343 288; x_wconf 82' lang='lat' dir='ltr'>SEXTUS</span> 
     </span>
    </p>
   </div>
   <div class='ocr_carea' id='block_1_2' title="bbox 107 379 2015 3462">
    <p class='ocr_par' dir='ltr' id='par_1_2' title="bbox 107 379 2015 3462">
     <span class='ocr_line' id='line_1_2' title="bbox 237 379 1936 455; baseline -0.001 -16"><span class='ocrx_word' id='word_1_6' title='bbox 237 386 416 440; x_wconf 86' lang='lat' dir='ltr'>ostendimus.</span> <span class='ocrx_word' id='word_1_7' title='bbox 470 383 590 438; x_wconf 72' lang='lat' dir='ltr'>Basilius</span> <span class='ocrx_word' id='word_1_8' title='bbox 632 382 681 438; x_wconf 92' lang='lat' dir='ltr'>lib.</span> <span class='ocrx_word' id='word_1_9' title='bbox 719 384 754 438; x_wconf 88' lang='lat' dir='ltr'>de</span> <span class='ocrx_word' id='word_1_10' title='bbox 799 381 826 437; x_wconf 86' lang='lat' dir='ltr'>S.</span> <span class='ocrx_word' id='word_1_11' title='bbox 858 382 886 439; x_wconf 88' lang='lat' dir='ltr'>S.</span> <span class='ocrx_word' id='word_1_12' title='bbox 924 399 985 453; x_wconf 86' lang='lat' dir='ltr'>esp.</span> <span class='ocrx_word' id='word_1_13' title='bbox 1035 386 1075 437; x_wconf 84' lang='lat' dir='ltr'>tt.</span> <span class='ocrx_word' id='word_1_14' title='bbox 1105 387 1149 447; x_wconf 76' lang='lat' dir='ltr'>sle,</span> <span class='ocrx_word' id='word_1_15' title='bbox 1169 392 1212 439; x_wconf 88' lang='lat' dir='ltr'>eat</span> <span class='ocrx_word' id='word_1_16' title='bbox 1229 385 1302 439; x_wconf 90' lang='lat' dir='ltr'>euim</span> <span class='ocrx_word' id='word_1_17' title='bbox 1320 384 1435 438; x_wconf 84' lang='lat' dir='ltr'>dilectio</span> <span class='ocrx_word' id='word_1_18' title='bbox 1451 402 1520 455; x_wconf 80' lang='lat' dir='ltr'>erpo</span> <span class='ocrx_word' id='word_1_19' title='bbox 1534 393 1653 442; x_wconf 84' lang='lat' dir='ltr'>sanctes.</span> <span class='ocrx_word' id='word_1_20' title='bbox 1688 379 1936 450; x_wconf 54' lang='lat' dir='ltr'>“Quaesitum</span> 
     </span>
     <span class='ocr_line' id='line_1_3' title="bbox 238 466 1939 543; baseline -0.001 -17"><span class='ocrx_word' id='word_1_21' title='bbox 238 471 417 526; x_wconf 71' lang='lat' dir='ltr'><em>Consuetudo</em></span> <span class='ocrx_word' id='word_1_22' title='bbox 440 471 607 538; x_wconf 80' lang='lat' dir='ltr'>Scripturas</span> <span class='ocrx_word' id='word_1_23' title='bbox 626 469 737 537; x_wconf 77' lang='lat' dir='ltr'>bloysis</span> <span class='ocrx_word' id='word_1_24' title='bbox 754 469 864 523; x_wconf 85' lang='lat' dir='ltr'>nomine</span> <span class='ocrx_word' id='word_1_25' title='bbox 883 471 967 522; x_wconf 87' lang='lat' dir='ltr'>etiam</span> <span class='ocrx_word' id='word_1_26' title='bbox 988 466 1076 537; x_wconf 81' lang='lat' dir='ltr'>sipni-</span> <span class='ocrx_word' id='word_1_27' title='bbox 1103 470 1138 522; x_wconf 90' lang='lat' dir='ltr'>ad</span> <span class='ocrx_word' id='word_1_28' title='bbox 1158 471 1232 540; x_wconf 87' lang='lat' dir='ltr'>ipsos</span> <span class='ocrx_word' id='word_1_29' title='bbox 1251 480 1363 523; x_wconf 86' lang='lat' dir='ltr'>sanctos</span> <span class='ocrx_word' id='word_1_30' title='bbox 1384 471 1504 540; x_wconf 87' lang='lat' dir='ltr'>referas,</span> <span class='ocrx_word' id='word_1_31' title='bbox 1527 488 1702 543; x_wconf 81' lang='lat' dir='ltr'><strong>nequaquam</strong></span> <span class='ocrx_word' id='word_1_32' title='bbox 1723 471 1841 541; x_wconf 75' lang='lat' dir='ltr'>intelligi</span> <span class='ocrx_word' id='word_1_33' title='bbox 1860 487 1939 540; x_wconf 89' lang='lat' dir='ltr'>opor·</span> 
     </span>
     <span class='ocr_line' id='line_1_4' title="bbox 237 555 1941 627; baseline -0.001 -16"><span class='ocrx_word' id='word_1_34' title='bbox 237 559 324 622; x_wconf 82' lang='lat' dir='ltr'>ficare</span> <span class='ocrx_word' id='word_1_35' title='bbox 343 558 445 624; x_wconf 78' lang='lat' dir='ltr'>lepsm,</span> <span class='ocrx_word' id='word_1_36' title='bbox 464 556 539 608; x_wconf 82' lang='lat' dir='ltr'>uelut</span> <span class='ocrx_word' id='word_1_37' title='bbox 557 556 630 624; x_wconf 80' lang='lat' dir='ltr'>illie,</span> <span class='ocrx_word' id='word_1_38' title='bbox 651 556 753 609; x_wconf 90' lang='lat' dir='ltr'>habent</span> <span class='ocrx_word' id='word_1_39' title='bbox 772 555 892 623; x_wconf 76' lang='lat' dir='ltr'>Moysen</span> <span class='ocrx_word' id='word_1_40' title='bbox 912 563 938 608; x_wconf 93' lang='lat' dir='ltr'>et</span> <span class='ocrx_word' id='word_1_41' title='bbox 954 555 1075 623; x_wconf 83' lang='lat' dir='ltr'>prophe·</span> <span class='ocrx_word' id='word_1_42' title='bbox 1102 560 1142 608; x_wconf 87' lang='lat' dir='ltr'>tet</span> <span class='ocrx_word' id='word_1_43' title='bbox 1169 555 1251 610; x_wconf 83' lang='lat' dir='ltr'>tidem</span> <span class='ocrx_word' id='word_1_44' title='bbox 1280 557 1385 627; x_wconf 87' lang='lat' dir='ltr'>primae</span> <span class='ocrx_word' id='word_1_45' title='bbox 1423 558 1472 612; x_wconf 89' lang='lat' dir='ltr'>sed</span> <span class='ocrx_word' id='word_1_46' title='bbox 1498 558 1637 613; x_wconf 87' lang='lat' dir='ltr'>secundae</span> <span class='ocrx_word' id='word_1_47' title='bbox 1667 557 1778 612; x_wconf 88' lang='lat' dir='ltr'>tabulae</span> <span class='ocrx_word' id='word_1_48' title='bbox 1804 555 1941 627; x_wconf 77' lang='lat' dir='ltr'>decalogi,</span> 
     </span>
     <span class='ocr_line' id='line_1_5' title="bbox 236 640 1940 713; baseline 0 -18"><span class='ocrx_word' id='word_1_49' title='bbox 236 650 288 699; x_wconf 88' lang='lat' dir='ltr'>tes.</span> <span class='ocrx_word' id='word_1_50' title='bbox 332 641 451 711; x_wconf 86' lang='lat' dir='ltr'>Cyrillus</span> <span class='ocrx_word' id='word_1_51' title='bbox 478 640 614 696; x_wconf 80' lang='lat' dir='ltr'><strong>Alexand.</strong></span> <span class='ocrx_word' id='word_1_52' title='bbox 639 640 687 696; x_wconf 91' lang='lat' dir='ltr'>lib.</span> <span class='ocrx_word' id='word_1_53' title='bbox 714 646 738 696; x_wconf 85' lang='lat'>3.</span> <span class='ocrx_word' id='word_1_54' title='bbox 765 641 792 694; x_wconf 92' lang='lat' dir='ltr'>in</span> <span class='ocrx_word' id='word_1_55' title='bbox 811 640 875 696; x_wconf 84' lang='lat' dir='ltr'>Joh.</span> <span class='ocrx_word' id='word_1_56' title='bbox 896 657 920 698; x_wconf 86' lang='lat' dir='ltr'>c.</span> <span class='ocrx_word' id='word_1_57' title='bbox 941 644 965 696; x_wconf 83' lang='lat'>8.</span> <span class='ocrx_word' id='word_1_58' title='bbox 991 640 1074 694; x_wconf 87' lang='lat' dir='ltr'>etiam</span> <span class='ocrx_word' id='word_1_59' title='bbox 1102 658 1185 710; x_wconf 89' lang='lat' dir='ltr'>quam</span> <span class='ocrx_word' id='word_1_60' title='bbox 1215 642 1291 695; x_wconf 89' lang='lat' dir='ltr'>dicas</span> <span class='ocrx_word' id='word_1_61' title='bbox 1317 644 1401 704; x_wconf 79' lang='lat' dir='ltr'>fidem</span> <span class='ocrx_word' id='word_1_62' title='bbox 1421 644 1551 697; x_wconf 85' lang='lat' dir='ltr'>caritatis</span> <span class='ocrx_word' id='word_1_63' title='bbox 1574 661 1608 697; x_wconf 83' lang='lat' dir='ltr'>ex</span> <span class='ocrx_word' id='word_1_64' title='bbox 1630 642 1752 697; x_wconf 79' lang='lat' dir='ltr'>luthero</span> <span class='ocrx_word' id='word_1_65' title='bbox 1780 642 1808 696; x_wconf 90' lang='lat' dir='ltr'>in</span> <span class='ocrx_word' id='word_1_66' title='bbox 1836 659 1895 713; x_wconf 88' lang='lat' dir='ltr'>eap.</span> <span class='ocrx_word' id='word_1_67' title='bbox 1916 651 1940 697; x_wconf 83' lang='grc'>5.</span> 
     </span>
     <span class='ocr_line' id='line_1_6' title="bbox 237 726 1940 798; baseline -0.001 -17"><span class='ocrx_word' id='word_1_68' title='bbox 237 728 337 781; x_wconf 85' lang='lat' dir='ltr'>ceteris</span> <span class='ocrx_word' id='word_1_69' title='bbox 362 728 488 780; x_wconf 81' lang='lat' dir='ltr'>orrsnibus</span> <span class='ocrx_word' id='word_1_70' title='bbox 512 727 657 781; x_wconf 70' lang='lat' dir='ltr'>silentibus</span> <span class='ocrx_word' id='word_1_71' title='bbox 680 727 771 780; x_wconf 88' lang='lat' dir='ltr'>solum</span> <span class='ocrx_word' id='word_1_72' title='bbox 796 727 907 795; x_wconf 70' lang='lat' dir='ltr'>Moysis</span> <span class='ocrx_word' id='word_1_73' title='bbox 929 727 1017 793; x_wconf 81' lang='lat' dir='ltr'>lepem</span> <span class='ocrx_word' id='word_1_74' title='bbox 1035 727 1076 777; x_wconf 86' lang='lat' dir='ltr'>od</span> <span class='ocrx_word' id='word_1_75' title='bbox 1101 727 1137 780; x_wconf 89' lang='lat' dir='ltr'>ad</span> <span class='ocrx_word' id='word_1_76' title='bbox 1156 726 1271 782; x_wconf 85' lang='lat' dir='ltr'>Galatas</span> <span class='ocrx_word' id='word_1_77' title='bbox 1303 747 1328 798; x_wconf 89' lang='lat' dir='ltr'>p.</span> <span class='ocrx_word' id='word_1_78' title='bbox 1355 733 1415 784; x_wconf 80' lang='lat' dir='ltr'>tte.</span> <span class='ocrx_word' id='word_1_79' title='bbox 1445 729 1481 782; x_wconf 88' lang='lat' dir='ltr'>ad</span> <span class='ocrx_word' id='word_1_80' title='bbox 1509 729 1558 783; x_wconf 89' lang='lat' dir='ltr'>illa</span> <span class='ocrx_word' id='word_1_81' title='bbox 1580 729 1665 783; x_wconf 84' lang='lat' dir='ltr'>verba</span> <span class='ocrx_word' id='word_1_82' title='bbox 1690 746 1740 798; x_wconf 83' lang='lat' dir='ltr'>epe</span> <span class='ocrx_word' id='word_1_83' title='bbox 1767 731 1879 792; x_wconf 75' lang='lat' dir='ltr'>confido</span> <span class='ocrx_word' id='word_1_84' title='bbox 1904 731 1940 782; x_wconf 86' lang='lat' dir='ltr'>ds</span> 
     </span>
     <span class='ocr_line' id='line_1_7' title="bbox 241 794 1940 884; baseline 0.001 -17"><span class='ocrx_word' id='word_1_85' title='bbox 241 813 498 867; x_wconf 77' lang='lat' dir='ltr'><em>condemnationem</em></span> <span class='ocrx_word' id='word_1_86' title='bbox 516 831 571 866; x_wconf 91' lang='lat' dir='ltr'>non</span> <span class='ocrx_word' id='word_1_87' title='bbox 595 813 767 867; x_wconf 85' lang='lat' dir='ltr'>credentium</span> <span class='ocrx_word' id='word_1_88' title='bbox 786 814 815 866; x_wconf 87' lang='lat' dir='ltr'>in</span> <span class='ocrx_word' id='word_1_89' title='bbox 841 829 871 865; x_wconf 87' lang='lat' dir='ltr'>se</span> <span class='ocrx_word' id='word_1_90' title='bbox 895 794 1177 875; x_wconf 76' lang='lat' dir='ltr'>Judaeommlsobts</span> <span class='ocrx_word' id='word_1_91' title='bbox 1201 814 1231 866; x_wconf 90' lang='lat' dir='ltr'>in</span> <span class='ocrx_word' id='word_1_92' title='bbox 1260 814 1430 869; x_wconf 60' lang='lat' dir='ltr'>Dominofll*</span> <span class='ocrx_word' id='word_1_93' title='bbox 1481 814 1590 877; x_wconf 82' lang='lat' dir='ltr'>Tertio,</span> <span class='ocrx_word' id='word_1_94' title='bbox 1616 831 1650 868; x_wconf 82' lang='lat' dir='ltr'>es</span> <span class='ocrx_word' id='word_1_95' title='bbox 1682 816 1752 868; x_wconf 83' lang='lat' dir='ltr'>loeis</span> <span class='ocrx_word' id='word_1_96' title='bbox 1774 815 1940 884; x_wconf 79' lang='lat' dir='ltr'>parallelis.</span> 
     </span>
     <span class='ocr_line' id='line_1_8' title="bbox 241 889 1940 971; baseline 0.001 -20"><span class='ocrx_word' id='word_1_97' title='bbox 241 897 493 966; x_wconf 73' lang='lat' dir='ltr'>sufficereasserit</span> <span class='ocrx_word' id='word_1_98' title='bbox 530 898 635 954; x_wconf 89' lang='lat' dir='ltr'>Eodem</span> <span class='ocrx_word' id='word_1_99' title='bbox 659 899 741 952; x_wconf 91' lang='lat' dir='ltr'>modo</span> <span class='ocrx_word' id='word_1_100' title='bbox 760 903 903 969; x_wconf 86' lang='lat' dir='ltr'>exponunt</span> <span class='ocrx_word' id='word_1_101' title='bbox 922 889 1202 967; x_wconf 82' lang='lat' dir='ltr'>Cajetanulephes.</span> <span class='ocrx_word' id='word_1_102' title='bbox 1226 906 1248 964; x_wconf 87' lang='lat'>1,</span> <span class='ocrx_word' id='word_1_103' title='bbox 1269 917 1293 952; x_wconf 91' lang='lat' dir='ltr'>r.</span> <span class='ocrx_word' id='word_1_104' title='bbox 1320 905 1364 956; x_wconf 81' lang='lat'>15:</span> <span class='ocrx_word' id='word_1_105' title='bbox 1385 899 1453 952; x_wconf 81' lang='lat' dir='ltr'>Oum</span> <span class='ocrx_word' id='word_1_106' title='bbox 1473 901 1615 954; x_wconf 84' lang='lat' dir='ltr'>audissem</span> <span class='ocrx_word' id='word_1_107' title='bbox 1634 903 1846 971; x_wconf 73' lang='lat' dir='ltr'>semermis</span> <span class='ocrx_word' id='word_1_108' title='bbox 1861 901 1940 954; x_wconf 85' lang='lat' dir='ltr'>uobis</span> 
     </span>
     <span class='ocr_line' id='line_1_9' title="bbox 237 982 1941 1055; baseline 0.001 -16"><span class='ocrx_word' id='word_1_109' title='bbox 237 990 266 1039; x_wconf 89' lang='lat' dir='ltr'>et</span> <span class='ocrx_word' id='word_1_110' title='bbox 282 983 398 1038; x_wconf 90' lang='lat' dir='ltr'>Toletus</span> <span class='ocrx_word' id='word_1_111' title='bbox 427 984 456 1039; x_wconf 91' lang='lat' dir='ltr'>in</span> <span class='ocrx_word' id='word_1_112' title='bbox 472 1001 569 1042; x_wconf 80' lang='lat' dir='ltr'>comm,</span> <span class='ocrx_word' id='word_1_113' title='bbox 598 984 651 1039; x_wconf 89' lang='lat' dir='ltr'>hee</span> <span class='ocrx_word' id='word_1_114' title='bbox 672 985 742 1041; x_wconf 90' lang='lat' dir='ltr'>loeo.</span> <span class='ocrx_word' id='word_1_115' title='bbox 785 993 810 1041; x_wconf 83' lang='lat'>5.</span> <span class='ocrx_word' id='word_1_116' title='bbox 831 982 989 1055; x_wconf 76' lang='lat' dir='ltr'>sperabant</span> <span class='ocrx_word' id='word_1_117' title='bbox 1007 1000 1073 1054; x_wconf 82' lang='lat' dir='ltr'>ergo</span> <span class='ocrx_word' id='word_1_118' title='bbox 1101 991 1140 1036; x_wconf 89' lang='lat' dir='ltr'>est</span> <span class='ocrx_word' id='word_1_119' title='bbox 1156 985 1247 1051; x_wconf 83' lang='lat' dir='ltr'>fidem</span> <span class='ocrx_word' id='word_1_120' title='bbox 1278 987 1308 1039; x_wconf 88' lang='lat' dir='ltr'>in</span> <span class='ocrx_word' id='word_1_121' title='bbox 1331 987 1456 1040; x_wconf 88' lang='lat' dir='ltr'>Domina</span> <span class='ocrx_word' id='word_1_122' title='bbox 1475 987 1548 1040; x_wconf 86' lang='lat' dir='ltr'>Jesu</span> <span class='ocrx_word' id='word_1_123' title='bbox 1570 996 1597 1040; x_wconf 93' lang='lat' dir='ltr'>et</span> <span class='ocrx_word' id='word_1_124' title='bbox 1620 987 1767 1041; x_wconf 85' lang='lat' dir='ltr'>caritatem</span> <span class='ocrx_word' id='word_1_125' title='bbox 1790 989 1820 1041; x_wconf 89' lang='lat' dir='ltr'>in</span> <span class='ocrx_word' id='word_1_126' title='bbox 1846 1005 1941 1041; x_wconf 86' lang='lat' dir='ltr'>omnes</span> 
     </span>
     <span class='ocr_line' id='line_1_10' title="bbox 235 1069 1938 1142; baseline 0.001 -17"><span class='ocrx_word' id='word_1_127' title='bbox 235 1069 338 1125; x_wconf 80' lang='lat' dir='ltr'>ludaei</span> <span class='ocrx_word' id='word_1_128' title='bbox 360 1070 388 1123; x_wconf 90' lang='lat' dir='ltr'>in</span> <span class='ocrx_word' id='word_1_129' title='bbox 408 1070 537 1140; x_wconf 85' lang='lat' dir='ltr'>Moysen,</span> <span class='ocrx_word' id='word_1_130' title='bbox 565 1086 621 1124; x_wconf 88' lang='lat' dir='ltr'>non</span> <span class='ocrx_word' id='word_1_131' title='bbox 644 1071 719 1142; x_wconf 91' lang='lat' dir='ltr'>quod</span> <span class='ocrx_word' id='word_1_132' title='bbox 744 1070 773 1125; x_wconf 92' lang='lat' dir='ltr'>in</span> <span class='ocrx_word' id='word_1_133' title='bbox 795 1087 940 1141; x_wconf 75' lang='lat' dir='ltr'>personam</span> <span class='ocrx_word' id='word_1_134' title='bbox 968 1069 1073 1140; x_wconf 80' lang='lat' dir='ltr'>Moysis</span> <span class='ocrx_word' id='word_1_135' title='bbox 1101 1079 1220 1123; x_wconf 87' lang='lat' dir='ltr'>sanctes.</span> <span class='ocrx_word' id='word_1_136' title='bbox 1259 1070 1363 1127; x_wconf 85' lang='lat' dir='ltr'>Coloas.</span> <span class='ocrx_word' id='word_1_137' title='bbox 1385 1078 1415 1136; x_wconf 90' lang='lat'>1,</span> <span class='ocrx_word' id='word_1_138' title='bbox 1442 1091 1467 1126; x_wconf 84' lang='lat' dir='ltr'>r.</span> <span class='ocrx_word' id='word_1_139' title='bbox 1487 1079 1515 1128; x_wconf 82' lang='lat' dir='ltr'>t:</span> <span class='ocrx_word' id='word_1_140' title='bbox 1539 1075 1697 1127; x_wconf 80' lang='lat' dir='ltr'>Audientes</span> <span class='ocrx_word' id='word_1_141' title='bbox 1715 1075 1800 1137; x_wconf 74' lang='lat' dir='ltr'>ficiem</span> <span class='ocrx_word' id='word_1_142' title='bbox 1818 1082 1938 1127; x_wconf 84' lang='lat' dir='ltr'>nestram</span> 
     </span>
     <span class='ocr_line' id='line_1_11' title="bbox 237 1154 1938 1230; baseline 0.002 -22"><span class='ocrx_word' id='word_1_143' title='bbox 237 1154 361 1211; x_wconf 78' lang='lat' dir='ltr'>defuncti</span> <span class='ocrx_word' id='word_1_144' title='bbox 386 1173 463 1227; x_wconf 90' lang='lat' dir='ltr'>spem</span> <span class='ocrx_word' id='word_1_145' title='bbox 489 1162 517 1212; x_wconf 88' lang='lat' dir='ltr'>et</span> <span class='ocrx_word' id='word_1_146' title='bbox 544 1155 677 1211; x_wconf 85' lang='lat' dir='ltr'>fiduciam</span> <span class='ocrx_word' id='word_1_147' title='bbox 707 1172 786 1210; x_wconf 90' lang='lat' dir='ltr'>suam</span> <span class='ocrx_word' id='word_1_148' title='bbox 815 1155 997 1222; x_wconf 89' lang='lat' dir='ltr'>collocarent,</span> <span class='ocrx_word' id='word_1_149' title='bbox 1025 1157 1073 1212; x_wconf 90' lang='lat' dir='ltr'>ssd</span> <span class='ocrx_word' id='word_1_150' title='bbox 1101 1156 1130 1207; x_wconf 88' lang='lat' dir='ltr'>in</span> <span class='ocrx_word' id='word_1_151' title='bbox 1158 1156 1266 1211; x_wconf 82' lang='lat' dir='ltr'>Christo</span> <span class='ocrx_word' id='word_1_152' title='bbox 1286 1157 1357 1211; x_wconf 86' lang='lat' dir='ltr'>Jesu</span> <span class='ocrx_word' id='word_1_153' title='bbox 1385 1166 1411 1214; x_wconf 90' lang='lat' dir='ltr'>et</span> <span class='ocrx_word' id='word_1_154' title='bbox 1439 1160 1628 1228; x_wconf 85' lang='lat' dir='ltr'>dilectionem,</span> <span class='ocrx_word' id='word_1_155' title='bbox 1665 1178 1749 1230; x_wconf 78' lang='lat' dir='ltr'>quam</span> <span class='ocrx_word' id='word_1_156' title='bbox 1779 1158 1888 1213; x_wconf 86' lang='lat' dir='ltr'>habetis</span> <span class='ocrx_word' id='word_1_157' title='bbox 1908 1161 1938 1212; x_wconf 87' lang='lat' dir='ltr'>in</span> 
     </span>
     <span class='ocr_line' id='line_1_12' title="bbox 237 1241 1938 1316; baseline 0.003 -20"><span class='ocrx_word' id='word_1_158' title='bbox 237 1241 311 1311; x_wconf 87' lang='lat' dir='ltr'>quod</span> <span class='ocrx_word' id='word_1_159' title='bbox 335 1241 500 1312; x_wconf 88' lang='lat' dir='ltr'>sperabant,</span> <span class='ocrx_word' id='word_1_160' title='bbox 531 1259 560 1297; x_wconf 90' lang='lat' dir='ltr'>se</span> <span class='ocrx_word' id='word_1_161' title='bbox 588 1257 638 1312; x_wconf 87' lang='lat' dir='ltr'>per</span> <span class='ocrx_word' id='word_1_162' title='bbox 666 1241 753 1312; x_wconf 90' lang='lat' dir='ltr'>ipsius</span> <span class='ocrx_word' id='word_1_163' title='bbox 779 1241 933 1296; x_wconf 87' lang='lat' dir='ltr'>doctrinam</span> <span class='ocrx_word' id='word_1_164' title='bbox 957 1243 1073 1296; x_wconf 89' lang='lat' dir='ltr'>salutem</span> <span class='ocrx_word' id='word_1_165' title='bbox 1102 1258 1195 1294; x_wconf 69' lang='lat' dir='ltr'>ttntnee</span> <span class='ocrx_word' id='word_1_166' title='bbox 1214 1250 1334 1297; x_wconf 86' lang='lat' dir='ltr'>sanctes.</span> <span class='ocrx_word' id='word_1_167' title='bbox 1371 1243 1490 1310; x_wconf 86' lang='lat' dir='ltr'>Quarto,</span> <span class='ocrx_word' id='word_1_168' title='bbox 1510 1263 1543 1298; x_wconf 83' lang='lat' dir='ltr'>ee</span> <span class='ocrx_word' id='word_1_169' title='bbox 1562 1254 1637 1300; x_wconf 77' lang='lat' dir='ltr'>textu</span> <span class='ocrx_word' id='word_1_170' title='bbox 1658 1246 1791 1315; x_wconf 71' lang='lat' dir='ltr'>Sumere,</span> <span class='ocrx_word' id='word_1_171' title='bbox 1818 1245 1867 1316; x_wconf 89' lang='lat' dir='ltr'>qui</span> <span class='ocrx_word' id='word_1_172' title='bbox 1884 1252 1938 1301; x_wconf 91' lang='lat' dir='ltr'>tra·</span> 
     </span>
     <span class='ocr_line' id='line_1_13' title="bbox 236 1327 1938 1400; baseline 0.002 -17"><span class='ocrx_word' id='word_1_173' title='bbox 236 1335 446 1396; x_wconf 86' lang='lat' dir='ltr'>consecuturos,</span> <span class='ocrx_word' id='word_1_174' title='bbox 475 1327 498 1382; x_wconf 89' lang='lat' dir='ltr'>si</span> <span class='ocrx_word' id='word_1_175' title='bbox 517 1328 561 1383; x_wconf 88' lang='lat' dir='ltr'>rel</span> <span class='ocrx_word' id='word_1_176' title='bbox 579 1327 696 1382; x_wconf 85' lang='lat' dir='ltr'>maxime</span> <span class='ocrx_word' id='word_1_177' title='bbox 714 1345 771 1383; x_wconf 90' lang='lat' dir='ltr'>non</span> <span class='ocrx_word' id='word_1_178' title='bbox 790 1327 936 1383; x_wconf 85' lang='lat' dir='ltr'>crederent</span> <span class='ocrx_word' id='word_1_179' title='bbox 954 1328 982 1381; x_wconf 91' lang='lat' dir='ltr'>in</span> <span class='ocrx_word' id='word_1_180' title='bbox 1001 1327 1073 1382; x_wconf 90' lang='lat' dir='ltr'>hune</span> <span class='ocrx_word' id='word_1_181' title='bbox 1097 1327 1218 1396; x_wconf 88' lang='lat' dir='ltr'>jectione</span> <span class='ocrx_word' id='word_1_182' title='bbox 1243 1328 1292 1382; x_wconf 90' lang='lat' dir='ltr'>illa</span> <span class='ocrx_word' id='word_1_183' title='bbox 1315 1328 1427 1384; x_wconf 86' lang='lat' dir='ltr'>sublata</span> <span class='ocrx_word' id='word_1_184' title='bbox 1452 1329 1468 1383; x_wconf 92' lang='lat' dir='ltr'>l.</span> <span class='ocrx_word' id='word_1_185' title='bbox 1488 1330 1515 1385; x_wconf 95' lang='lat' dir='ltr'>h.</span> <span class='ocrx_word' id='word_1_186' title='bbox 1539 1331 1579 1386; x_wconf 90' lang='lat' dir='ltr'>sie</span> <span class='ocrx_word' id='word_1_187' title='bbox 1604 1332 1699 1387; x_wconf 85' lang='lat' dir='ltr'>vertit:</span> <span class='ocrx_word' id='word_1_188' title='bbox 1726 1334 1800 1386; x_wconf 86' lang='lat' dir='ltr'>Inde</span> <span class='ocrx_word' id='word_1_189' title='bbox 1826 1349 1860 1386; x_wconf 79' lang='lat' dir='ltr'>en</span> <span class='ocrx_word' id='word_1_190' title='bbox 1885 1350 1938 1400; x_wconf 80' lang='lat' dir='ltr'>quo</span> 
     </span>
     <span class='ocr_line' id='line_1_14' title="bbox 237 1412 1936 1487; baseline 0 -17"><span class='ocrx_word' id='word_1_191' title='bbox 237 1413 338 1470; x_wconf 81' lang='lat' dir='ltr'>lesum</span> <span class='ocrx_word' id='word_1_192' title='bbox 356 1412 531 1470; x_wconf 83' lang='lat' dir='ltr'>Nazarenum</span> <span class='ocrx_word' id='word_1_193' title='bbox 549 1430 600 1469; x_wconf 90' lang='lat' dir='ltr'>nec</span> <span class='ocrx_word' id='word_1_194' title='bbox 619 1431 680 1469; x_wconf 89' lang='lat' dir='ltr'>eum</span> <span class='ocrx_word' id='word_1_195' title='bbox 700 1431 751 1485; x_wconf 92' lang='lat' dir='ltr'>pro</span> <span class='ocrx_word' id='word_1_196' title='bbox 770 1414 872 1469; x_wconf 82' lang='lat' dir='ltr'>Messio</span> <span class='ocrx_word' id='word_1_197' title='bbox 889 1419 1073 1484; x_wconf 76' lang='lat' dir='ltr'>acceptarent.</span> <span class='ocrx_word' id='word_1_198' title='bbox 1102 1413 1203 1467; x_wconf 86' lang='lat' dir='ltr'>audiui</span> <span class='ocrx_word' id='word_1_199' title='bbox 1216 1416 1302 1480; x_wconf 77' lang='lat' dir='ltr'>fidem</span> <span class='ocrx_word' id='word_1_200' title='bbox 1322 1423 1396 1469; x_wconf 88' lang='lat' dir='ltr'>tuam</span> <span class='ocrx_word' id='word_1_201' title='bbox 1416 1423 1441 1468; x_wconf 92' lang='lat' dir='ltr'>et</span> <span class='ocrx_word' id='word_1_202' title='bbox 1462 1419 1625 1482; x_wconf 86' lang='lat' dir='ltr'>caritatem,</span> <span class='ocrx_word' id='word_1_203' title='bbox 1649 1437 1720 1487; x_wconf 80' lang='lat' dir='ltr'>quae</span> <span class='ocrx_word' id='word_1_204' title='bbox 1738 1427 1778 1472; x_wconf 88' lang='lat' dir='ltr'>est</span> <span class='ocrx_word' id='word_1_205' title='bbox 1795 1419 1850 1471; x_wconf 86' lang='lat' dir='ltr'>tibi</span> <span class='ocrx_word' id='word_1_206' title='bbox 1867 1436 1936 1487; x_wconf 71' lang='lat' dir='ltr'>man</span> 
     </span>
     <span class='ocr_line' id='line_1_15' title="bbox 236 1499 1936 1572; baseline 0.002 -18"><span class='ocrx_word' id='word_1_207' title='bbox 236 1501 412 1555; x_wconf 84' lang='lat' dir='ltr'>Maldenatus</span> <span class='ocrx_word' id='word_1_208' title='bbox 423 1502 451 1555; x_wconf 93' lang='lat' dir='ltr'>in</span> <span class='ocrx_word' id='word_1_209' title='bbox 463 1501 625 1558; x_wconf 87' lang='lat' dir='ltr'>comm.hoc</span> <span class='ocrx_word' id='word_1_210' title='bbox 636 1501 713 1557; x_wconf 87' lang='lat' dir='ltr'>loco:</span> <span class='ocrx_word' id='word_1_211' title='bbox 726 1501 1073 1571; x_wconf 81' lang='lat' dir='ltr'>Anhocrepreltendendo</span> <span class='ocrx_word' id='word_1_212' title='bbox 1101 1499 1255 1553; x_wconf 85' lang='lat' dir='ltr'>Dominum</span> <span class='ocrx_word' id='word_1_213' title='bbox 1273 1509 1400 1555; x_wconf 86' lang='lat' dir='ltr'>nostrum</span> <span class='ocrx_word' id='word_1_214' title='bbox 1419 1503 1545 1556; x_wconf 82' lang='lat' dir='ltr'>Jesehua</span> <span class='ocrx_word' id='word_1_215' title='bbox 1569 1511 1594 1556; x_wconf 89' lang='lat' dir='ltr'>et</span> <span class='ocrx_word' id='word_1_216' title='bbox 1617 1520 1685 1572; x_wconf 78' lang='lat' dir='ltr'>erpa</span> <span class='ocrx_word' id='word_1_217' title='bbox 1707 1520 1800 1557; x_wconf 88' lang='lat' dir='ltr'>omnes</span> <span class='ocrx_word' id='word_1_218' title='bbox 1818 1513 1936 1558; x_wconf 87' lang='lat' dir='ltr'>sanetae.</span> 
     </span>
     <span class='ocr_line' id='line_1_16' title="bbox 236 1582 1936 1660; baseline 0.003 -21"><span class='ocrx_word' id='word_1_219' title='bbox 236 1589 323 1654; x_wconf 87' lang='lat' dir='ltr'>dicat,</span> <span class='ocrx_word' id='word_1_220' title='bbox 340 1589 418 1655; x_wconf 80' lang='lat' dir='ltr'>quod</span> <span class='ocrx_word' id='word_1_221' title='bbox 442 1588 472 1641; x_wconf 90' lang='lat' dir='ltr'>in</span> <span class='ocrx_word' id='word_1_222' title='bbox 490 1588 594 1657; x_wconf 74' lang='lat' dir='ltr'>Moyse</span> <span class='ocrx_word' id='word_1_223' title='bbox 621 1605 698 1656; x_wconf 81' lang='lat' dir='ltr'>spem</span> <span class='ocrx_word' id='word_1_224' title='bbox 717 1588 863 1654; x_wconf 87' lang='lat' dir='ltr'>haberent,</span> <span class='ocrx_word' id='word_1_225' title='bbox 892 1605 947 1641; x_wconf 88' lang='lat' dir='ltr'>nen</span> <span class='ocrx_word' id='word_1_226' title='bbox 975 1588 1025 1641; x_wconf 81' lang='lat' dir='ltr'>ahs</span> <span class='ocrx_word' id='word_1_227' title='bbox 1042 1604 1072 1640; x_wconf 88' lang='lat' dir='ltr'>re</span> <span class='ocrx_word' id='word_1_228' title='bbox 1102 1582 1213 1653; x_wconf 86' lang='lat' dir='ltr'>Quinto,</span> <span class='ocrx_word' id='word_1_229' title='bbox 1231 1603 1264 1640; x_wconf 82' lang='lat' dir='ltr'>err</span> <span class='ocrx_word' id='word_1_230' title='bbox 1282 1604 1367 1656; x_wconf 82' lang='lat' dir='ltr'>scopo</span> <span class='ocrx_word' id='word_1_231' title='bbox 1387 1589 1553 1656; x_wconf 86' lang='lat' dir='ltr'>apostolico.</span> <span class='ocrx_word' id='word_1_232' title='bbox 1585 1588 1664 1653; x_wconf 87' lang='lat' dir='ltr'>Quae</span> <span class='ocrx_word' id='word_1_233' title='bbox 1682 1587 1753 1645; x_wconf 83' lang='lat' dir='ltr'>feret</span> <span class='ocrx_word' id='word_1_234' title='bbox 1766 1605 1936 1660; x_wconf 85' lang='lat' dir='ltr'>consequeu-</span> 
     </span>
     <span class='ocr_line' id='line_1_17' title="bbox 129 1670 1937 1752; baseline 0.002 -26"><span class='ocrx_word' id='word_1_235' title='bbox 129 1744 132 1752; x_wconf 23' lang='grc' dir='ltr'><strong><em>Δ</em></strong></span> <span class='ocrx_word' id='word_1_236' title='bbox 231 1680 325 1744; x_wconf 84' lang='lat' dir='ltr'>potest</span> <span class='ocrx_word' id='word_1_237' title='bbox 342 1672 474 1729; x_wconf 81' lang='lat' dir='ltr'>dubitari.</span> <span class='ocrx_word' id='word_1_238' title='bbox 510 1673 644 1727; x_wconf 79' lang='lat' dir='ltr'>Leontius</span> <span class='ocrx_word' id='word_1_239' title='bbox 661 1673 774 1742; x_wconf 76' lang='lat' dir='ltr'>quidem</span> <span class='ocrx_word' id='word_1_240' title='bbox 788 1674 872 1727; x_wconf 87' lang='lat' dir='ltr'>ualde</span> <span class='ocrx_word' id='word_1_241' title='bbox 889 1670 1156 1742; x_wconf 83' lang='lat' dir='ltr'>probabilitertiae</span> <span class='ocrx_word' id='word_1_242' title='bbox 1187 1676 1271 1741; x_wconf 85' lang='lat' dir='ltr'>ratio,</span> <span class='ocrx_word' id='word_1_243' title='bbox 1304 1672 1328 1726; x_wconf 88' lang='lat' dir='ltr'>si</span> <span class='ocrx_word' id='word_1_244' title='bbox 1358 1672 1463 1727; x_wconf 88' lang='lat' dir='ltr'>Paulus</span> <span class='ocrx_word' id='word_1_245' title='bbox 1495 1673 1681 1729; x_wconf 87' lang='lat' dir='ltr'>Philemonem</span> <span class='ocrx_word' id='word_1_246' title='bbox 1713 1680 1876 1746; x_wconf 80' lang='lat' dir='ltr'>rogaturus,</span> <span class='ocrx_word' id='word_1_247' title='bbox 1907 1682 1937 1730; x_wconf 91' lang='lat' dir='ltr'>ut</span> 
     </span>
     <span class='ocr_line' id='line_1_18' title="bbox 238 1755 1938 1832; baseline 0.002 -21"><span class='ocrx_word' id='word_1_248' title='bbox 238 1758 384 1823; x_wconf 82' lang='lat' dir='ltr'>eeistimot,</span> <span class='ocrx_word' id='word_1_249' title='bbox 401 1774 460 1811; x_wconf 85' lang='lat' dir='ltr'>esse</span> <span class='ocrx_word' id='word_1_250' title='bbox 479 1758 729 1828; x_wconf 73' lang='lat' dir='ltr'>reprehensionem,</span> <span class='ocrx_word' id='word_1_251' title='bbox 747 1758 876 1812; x_wconf 81' lang='lat' dir='ltr'>debuisse</span> <span class='ocrx_word' id='word_1_252' title='bbox 893 1759 966 1810; x_wconf 87' lang='lat' dir='ltr'>enim</span> <span class='ocrx_word' id='word_1_253' title='bbox 979 1758 1076 1824; x_wconf 70' lang='lat' dir='ltr'>blansi</span> <span class='ocrx_word' id='word_1_254' title='bbox 1102 1755 1263 1810; x_wconf 86' lang='lat' dir='ltr'>Onesimum</span> <span class='ocrx_word' id='word_1_255' title='bbox 1280 1757 1424 1828; x_wconf 87' lang='lat' dir='ltr'>reciperet,</span> <span class='ocrx_word' id='word_1_256' title='bbox 1440 1759 1602 1814; x_wconf 84' lang='lat' dir='ltr'>adduxisset</span> <span class='ocrx_word' id='word_1_257' title='bbox 1619 1760 1692 1814; x_wconf 89' lang='lat' dir='ltr'>hane</span> <span class='ocrx_word' id='word_1_258' title='bbox 1709 1761 1854 1830; x_wconf 89' lang='lat' dir='ltr'>rationem,</span> <span class='ocrx_word' id='word_1_259' title='bbox 1872 1761 1938 1832; x_wconf 87' lang='lat' dir='ltr'>quia</span> 
     </span>
     <span class='ocr_line' id='line_1_19' title="bbox 237 1841 1936 1918; baseline 0.002 -22"><span class='ocrx_word' id='word_1_260' title='bbox 237 1845 349 1913; x_wconf 75' lang='lat' dir='ltr'>quidem</span> <span class='ocrx_word' id='word_1_261' title='bbox 367 1846 496 1914; x_wconf 88' lang='lat' dir='ltr'>credere,</span> <span class='ocrx_word' id='word_1_262' title='bbox 514 1860 631 1913; x_wconf 83' lang='lat' dir='ltr'>sperare</span> <span class='ocrx_word' id='word_1_263' title='bbox 652 1851 742 1897; x_wconf 90' lang='lat' dir='ltr'>autem</span> <span class='ocrx_word' id='word_1_264' title='bbox 759 1845 863 1899; x_wconf 89' lang='lat' dir='ltr'>nonin</span> <span class='ocrx_word' id='word_1_265' title='bbox 882 1844 948 1908; x_wconf 89' lang='lat' dir='ltr'>illo,</span> <span class='ocrx_word' id='word_1_266' title='bbox 974 1845 1027 1897; x_wconf 88' lang='lat' dir='ltr'>sed</span> <span class='ocrx_word' id='word_1_267' title='bbox 1045 1843 1075 1896; x_wconf 89' lang='lat' dir='ltr'>in</span> <span class='ocrx_word' id='word_1_268' title='bbox 1101 1841 1245 1897; x_wconf 87' lang='lat' dir='ltr'>Philemon</span> <span class='ocrx_word' id='word_1_269' title='bbox 1263 1843 1360 1898; x_wconf 89' lang='lat' dir='ltr'>eredat</span> <span class='ocrx_word' id='word_1_270' title='bbox 1384 1844 1413 1897; x_wconf 94' lang='lat' dir='ltr'>in</span> <span class='ocrx_word' id='word_1_271' title='bbox 1431 1850 1542 1900; x_wconf 87' lang='lat' dir='ltr'>sanctes</span> <span class='ocrx_word' id='word_1_272' title='bbox 1566 1845 1728 1912; x_wconf 69' lang='lat' dir='ltr'>defunctam</span> <span class='ocrx_word' id='word_1_273' title='bbox 1753 1849 1820 1918; x_wconf 91' lang='lat' dir='ltr'>quin</span> <span class='ocrx_word' id='word_1_274' title='bbox 1845 1847 1936 1918; x_wconf 84' lang='lat' dir='ltr'>potius</span> 
     </span>
     <span class='ocr_line' id='line_1_20' title="bbox 238 1925 1936 1998; baseline 0.003 -15"><span class='ocrx_word' id='word_1_275' title='bbox 238 1931 303 1984; x_wconf 90' lang='lat' dir='ltr'>Deo</span> <span class='ocrx_word' id='word_1_276' title='bbox 330 1930 472 1998; x_wconf 82' lang='lat' dir='ltr'>debuisse,</span> <span class='ocrx_word' id='word_1_277' title='bbox 505 1936 604 1984; x_wconf 86' lang='lat' dir='ltr'>contra</span> <span class='ocrx_word' id='word_1_278' title='bbox 627 1945 694 1984; x_wconf 87' lang='lat' dir='ltr'>uere</span> <span class='ocrx_word' id='word_1_279' title='bbox 718 1929 767 1983; x_wconf 85' lang='lat' dir='ltr'>illi</span> <span class='ocrx_word' id='word_1_280' title='bbox 789 1930 948 1992; x_wconf 78' lang='lat' dir='ltr'>faciebant,</span> <span class='ocrx_word' id='word_1_281' title='bbox 978 1929 1076 1996; x_wconf 73' lang='lat' dir='ltr'>diensi</span> <span class='ocrx_word' id='word_1_282' title='bbox 1102 1929 1141 1982; x_wconf 90' lang='lat' dir='ltr'>sie</span> <span class='ocrx_word' id='word_1_283' title='bbox 1155 1925 1304 1985; x_wconf 69' lang='lat' dir='ltr'>concludit</span> <span class='ocrx_word' id='word_1_284' title='bbox 1339 1930 1411 1996; x_wconf 81' lang='lat' dir='ltr'>Quia</span> <span class='ocrx_word' id='word_1_285' title='bbox 1425 1929 1569 1985; x_wconf 89' lang='lat' dir='ltr'>Philemon</span> <span class='ocrx_word' id='word_1_286' title='bbox 1588 1932 1690 1986; x_wconf 87' lang='lat' dir='ltr'>sanetis</span> <span class='ocrx_word' id='word_1_287' title='bbox 1710 1932 1826 1987; x_wconf 87' lang='lat' dir='ltr'>interra</span> <span class='ocrx_word' id='word_1_288' title='bbox 1844 1933 1936 1989; x_wconf 84' lang='lat' dir='ltr'>viren-</span> 
     </span>
     <span class='ocr_line' id='line_1_21' title="bbox 237 2013 1935 2088; baseline 0.003 -19"><span class='ocrx_word' id='word_1_289' title='bbox 237 2032 293 2069; x_wconf 89' lang='lat' dir='ltr'>non</span> <span class='ocrx_word' id='word_1_290' title='bbox 309 2016 460 2071; x_wconf 87' lang='lat' dir='ltr'>credebant</span> <span class='ocrx_word' id='word_1_291' title='bbox 478 2023 504 2071; x_wconf 91' lang='lat' dir='ltr'>et</span> <span class='ocrx_word' id='word_1_292' title='bbox 523 2016 553 2068; x_wconf 91' lang='lat' dir='ltr'>in</span> <span class='ocrx_word' id='word_1_293' title='bbox 573 2015 625 2069; x_wconf 90' lang='lat' dir='ltr'>illo</span> <span class='ocrx_word' id='word_1_294' title='bbox 639 2015 801 2084; x_wconf 80' lang='lat' dir='ltr'>sperabant.</span> <span class='ocrx_word' id='word_1_295' title='bbox 836 2015 1074 2077; x_wconf 79' lang='lat' dir='ltr'>Quemadmodum</span> <span class='ocrx_word' id='word_1_296' title='bbox 1101 2013 1176 2068; x_wconf 90' lang='lat' dir='ltr'>tibus</span> <span class='ocrx_word' id='word_1_297' title='bbox 1195 2015 1320 2070; x_wconf 86' lang='lat' dir='ltr'>caritatis</span> <span class='ocrx_word' id='word_1_298' title='bbox 1338 2015 1430 2070; x_wconf 85' lang='lat' dir='ltr'>officia</span> <span class='ocrx_word' id='word_1_299' title='bbox 1447 2022 1580 2086; x_wconf 83' lang='lat' dir='ltr'>praestat,</span> <span class='ocrx_word' id='word_1_300' title='bbox 1601 2017 1663 2072; x_wconf 93' lang='lat' dir='ltr'>ideo</span> <span class='ocrx_word' id='word_1_301' title='bbox 1682 2017 1935 2088; x_wconf 88' lang='lat' dir='ltr'>quequeOnesimo</span> 
     </span>
     <span class='ocr_line' id='line_1_22' title="bbox 237 2093 1951 2174; baseline 0.002 -18"><span class='ocrx_word' id='word_1_302' title='bbox 237 2119 305 2172; x_wconf 82' lang='lat' dir='ltr'>erpo</span> <span class='ocrx_word' id='word_1_303' title='bbox 338 2109 421 2155; x_wconf 70' lang='lat' dir='ltr'>anua</span> <span class='ocrx_word' id='word_1_304' title='bbox 453 2118 499 2155; x_wconf 85' lang='lat' dir='ltr'>eos</span> <span class='ocrx_word' id='word_1_305' title='bbox 534 2101 742 2170; x_wconf 82' lang='lat' dir='ltr'>reprebendens</span> <span class='ocrx_word' id='word_1_306' title='bbox 780 2102 866 2155; x_wconf 77' lang='lat' dir='ltr'>dicit.-</span> <span class='ocrx_word' id='word_1_307' title='bbox 901 2100 1075 2154; x_wconf 81' lang='lat' dir='ltr'>Scrutamini</span> <span class='ocrx_word' id='word_1_308' title='bbox 1099 2098 1177 2154; x_wconf 89' lang='lat' dir='ltr'>fideli</span> <span class='ocrx_word' id='word_1_309' title='bbox 1195 2108 1224 2156; x_wconf 90' lang='lat' dir='ltr'>et</span> <span class='ocrx_word' id='word_1_310' title='bbox 1242 2107 1338 2155; x_wconf 87' lang='lat' dir='ltr'>sancte</span> <span class='ocrx_word' id='word_1_311' title='bbox 1357 2102 1474 2155; x_wconf 85' lang='lat' dir='ltr'>eandem</span> <span class='ocrx_word' id='word_1_312' title='bbox 1492 2120 1547 2157; x_wconf 89' lang='lat' dir='ltr'>nou</span> <span class='ocrx_word' id='word_1_313' title='bbox 1568 2101 1652 2156; x_wconf 90' lang='lat' dir='ltr'>debet</span> <span class='ocrx_word' id='word_1_314' title='bbox 1672 2103 1816 2174; x_wconf 87' lang='lat' dir='ltr'>denegare.</span> <span class='ocrx_word' id='word_1_315' title='bbox 1844 2093 1951 2167; x_wconf 52' lang='lat' dir='ltr'>Sestos</span> 
     </span>
     <span class='ocr_line' id='line_1_23' title="bbox 238 2185 2015 2260; baseline 0.001 -18"><span class='ocrx_word' id='word_1_316' title='bbox 238 2185 417 2257; x_wconf 74' lang='lat' dir='ltr'>Scripturas,</span> <span class='ocrx_word' id='word_1_317' title='bbox 441 2187 509 2256; x_wconf 76' lang='lat' dir='ltr'>quia</span> <span class='ocrx_word' id='word_1_318' title='bbox 532 2203 582 2240; x_wconf 86' lang='lat' dir='ltr'>uos</span> <span class='ocrx_word' id='word_1_319' title='bbox 603 2187 712 2255; x_wconf 76' lang='lat' dir='ltr'>pretatis</span> <span class='ocrx_word' id='word_1_320' title='bbox 732 2186 763 2239; x_wconf 91' lang='lat' dir='ltr'>in</span> <span class='ocrx_word' id='word_1_321' title='bbox 786 2187 857 2258; x_wconf 86' lang='lat' dir='ltr'>ipsis</span> <span class='ocrx_word' id='word_1_322' title='bbox 881 2185 967 2240; x_wconf 86' lang='lat' dir='ltr'>vitum</span> <span class='ocrx_word' id='word_1_323' title='bbox 985 2194 1073 2240; x_wconf 88' lang='lat' dir='ltr'>aeter·</span> <span class='ocrx_word' id='word_1_324' title='bbox 1100 2203 1133 2239; x_wconf 81' lang='lat' dir='ltr'>es</span> <span class='ocrx_word' id='word_1_325' title='bbox 1163 2186 1292 2240; x_wconf 85' lang='lat' dir='ltr'>unanimi</span> <span class='ocrx_word' id='word_1_326' title='bbox 1322 2187 1505 2255; x_wconf 83' lang='lat' dir='ltr'>interpretum</span> <span class='ocrx_word' id='word_1_327' title='bbox 1541 2204 1683 2244; x_wconf 88' lang='lat' dir='ltr'>consensu.</span> <span class='ocrx_word' id='word_1_328' title='bbox 1739 2189 1785 2243; x_wconf 88' lang='lat' dir='ltr'>Ita</span> <span class='ocrx_word' id='word_1_329' title='bbox 1813 2205 1934 2260; x_wconf 86' lang='lat' dir='ltr'>namque</span> <span class='ocrx_word' id='word_1_330' title='bbox 2011 2226 2015 2233; x_wconf 88' lang='lat'><em>-</em></span> 
     </span>
     <span class='ocr_line' id='line_1_24' title="bbox 235 2272 1935 2345; baseline 0.001 -18"><span class='ocrx_word' id='word_1_331' title='bbox 235 2290 302 2327; x_wconf 90' lang='lat' dir='ltr'>nam</span> <span class='ocrx_word' id='word_1_332' title='bbox 319 2274 435 2337; x_wconf 87' lang='lat' dir='ltr'>habere,</span> <span class='ocrx_word' id='word_1_333' title='bbox 456 2274 498 2326; x_wconf 89' lang='lat' dir='ltr'>ita</span> <span class='ocrx_word' id='word_1_334' title='bbox 515 2290 589 2326; x_wconf 90' lang='lat' dir='ltr'>nune</span> <span class='ocrx_word' id='word_1_335' title='bbox 610 2273 681 2326; x_wconf 87' lang='lat' dir='ltr'>dicit</span> <span class='ocrx_word' id='word_1_336' title='bbox 703 2274 739 2325; x_wconf 88' lang='lat' dir='ltr'>de</span> <span class='ocrx_word' id='word_1_337' title='bbox 758 2274 872 2340; x_wconf 71' lang='lat' dir='ltr'>Moyse,</span> <span class='ocrx_word' id='word_1_338' title='bbox 899 2273 929 2325; x_wconf 91' lang='lat' dir='ltr'>in</span> <span class='ocrx_word' id='word_1_339' title='bbox 951 2290 1004 2341; x_wconf 72' lang='lat' dir='ltr'>prro</span> <span class='ocrx_word' id='word_1_340' title='bbox 1025 2290 1073 2326; x_wconf 84' lang='lat' dir='ltr'>eos</span> <span class='ocrx_word' id='word_1_341' title='bbox 1100 2272 1477 2343; x_wconf 77' lang='lat' dir='ltr'>exponuntChryaestemus,</span> <span class='ocrx_word' id='word_1_342' title='bbox 1496 2272 1656 2343; x_wconf 90' lang='lat' dir='ltr'>Primasius,</span> <span class='ocrx_word' id='word_1_343' title='bbox 1675 2273 1813 2342; x_wconf 90' lang='lat' dir='ltr'>Sedulius,</span> <span class='ocrx_word' id='word_1_344' title='bbox 1828 2274 1935 2345; x_wconf 82' lang='lat' dir='ltr'>Diony·</span> 
     </span>
     <span class='ocr_line' id='line_1_25' title="bbox 236 2357 1935 2429; baseline 0.001 -17"><span class='ocrx_word' id='word_1_345' title='bbox 236 2360 373 2429; x_wconf 86' lang='lat' dir='ltr'>speratis,</span> <span class='ocrx_word' id='word_1_346' title='bbox 391 2367 421 2412; x_wconf 91' lang='lat' dir='ltr'>ut</span> <span class='ocrx_word' id='word_1_347' title='bbox 441 2359 609 2427; x_wconf 78' lang='lat' dir='ltr'>Euthymius</span> <span class='ocrx_word' id='word_1_348' title='bbox 627 2358 799 2423; x_wconf 76' lang='lat' dir='ltr'>obsera-avit,</span> <span class='ocrx_word' id='word_1_349' title='bbox 828 2361 901 2411; x_wconf 90' lang='lat' dir='ltr'>unde</span> <span class='ocrx_word' id='word_1_350' title='bbox 920 2357 1157 2428; x_wconf 79' lang='lat' dir='ltr'>callipitur,·sius</span> <span class='ocrx_word' id='word_1_351' title='bbox 1187 2357 1403 2422; x_wconf 73' lang='lat' dir='ltr'>carthusianus,</span> <span class='ocrx_word' id='word_1_352' title='bbox 1425 2357 1583 2427; x_wconf 81' lang='lat' dir='ltr'>cajetanus.</span> <span class='ocrx_word' id='word_1_353' title='bbox 1617 2359 1764 2416; x_wconf 51' lang='lat' dir='ltr'>“Bessa</span> <span class='ocrx_word' id='word_1_354' title='bbox 1784 2359 1887 2416; x_wconf 87' lang='lat' dir='ltr'>Justiu.</span> <span class='ocrx_word' id='word_1_355' title='bbox 1906 2362 1935 2414; x_wconf 92' lang='lat' dir='ltr'>iu</span> 
     </span>
     <span class='ocr_line' id='line_1_26' title="bbox 237 2436 1934 2516; baseline -0.001 -17"><span class='ocrx_word' id='word_1_356' title='bbox 237 2446 357 2513; x_wconf 71' lang='lat' dir='ltr'>Moysen</span> <span class='ocrx_word' id='word_1_357' title='bbox 376 2445 428 2498; x_wconf 87' lang='lat' dir='ltr'>hoe</span> <span class='ocrx_word' id='word_1_358' title='bbox 447 2444 508 2498; x_wconf 87' lang='lat' dir='ltr'>loco</span> <span class='ocrx_word' id='word_1_359' title='bbox 528 2444 707 2516; x_wconf 77' lang='lat' dir='ltr'>Scriptorum</span> <span class='ocrx_word' id='word_1_360' title='bbox 727 2444 838 2513; x_wconf 79' lang='lat' dir='ltr'>Moysis</span> <span class='ocrx_word' id='word_1_361' title='bbox 862 2445 1024 2514; x_wconf 81' lang='lat' dir='ltr'>appellari,</span> <span class='ocrx_word' id='word_1_362' title='bbox 1043 2445 1073 2499; x_wconf 91' lang='lat' dir='ltr'>in</span> <span class='ocrx_word' id='word_1_363' title='bbox 1099 2443 1159 2499; x_wconf 91' lang='lat' dir='ltr'>hoc.</span> <span class='ocrx_word' id='word_1_364' title='bbox 1179 2443 1239 2499; x_wconf 89' lang='lat' dir='ltr'>loco</span> <span class='ocrx_word' id='word_1_365' title='bbox 1257 2462 1284 2514; x_wconf 86' lang='lat' dir='ltr'>p.</span> <span class='ocrx_word' id='word_1_366' title='bbox 1306 2436 1367 2499; x_wconf 83' lang='lat'>5&#39;95:</span> <span class='ocrx_word' id='word_1_367' title='bbox 1397 2444 1452 2506; x_wconf 84' lang='lat' dir='ltr'>Qui</span> <span class='ocrx_word' id='word_1_368' title='bbox 1474 2445 1526 2498; x_wconf 88' lang='lat' dir='ltr'>hoc</span> <span class='ocrx_word' id='word_1_369' title='bbox 1545 2445 1606 2497; x_wconf 86' lang='lat' dir='ltr'>loco</span> <span class='ocrx_word' id='word_1_370' title='bbox 1625 2448 1660 2498; x_wconf 89' lang='lat' dir='ltr'>de</span> <span class='ocrx_word' id='word_1_371' title='bbox 1679 2447 1755 2498; x_wconf 87' lang='lat' dir='ltr'>cultu</span> <span class='ocrx_word' id='word_1_372' title='bbox 1774 2454 1801 2499; x_wconf 90' lang='lat' dir='ltr'>et</span> <span class='ocrx_word' id='word_1_373' title='bbox 1819 2463 1934 2500; x_wconf 87' lang='lat' dir='ltr'>ueneru-</span> 
     </span>
     <span class='ocr_line' id='line_1_27' title="bbox 237 2530 1932 2600; baseline 0 -16"><span class='ocrx_word' id='word_1_374' title='bbox 237 2548 293 2600; x_wconf 74' lang='lat' dir='ltr'>qua</span> <span class='ocrx_word' id='word_1_375' title='bbox 318 2531 450 2586; x_wconf 87' lang='lat' dir='ltr'>dicuntur</span> <span class='ocrx_word' id='word_1_376' title='bbox 483 2547 560 2599; x_wconf 68' lang='lat' dir='ltr'>mem</span> <span class='ocrx_word' id='word_1_377' title='bbox 584 2547 665 2584; x_wconf 76' lang='lat' dir='ltr'>setam</span> <span class='ocrx_word' id='word_1_378' title='bbox 682 2530 808 2600; x_wconf 85' lang='lat' dir='ltr'>positam</span> <span class='ocrx_word' id='word_1_379' title='bbox 834 2530 975 2599; x_wconf 88' lang='lat' dir='ltr'>habuisse,</span> <span class='ocrx_word' id='word_1_380' title='bbox 1005 2532 1072 2599; x_wconf 77' lang='lat' dir='ltr'>quia</span> <span class='ocrx_word' id='word_1_381' title='bbox 1099 2531 1173 2583; x_wconf 88' lang='lat' dir='ltr'>tione</span> <span class='ocrx_word' id='word_1_382' title='bbox 1193 2539 1355 2584; x_wconf 74' lang='lat' dir='ltr'>satiatorum</span> <span class='ocrx_word' id='word_1_383' title='bbox 1375 2538 1475 2583; x_wconf 88' lang='lat' dir='ltr'>contra</span> <span class='ocrx_word' id='word_1_384' title='bbox 1498 2531 1654 2584; x_wconf 86' lang='lat' dir='ltr'>haereticos</span> <span class='ocrx_word' id='word_1_385' title='bbox 1673 2531 1830 2600; x_wconf 87' lang='lat' dir='ltr'>disserunt,</span> <span class='ocrx_word' id='word_1_386' title='bbox 1844 2532 1932 2600; x_wconf 79' lang='lat' dir='ltr'>ptam</span> 
     </span>
     <span class='ocr_line' id='line_1_28' title="bbox 237 2615 1933 2685; baseline 0.001 -17"><span class='ocrx_word' id='word_1_387' title='bbox 237 2616 443 2680; x_wconf 76' lang='lat' dir='ltr'>existimabant,</span> <span class='ocrx_word' id='word_1_388' title='bbox 462 2630 491 2669; x_wconf 87' lang='lat' dir='ltr'>se</span> <span class='ocrx_word' id='word_1_389' title='bbox 511 2617 733 2670; x_wconf 86' lang='lat' dir='ltr'>ceremoniarum</span> <span class='ocrx_word' id='word_1_390' title='bbox 754 2616 933 2685; x_wconf 81' lang='lat' dir='ltr'>stirpalium</span> <span class='ocrx_word' id='word_1_391' title='bbox 954 2620 1072 2671; x_wconf 89' lang='lat' dir='ltr'>manda·</span> <span class='ocrx_word' id='word_1_392' title='bbox 1099 2615 1200 2669; x_wconf 89' lang='lat' dir='ltr'>ludunt</span> <span class='ocrx_word' id='word_1_393' title='bbox 1217 2623 1296 2668; x_wconf 78' lang='lat' dir='ltr'>entra</span> <span class='ocrx_word' id='word_1_394' title='bbox 1314 2616 1436 2672; x_wconf 84' lang='lat' dir='ltr'>charum.</span> <span class='ocrx_word' id='word_1_395' title='bbox 1471 2616 1515 2667; x_wconf 90' lang='lat' dir='ltr'>De</span> <span class='ocrx_word' id='word_1_396' title='bbox 1528 2615 1565 2667; x_wconf 88' lang='lat' dir='ltr'>iis</span> <span class='ocrx_word' id='word_1_397' title='bbox 1583 2617 1654 2667; x_wconf 87' lang='lat' dir='ltr'>enim</span> <span class='ocrx_word' id='word_1_398' title='bbox 1674 2616 1780 2668; x_wconf 87' lang='lat' dir='ltr'>sanctis</span> <span class='ocrx_word' id='word_1_399' title='bbox 1800 2617 1933 2684; x_wconf 83' lang='lat' dir='ltr'>loquitur,</span> 
     </span>
     <span class='ocr_line' id='line_1_29' title="bbox 236 2700 1933 2770; baseline 0 -16"><span class='ocrx_word' id='word_1_400' title='bbox 236 2710 327 2755; x_wconf 88' lang='lat' dir='ltr'>torum</span> <span class='ocrx_word' id='word_1_401' title='bbox 358 2702 549 2755; x_wconf 88' lang='lat' dir='ltr'>obseruatione</span> <span class='ocrx_word' id='word_1_402' title='bbox 576 2702 664 2754; x_wconf 89' lang='lat' dir='ltr'>uitam</span> <span class='ocrx_word' id='word_1_403' title='bbox 696 2710 838 2754; x_wconf 80' lang='lat' dir='ltr'>artemam</span> <span class='ocrx_word' id='word_1_404' title='bbox 867 2711 1072 2760; x_wconf 82' lang='lat' dir='ltr'>consecuturos.</span> <span class='ocrx_word' id='word_1_405' title='bbox 1099 2718 1215 2770; x_wconf 73' lang='lat' dir='ltr'>quorum</span> <span class='ocrx_word' id='word_1_406' title='bbox 1234 2700 1343 2755; x_wconf 74' lang='lat' dir='ltr'>oisemo</span> <span class='ocrx_word' id='word_1_407' title='bbox 1359 2701 1466 2754; x_wconf 76' lang='lat' dir='ltr'>adrian</span> <span class='ocrx_word' id='word_1_408' title='bbox 1486 2700 1572 2752; x_wconf 89' lang='lat' dir='ltr'>multo</span> <span class='ocrx_word' id='word_1_409' title='bbox 1588 2707 1654 2770; x_wconf 83' lang='lat' dir='ltr'>post</span> <span class='ocrx_word' id='word_1_410' title='bbox 1669 2717 1724 2768; x_wconf 83' lang='lat' dir='ltr'>per</span> <span class='ocrx_word' id='word_1_411' title='bbox 1743 2701 1933 2754; x_wconf 80' lang='lat' dir='ltr'>Philemonem</span> 
     </span>
     <span class='ocr_line' id='line_1_30' title="bbox 236 2785 1933 2856; baseline 0 -16"><span class='ocrx_word' id='word_1_412' title='bbox 236 2785 316 2842; x_wconf 86' lang='lat' dir='ltr'>Haec</span> <span class='ocrx_word' id='word_1_413' title='bbox 336 2785 512 2840; x_wconf 86' lang='lat' dir='ltr'>Maldonatus</span> <span class='ocrx_word' id='word_1_414' title='bbox 528 2785 600 2841; x_wconf 81' lang='lat' dir='ltr'>isles</span> <span class='ocrx_word' id='word_1_415' title='bbox 620 2785 691 2840; x_wconf 84' lang='lat' dir='ltr'>veria</span> <span class='ocrx_word' id='word_1_416' title='bbox 709 2785 874 2843; x_wconf 88' lang='lat' dir='ltr'>admiscens.</span> <span class='ocrx_word' id='word_1_417' title='bbox 904 2787 1009 2844; x_wconf 89' lang='lat' dir='ltr'>Verum</span> <span class='ocrx_word' id='word_1_418' title='bbox 1022 2796 1072 2854; x_wconf 87' lang='lat' dir='ltr'>est,</span> <span class='ocrx_word' id='word_1_419' title='bbox 1098 2789 1274 2856; x_wconf 77' lang='lat' dir='ltr'>requievisse,</span> <span class='ocrx_word' id='word_1_420' title='bbox 1294 2787 1456 2856; x_wconf 80' lang='lat' dir='ltr'>intellipens</span> <span class='ocrx_word' id='word_1_421' title='bbox 1476 2787 1682 2850; x_wconf 82' lang='lat' dir='ltr'>beneficentiam</span> <span class='ocrx_word' id='word_1_422' title='bbox 1695 2794 1721 2840; x_wconf 86' lang='lat' dir='ltr'>et</span> <span class='ocrx_word' id='word_1_423' title='bbox 1735 2787 1933 2842; x_wconf 82' lang='lat' dir='ltr'>liberalitatem</span> 
     </span>
     <span class='ocr_line' id='line_1_31' title="bbox 237 2869 1933 2945; baseline 0 -19"><span class='ocrx_word' id='word_1_424' title='bbox 237 2872 313 2944; x_wconf 89' lang='lat' dir='ltr'>quad</span> <span class='ocrx_word' id='word_1_425' title='bbox 327 2869 454 2926; x_wconf 89' lang='lat' dir='ltr'>Christus</span> <span class='ocrx_word' id='word_1_426' title='bbox 467 2872 591 2927; x_wconf 82' lang='lat' dir='ltr'>ludaeos</span> <span class='ocrx_word' id='word_1_427' title='bbox 608 2870 792 2942; x_wconf 88' lang='lat' dir='ltr'>reprehendat</span> <span class='ocrx_word' id='word_1_428' title='bbox 811 2873 846 2927; x_wconf 93' lang='lat' dir='ltr'>ob</span> <span class='ocrx_word' id='word_1_429' title='bbox 865 2881 1072 2945; x_wconf 89' lang='lat' dir='ltr'>praeposteram</span> <span class='ocrx_word' id='word_1_430' title='bbox 1099 2875 1130 2928; x_wconf 89' lang='lat' dir='ltr'>in</span> <span class='ocrx_word' id='word_1_431' title='bbox 1149 2875 1261 2939; x_wconf 77' lang='lat' dir='ltr'>fideles,</span> <span class='ocrx_word' id='word_1_432' title='bbox 1294 2874 1344 2944; x_wconf 79' lang='lat' dir='ltr'>qui</span> <span class='ocrx_word' id='word_1_433' title='bbox 1369 2881 1491 2944; x_wconf 79' lang='lat' dir='ltr'>propter</span> <span class='ocrx_word' id='word_1_434' title='bbox 1510 2875 1600 2940; x_wconf 85' lang='lat' dir='ltr'>fidem</span> <span class='ocrx_word' id='word_1_435' title='bbox 1630 2882 1655 2926; x_wconf 89' lang='lat' dir='ltr'>et</span> <span class='ocrx_word' id='word_1_436' title='bbox 1677 2883 1856 2927; x_wconf 72' lang='lat' dir='ltr'>armamenta</span> <span class='ocrx_word' id='word_1_437' title='bbox 1879 2893 1933 2928; x_wconf 87' lang='lat' dir='ltr'>non</span> 
     </span>
     <span class='ocr_line' id='line_1_32' title="bbox 235 2957 1933 3031; baseline 0.001 -20"><span class='ocrx_word' id='word_1_438' title='bbox 235 2957 310 3012; x_wconf 90' lang='lat' dir='ltr'>illam</span> <span class='ocrx_word' id='word_1_439' title='bbox 346 2975 422 3028; x_wconf 88' lang='lat' dir='ltr'>spem</span> <span class='ocrx_word' id='word_1_440' title='bbox 459 2958 488 3012; x_wconf 90' lang='lat' dir='ltr'>in</span> <span class='ocrx_word' id='word_1_441' title='bbox 521 2957 637 3028; x_wconf 82' lang='lat' dir='ltr'>Moysen</span> <span class='ocrx_word' id='word_1_442' title='bbox 678 2957 735 3012; x_wconf 87' lang='lat' dir='ltr'>sire</span> <span class='ocrx_word' id='word_1_443' title='bbox 770 2958 922 3013; x_wconf 87' lang='lat' dir='ltr'>doctrinam</span> <span class='ocrx_word' id='word_1_444' title='bbox 957 2960 1072 3031; x_wconf 82' lang='lat' dir='ltr'>Moysis,</span> <span class='ocrx_word' id='word_1_445' title='bbox 1098 2960 1182 3013; x_wconf 90' lang='lat' dir='ltr'>semel</span> <span class='ocrx_word' id='word_1_446' title='bbox 1201 2978 1219 3012; x_wconf 93' lang='lat' dir='ltr'>a</span> <span class='ocrx_word' id='word_1_447' title='bbox 1240 2959 1334 3012; x_wconf 87' lang='lat' dir='ltr'>Paulo</span> <span class='ocrx_word' id='word_1_448' title='bbox 1359 2959 1452 3012; x_wconf 85' lang='lat' dir='ltr'>sancti</span> <span class='ocrx_word' id='word_1_449' title='bbox 1475 2958 1726 3027; x_wconf 50' lang='lat' dir='ltr'>appellavisset)</span> <span class='ocrx_word' id='word_1_450' title='bbox 1773 2964 1797 3016; x_wconf 86' lang='grc'>3.</span> <span class='ocrx_word' id='word_1_451' title='bbox 1818 2959 1933 3013; x_wconf 85' lang='lat' dir='ltr'>Frustra</span> 
     </span>
     <span class='ocr_line' id='line_1_33' title="bbox 236 3042 1933 3119; baseline 0.002 -22"><span class='ocrx_word' id='word_1_452' title='bbox 236 3043 337 3099; x_wconf 85' lang='lat' dir='ltr'>falsum</span> <span class='ocrx_word' id='word_1_453' title='bbox 357 3061 431 3111; x_wconf 88' lang='lat' dir='ltr'>vere,</span> <span class='ocrx_word' id='word_1_454' title='bbox 451 3044 526 3114; x_wconf 90' lang='lat' dir='ltr'>quod</span> <span class='ocrx_word' id='word_1_455' title='bbox 539 3042 760 3114; x_wconf 89' lang='lat' dir='ltr'>reprehensionis</span> <span class='ocrx_word' id='word_1_456' title='bbox 779 3046 885 3116; x_wconf 87' lang='lat' dir='ltr'>species</span> <span class='ocrx_word' id='word_1_457' title='bbox 900 3045 945 3115; x_wconf 85' lang='lat' dir='ltr'>sit,</span> <span class='ocrx_word' id='word_1_458' title='bbox 961 3046 1071 3117; x_wconf 87' lang='lat' dir='ltr'>quando</span> <span class='ocrx_word' id='word_1_459' title='bbox 1085 3077 1087 3119; x_wconf 77' lang='lat'>:</span> <span class='ocrx_word' id='word_1_460' title='bbox 1099 3051 1231 3112; x_wconf 83' lang='lat' dir='ltr'>provocat</span> <span class='ocrx_word' id='word_1_461' title='bbox 1249 3044 1433 3099; x_wconf 87' lang='lat' dir='ltr'>Bellarminus</span> <span class='ocrx_word' id='word_1_462' title='bbox 1460 3045 1495 3098; x_wconf 91' lang='lat' dir='ltr'>ad</span> <span class='ocrx_word' id='word_1_463' title='bbox 1516 3044 1678 3114; x_wconf 86' lang='lat' dir='ltr'>Hieronymi</span> <span class='ocrx_word' id='word_1_464' title='bbox 1698 3045 1933 3109; x_wconf 85' lang='lat' dir='ltr'>commentarium,</span> 
     </span>
     <span class='ocr_line' id='line_1_34' title="bbox 236 3128 1934 3202; baseline -0.001 -18"><span class='ocrx_word' id='word_1_465' title='bbox 236 3130 265 3185; x_wconf 88' lang='lat' dir='ltr'>in</span> <span class='ocrx_word' id='word_1_466' title='bbox 290 3128 520 3202; x_wconf 85' lang='lat' dir='ltr'>praecedentibus</span> <span class='ocrx_word' id='word_1_467' title='bbox 544 3129 613 3183; x_wconf 87' lang='lat' dir='ltr'>dicit</span> <span class='ocrx_word' id='word_1_468' title='bbox 645 3128 770 3184; x_wconf 84' lang='lat' dir='ltr'>Christus</span> <span class='ocrx_word' id='word_1_469' title='bbox 800 3133 966 3186; x_wconf 86' lang='lat' dir='ltr'>scrutamini</span> <span class='ocrx_word' id='word_1_470' title='bbox 995 3132 1072 3186; x_wconf 83' lang='lat' dir='ltr'>Scri·</span> <span class='ocrx_word' id='word_1_471' title='bbox 1099 3132 1165 3202; x_wconf 91' lang='lat' dir='ltr'>quia</span> <span class='ocrx_word' id='word_1_472' title='bbox 1197 3130 1382 3200; x_wconf 85' lang='lat' dir='ltr'>Hieronymus</span> <span class='ocrx_word' id='word_1_473' title='bbox 1418 3129 1540 3200; x_wconf 91' lang='lat' dir='ltr'>loquitur</span> <span class='ocrx_word' id='word_1_474' title='bbox 1571 3130 1692 3199; x_wconf 85' lang='lat' dir='ltr'>deiide,</span> <span class='ocrx_word' id='word_1_475' title='bbox 1722 3137 1860 3201; x_wconf 87' lang='lat' dir='ltr'>quatenus</span> <span class='ocrx_word' id='word_1_476' title='bbox 1892 3140 1934 3185; x_wconf 88' lang='lat' dir='ltr'>est</span> 
     </span>
     <span class='ocr_line' id='line_1_35' title="bbox 233 3209 1932 3287; baseline 0 -16"><span class='ocrx_word' id='word_1_477' title='bbox 233 3225 347 3287; x_wconf 83' lang='lat' dir='ltr'>pturus.</span> <span class='ocrx_word' id='word_1_478' title='bbox 1099 3218 1198 3272; x_wconf 89' lang='lat' dir='ltr'>notitia</span> <span class='ocrx_word' id='word_1_479' title='bbox 1215 3225 1242 3272; x_wconf 91' lang='lat' dir='ltr'>et</span> <span class='ocrx_word' id='word_1_480' title='bbox 1259 3233 1402 3285; x_wconf 85' lang='lat' dir='ltr'>assensus,</span> <span class='ocrx_word' id='word_1_481' title='bbox 1427 3233 1481 3270; x_wconf 89' lang='lat' dir='ltr'>uon</span> <span class='ocrx_word' id='word_1_482' title='bbox 1500 3221 1592 3271; x_wconf 89' lang='lat' dir='ltr'>autem</span> <span class='ocrx_word' id='word_1_483' title='bbox 1616 3209 1757 3287; x_wconf 88' lang='lat' dir='ltr'>quatenus</span> <span class='ocrx_word' id='word_1_484' title='bbox 1772 3233 1801 3272; x_wconf 87' lang='lat' dir='ltr'>es</span> <span class='ocrx_word' id='word_1_485' title='bbox 1821 3215 1932 3281; x_wconf 85' lang='lat' dir='ltr'>fiducia,</span> 
     </span>
     <span class='ocr_line' id='line_1_36' title="bbox 107 3300 1933 3374; baseline -0.005 -9"><span class='ocrx_word' id='word_1_486' title='bbox 107 3321 225 3365; x_wconf 73' lang='lat' dir='ltr'>uenirem.</span> <span class='ocrx_word' id='word_1_487' title='bbox 274 3309 332 3361; x_wconf 81' lang='grc'><strong>368.</strong></span> <span class='ocrx_word' id='word_1_488' title='bbox 378 3310 401 3359; x_wconf 95' lang='grc'>2.</span> <span class='ocrx_word' id='word_1_489' title='bbox 430 3302 543 3358; x_wconf 89' lang='lat' dir='ltr'>Philem.</span> <span class='ocrx_word' id='word_1_490' title='bbox 568 3321 594 3356; x_wconf 86' lang='lat' dir='ltr'>v.</span> <span class='ocrx_word' id='word_1_491' title='bbox 620 3309 651 3358; x_wconf 81' lang='lat' dir='ltr'>t:</span> <span class='ocrx_word' id='word_1_492' title='bbox 686 3301 806 3357; x_wconf 80' lang='lat' dir='ltr'>Gratias</span> <span class='ocrx_word' id='word_1_493' title='bbox 837 3322 890 3373; x_wconf 81' lang='lat' dir='ltr'>apo</span> <span class='ocrx_word' id='word_1_494' title='bbox 918 3307 982 3360; x_wconf 89' lang='lat' dir='ltr'>Deo</span> <span class='ocrx_word' id='word_1_495' title='bbox 1013 3323 1071 3362; x_wconf 91' lang='lat' dir='ltr'>mee</span> <span class='ocrx_word' id='word_1_496' title='bbox 1099 3308 1184 3374; x_wconf 88' lang='lat' dir='ltr'>atque</span> <span class='ocrx_word' id='word_1_497' title='bbox 1210 3320 1242 3358; x_wconf 91' lang='lat' dir='ltr'>ea</span> <span class='ocrx_word' id='word_1_498' title='bbox 1272 3302 1407 3356; x_wconf 85' lang='lat' dir='ltr'>duntaxat</span> <span class='ocrx_word' id='word_1_499' title='bbox 1434 3301 1514 3356; x_wconf 91' lang='lat' dir='ltr'>modo</span> <span class='ocrx_word' id='word_1_500' title='bbox 1538 3300 1622 3355; x_wconf 89' lang='lat' dir='ltr'>fidem</span> <span class='ocrx_word' id='word_1_501' title='bbox 1648 3302 1749 3355; x_wconf 88' lang='lat' dir='ltr'>sanetis</span> <span class='ocrx_word' id='word_1_502' title='bbox 1776 3309 1933 3372; x_wconf 86' lang='lat' dir='ltr'>competere</span> 
     </span>
     <span class='ocr_line' id='line_1_37' title="bbox 108 3375 1931 3462; baseline -0.002 -17"><span class='ocrx_word' id='word_1_503' title='bbox 108 3388 130 3416; x_wconf 79' lang='lat'>&#39;¹</span> <span class='ocrx_word' id='word_1_504' title='bbox 145 3375 170 3415; x_wconf 79' lang='lat'>⁴²</span> <span class='ocrx_word' id='word_1_505' title='bbox 238 3407 347 3461; x_wconf 82' lang='lat' dir='ltr'>semper</span> <span class='ocrx_word' id='word_1_506' title='bbox 368 3391 530 3444; x_wconf 87' lang='lat' dir='ltr'>memorium</span> <span class='ocrx_word' id='word_1_507' title='bbox 553 3389 596 3441; x_wconf 86' lang='lat' dir='ltr'>tui</span> <span class='ocrx_word' id='word_1_508' title='bbox 617 3389 731 3454; x_wconf 84' lang='lat' dir='ltr'>faciens</span> <span class='ocrx_word' id='word_1_509' title='bbox 752 3391 781 3443; x_wconf 88' lang='lat' dir='ltr'>in</span> <span class='ocrx_word' id='word_1_510' title='bbox 801 3392 975 3446; x_wconf 86' lang='lat' dir='ltr'>orationibus</span> <span class='ocrx_word' id='word_1_511' title='bbox 994 3395 1070 3462; x_wconf 85' lang='lat' dir='ltr'>meis,</span> <span class='ocrx_word' id='word_1_512' title='bbox 1101 3391 1193 3454; x_wconf 87' lang='lat' dir='ltr'>docet,</span> <span class='ocrx_word' id='word_1_513' title='bbox 1225 3388 1299 3460; x_wconf 91' lang='lat' dir='ltr'>quad</span> <span class='ocrx_word' id='word_1_514' title='bbox 1327 3387 1496 3442; x_wconf 88' lang='lat' dir='ltr'>credendum</span> <span class='ocrx_word' id='word_1_515' title='bbox 1522 3387 1559 3440; x_wconf 88' lang='lat' dir='ltr'>sit</span> <span class='ocrx_word' id='word_1_516' title='bbox 1580 3387 1736 3448; x_wconf 87' lang='lat' dir='ltr'>doctrinae,</span> <span class='ocrx_word' id='word_1_517' title='bbox 1767 3404 1850 3459; x_wconf 90' lang='lat' dir='ltr'>quam</span> <span class='ocrx_word' id='word_1_518' title='bbox 1879 3387 1931 3443; x_wconf 90' lang='lat' dir='ltr'>Dei</span> 
     </span>
    </p>
   </div>
   <div class='ocr_carea' id='block_1_3' title="bbox 109 3428 1933 3546">
    <p class='ocr_par' dir='ltr' id='par_1_3' title="bbox 109 3428 1933 3546">
     <span class='ocr_line' id='line_1_38' title="bbox 109 3428 1933 3546; baseline -0.003 -14"><span class='ocrx_word' id='word_1_519' title='bbox 109 3428 211 3518; x_wconf 36' lang='lat' dir='ltr'>hirtii?</span> <span class='ocrx_word' id='word_1_520' title='bbox 238 3496 264 3534; x_wconf 79' lang='lat' dir='ltr'>r.</span> <span class='ocrx_word' id='word_1_521' title='bbox 284 3484 308 3533; x_wconf 88' lang='lat'>5.</span> <span class='ocrx_word' id='word_1_522' title='bbox 327 3477 447 3531; x_wconf 88' lang='lat' dir='ltr'>audiens</span> <span class='ocrx_word' id='word_1_523' title='bbox 466 3478 613 3529; x_wconf 74' lang='lat' dir='ltr'>car-itatem</span> <span class='ocrx_word' id='word_1_524' title='bbox 632 3483 709 3528; x_wconf 90' lang='lat' dir='ltr'>tuam</span> <span class='ocrx_word' id='word_1_525' title='bbox 727 3483 753 3529; x_wconf 91' lang='lat' dir='ltr'>et</span> <span class='ocrx_word' id='word_1_526' title='bbox 769 3478 867 3546; x_wconf 72' lang='lat' dir='ltr'>fidem,</span> <span class='ocrx_word' id='word_1_527' title='bbox 888 3497 971 3546; x_wconf 80' lang='lat' dir='ltr'>quam</span> <span class='ocrx_word' id='word_1_528' title='bbox 988 3481 1073 3535; x_wconf 90' lang='lat' dir='ltr'>habes</span> <span class='ocrx_word' id='word_1_529' title='bbox 1099 3476 1208 3531; x_wconf 92' lang='lat' dir='ltr'>nomine</span> <span class='ocrx_word' id='word_1_530' title='bbox 1227 3480 1255 3528; x_wconf 89' lang='lat' dir='ltr'>et</span> <span class='ocrx_word' id='word_1_531' title='bbox 1271 3472 1401 3526; x_wconf 87' lang='lat' dir='ltr'>mandato</span> <span class='ocrx_word' id='word_1_532' title='bbox 1425 3471 1504 3527; x_wconf 90' lang='lat' dir='ltr'>nobis</span> <span class='ocrx_word' id='word_1_533' title='bbox 1528 3477 1743 3541; x_wconf 88' lang='lat' dir='ltr'>proposuerunt,</span> <span class='ocrx_word' id='word_1_534' title='bbox 1768 3472 1798 3525; x_wconf 93' lang='lat' dir='ltr'>id</span> <span class='ocrx_word' id='word_1_535' title='bbox 1821 3474 1897 3543; x_wconf 88' lang='lat' dir='ltr'>quod</span> <span class='ocrx_word' id='word_1_536' title='bbox 1915 3491 1933 3526; x_wconf 88' lang='lat' dir='ltr'>a</span> 
     </span>
    </p>
   </div>
   <div class='ocr_carea' id='block_1_4' title="bbox 103 3533 1935 5438">
    <p class='ocr_par' dir='ltr' id='par_1_4' title="bbox 103 3533 1935 4064">
     <span class='ocr_line' id='line_1_39' title="bbox 108 3533 1935 3635; baseline -0.007 -13"><span class='ocrx_word' id='word_1_537' title='bbox 108 3533 224 3628; x_wconf 46' lang='lat' dir='ltr'>‘simulem</span> <span class='ocrx_word' id='word_1_538' title='bbox 238 3564 267 3617; x_wconf 87' lang='lat' dir='ltr'>in</span> <span class='ocrx_word' id='word_1_539' title='bbox 286 3563 438 3616; x_wconf 89' lang='lat' dir='ltr'>Dominum</span> <span class='ocrx_word' id='word_1_540' title='bbox 457 3562 555 3615; x_wconf 73' lang='lat' dir='ltr'>,Iesum</span> <span class='ocrx_word' id='word_1_541' title='bbox 574 3569 601 3614; x_wconf 86' lang='lat' dir='ltr'>et</span> <span class='ocrx_word' id='word_1_542' title='bbox 620 3561 661 3612; x_wconf 88' lang='lat' dir='ltr'>ad</span> <span class='ocrx_word' id='word_1_543' title='bbox 677 3577 771 3614; x_wconf 83' lang='lat' dir='ltr'>omnes</span> <span class='ocrx_word' id='word_1_544' title='bbox 788 3570 909 3620; x_wconf 80' lang='lat' dir='ltr'>sanctes.</span> <span class='ocrx_word' id='word_1_545' title='bbox 943 3565 978 3618; x_wconf 89' lang='lat' dir='ltr'>In</span> <span class='ocrx_word' id='word_1_546' title='bbox 993 3582 1072 3635; x_wconf 77' lang='lat' dir='ltr'>quem</span> <span class='ocrx_word' id='word_1_547' title='bbox 1100 3560 1181 3615; x_wconf 88' lang='lat' dir='ltr'>nobis</span> <span class='ocrx_word' id='word_1_548' title='bbox 1199 3559 1310 3615; x_wconf 89' lang='lat' dir='ltr'>minime</span> <span class='ocrx_word' id='word_1_549' title='bbox 1328 3566 1453 3629; x_wconf 79' lang='lat' dir='ltr'>negatur.</span> <span class='ocrx_word' id='word_1_550' title='bbox 1489 3560 1540 3612; x_wconf 86' lang='lat' dir='ltr'>Ad</span> <span class='ocrx_word' id='word_1_551' title='bbox 1557 3559 1755 3629; x_wconf 72' lang='lat' dir='ltr'>expositionem</span> <span class='ocrx_word' id='word_1_552' title='bbox 1774 3558 1859 3626; x_wconf 75' lang='lat' dir='ltr'>hujus</span> <span class='ocrx_word' id='word_1_553' title='bbox 1877 3560 1935 3613; x_wconf 82' lang='lat' dir='ltr'>lori</span> 
     </span>
     <span class='ocr_line' id='line_1_40' title="bbox 107 3644 1933 3724; baseline -0.002 -20"><span class='ocrx_word' id='word_1_554' title='bbox 107 3644 178 3724; x_wconf 56' lang='lat'>§2¹:2¹2</span> <span class='ocrx_word' id='word_1_555' title='bbox 193 3683 215 3724; x_wconf 85' lang='lat' dir='ltr'>tn</span> <span class='ocrx_word' id='word_1_556' title='bbox 238 3651 331 3704; x_wconf 86' lang='lat' dir='ltr'>locum</span> <span class='ocrx_word' id='word_1_557' title='bbox 347 3649 533 3715; x_wconf 78' lang='lat' dir='ltr'>Hieronymus</span> <span class='ocrx_word' id='word_1_558' title='bbox 546 3647 661 3718; x_wconf 64' lang='lat' dir='ltr'>proiice</span> <span class='ocrx_word' id='word_1_559' title='bbox 674 3649 802 3717; x_wconf 87' lang='lat' dir='ltr'>ostendit,</span> <span class='ocrx_word' id='word_1_560' title='bbox 821 3650 904 3702; x_wconf 82' lang='lat' dir='ltr'>etiam</span> <span class='ocrx_word' id='word_1_561' title='bbox 919 3650 1072 3707; x_wconf 87' lang='lat' dir='ltr'>insanctos</span> <span class='ocrx_word' id='word_1_562' title='bbox 1100 3647 1209 3718; x_wconf 76' lang='lat' dir='ltr'>(inquit)</span> <span class='ocrx_word' id='word_1_563' title='bbox 1232 3649 1268 3699; x_wconf 91' lang='lat' dir='ltr'>de</span> <span class='ocrx_word' id='word_1_564' title='bbox 1290 3647 1393 3699; x_wconf 79' lang='lat' dir='ltr'>Exodo</span> <span class='ocrx_word' id='word_1_565' title='bbox 1419 3663 1561 3698; x_wconf 86' lang='lat' dir='ltr'>sumamus</span> <span class='ocrx_word' id='word_1_566' title='bbox 1590 3645 1754 3717; x_wconf 78' lang='lat' dir='ltr'>exemplum.</span> <span class='ocrx_word' id='word_1_567' title='bbox 1803 3645 1933 3700; x_wconf 80' lang='lat' dir='ltr'>Credidit</span> 
     </span>
     <span class='ocr_line' id='line_1_41' title="bbox 103 3730 1933 3807; baseline 0 -23"><span class='ocrx_word' id='word_1_568' title='bbox 103 3734 337 3789; x_wconf 70' lang='lat' dir='ltr'>surisahabem&#39;</span> <span class='ocrx_word' id='word_1_569' title='bbox 353 3735 453 3788; x_wconf 85' lang='lat' dir='ltr'>debere</span> <span class='ocrx_word' id='word_1_570' title='bbox 465 3736 564 3802; x_wconf 79' lang='lat' dir='ltr'>fidem.</span> <span class='ocrx_word' id='word_1_571' title='bbox 602 3731 787 3788; x_wconf 89' lang='lat' dir='ltr'>Bellarminus</span> <span class='ocrx_word' id='word_1_572' title='bbox 811 3734 839 3792; x_wconf 93' lang='lat' dir='ltr'>d.</span> <span class='ocrx_word' id='word_1_573' title='bbox 857 3734 875 3789; x_wconf 95' lang='lat' dir='ltr'>l.</span> <span class='ocrx_word' id='word_1_574' title='bbox 912 3735 1072 3807; x_wconf 87' lang='lat' dir='ltr'>Responde·</span> <span class='ocrx_word' id='word_1_575' title='bbox 1097 3733 1219 3805; x_wconf 82' lang='lat' dir='ltr'>populus</span> <span class='ocrx_word' id='word_1_576' title='bbox 1231 3734 1296 3785; x_wconf 91' lang='lat' dir='ltr'>Deo</span> <span class='ocrx_word' id='word_1_577' title='bbox 1315 3739 1339 3786; x_wconf 91' lang='lat' dir='ltr'>et</span> <span class='ocrx_word' id='word_1_578' title='bbox 1354 3730 1452 3799; x_wconf 68' lang='lat' dir='ltr'>blaesi</span> <span class='ocrx_word' id='word_1_579' title='bbox 1467 3731 1626 3798; x_wconf 80' lang='lat' dir='ltr'>seruoejus.</span> <span class='ocrx_word' id='word_1_580' title='bbox 1660 3732 1815 3800; x_wconf 78' lang='lat' dir='ltr'>Uirumque</span> <span class='ocrx_word' id='word_1_581' title='bbox 1834 3734 1933 3786; x_wconf 85' lang='lat' dir='ltr'>eodem</span> 
     </span>
     <span class='ocr_line' id='line_1_42' title="bbox 106 3806 1933 3898; baseline -0.002 -22"><span class='ocrx_word' id='word_1_582' title='bbox 106 3806 223 3898; x_wconf 51' lang='grc' dir='ltr'>ᾖξ’ξῃξξζ,</span> <span class='ocrx_word' id='word_1_583' title='bbox 238 3839 315 3879; x_wconf 89' lang='lat' dir='ltr'>mus:</span> <span class='ocrx_word' id='word_1_584' title='bbox 338 3827 359 3876; x_wconf 93' lang='lat' dir='ltr'>l.</span> <span class='ocrx_word' id='word_1_585' title='bbox 377 3819 478 3874; x_wconf 89' lang='lat' dir='ltr'>Paulus</span> <span class='ocrx_word' id='word_1_586' title='bbox 498 3818 620 3889; x_wconf 88' lang='lat' dir='ltr'>loquitur</span> <span class='ocrx_word' id='word_1_587' title='bbox 638 3818 673 3873; x_wconf 92' lang='lat' dir='ltr'>de</span> <span class='ocrx_word' id='word_1_588' title='bbox 691 3819 793 3872; x_wconf 86' lang='lat' dir='ltr'>sanetis</span> <span class='ocrx_word' id='word_1_589' title='bbox 815 3821 844 3873; x_wconf 91' lang='lat' dir='ltr'>in</span> <span class='ocrx_word' id='word_1_590' title='bbox 862 3820 906 3873; x_wconf 86' lang='lat' dir='ltr'>his</span> <span class='ocrx_word' id='word_1_591' title='bbox 922 3825 1007 3876; x_wconf 78' lang='lat' dir='ltr'>terris</span> <span class='ocrx_word' id='word_1_592' title='bbox 1019 3826 1072 3877; x_wconf 88' lang='lat' dir='ltr'>ad-</span> <span class='ocrx_word' id='word_1_593' title='bbox 1099 3819 1256 3874; x_wconf 85' lang='lat' dir='ltr'>credulitas</span> <span class='ocrx_word' id='word_1_594' title='bbox 1274 3819 1305 3871; x_wconf 86' lang='lat' dir='ltr'>in</span> <span class='ocrx_word' id='word_1_595' title='bbox 1317 3819 1436 3885; x_wconf 74' lang='lat' dir='ltr'>Moysen</span> <span class='ocrx_word' id='word_1_596' title='bbox 1452 3817 1578 3882; x_wconf 82' lang='lat' dir='ltr'>refertur</span> <span class='ocrx_word' id='word_1_597' title='bbox 1595 3824 1619 3869; x_wconf 88' lang='lat' dir='ltr'>st</span> <span class='ocrx_word' id='word_1_598' title='bbox 1640 3817 1668 3869; x_wconf 86' lang='lat' dir='ltr'>iu</span> <span class='ocrx_word' id='word_1_599' title='bbox 1682 3819 1782 3880; x_wconf 90' lang='lat' dir='ltr'>Deum,</span> <span class='ocrx_word' id='word_1_600' title='bbox 1800 3825 1829 3869; x_wconf 90' lang='lat' dir='ltr'>ut</span> <span class='ocrx_word' id='word_1_601' title='bbox 1841 3837 1933 3889; x_wconf 74' lang='lat' dir='ltr'>popm</span> 
     </span>
     <span class='ocr_line' id='line_1_43' title="bbox 107 3903 1932 3977; baseline -0.003 -15"><span class='ocrx_word' id='word_1_602' title='bbox 107 3913 205 3950; x_wconf 56' lang='grc' dir='ltr'>’ΝΜ</span> <span class='ocrx_word' id='word_1_603' title='bbox 236 3911 290 3963; x_wconf 84' lang='lat' dir='ltr'>true</span> <span class='ocrx_word' id='word_1_604' title='bbox 307 3908 475 3975; x_wconf 76' lang='lat' dir='ltr'>nubentibus,</span> <span class='ocrx_word' id='word_1_605' title='bbox 502 3914 533 3960; x_wconf 91' lang='lat' dir='ltr'>ut</span> <span class='ocrx_word' id='word_1_606' title='bbox 553 3909 632 3976; x_wconf 84' lang='lat' dir='ltr'>patet</span> <span class='ocrx_word' id='word_1_607' title='bbox 656 3922 689 3961; x_wconf 87' lang='lat' dir='ltr'>ex</span> <span class='ocrx_word' id='word_1_608' title='bbox 714 3904 840 3975; x_wconf 88' lang='lat' dir='ltr'>subjecta</span> <span class='ocrx_word' id='word_1_609' title='bbox 859 3904 983 3977; x_wconf 70' lang='grc' dir='ltr'>ἐξηγήσει</span> <span class='ocrx_word' id='word_1_610' title='bbox 1002 3925 1025 3963; x_wconf 87' lang='lat' dir='ltr'>v.</span> <span class='ocrx_word' id='word_1_611' title='bbox 1048 3917 1072 3966; x_wconf 84' lang='grc'>7,</span> <span class='ocrx_word' id='word_1_612' title='bbox 1097 3907 1156 3969; x_wconf 87' lang='lat' dir='ltr'>lus,</span> <span class='ocrx_word' id='word_1_613' title='bbox 1186 3905 1236 3974; x_wconf 73' lang='lat' dir='ltr'>qui</span> <span class='ocrx_word' id='word_1_614' title='bbox 1251 3904 1383 3957; x_wconf 85' lang='lat' dir='ltr'>credebat</span> <span class='ocrx_word' id='word_1_615' title='bbox 1412 3904 1441 3956; x_wconf 91' lang='lat' dir='ltr'>in</span> <span class='ocrx_word' id='word_1_616' title='bbox 1468 3903 1636 3972; x_wconf 87' lang='lat' dir='ltr'>Dominum,</span> <span class='ocrx_word' id='word_1_617' title='bbox 1664 3920 1751 3971; x_wconf 81' lang='lat' dir='ltr'>aeque</span> <span class='ocrx_word' id='word_1_618' title='bbox 1776 3904 1932 3958; x_wconf 83' lang='lat' dir='ltr'>credidisse</span> 
     </span>
     <span class='ocr_line' id='line_1_44' title="bbox 235 3988 1933 4064; baseline -0.004 -15"><span class='ocrx_word' id='word_1_619' title='bbox 235 3995 371 4064; x_wconf 71' lang='lat' dir='ltr'>nandium</span> <span class='ocrx_word' id='word_1_620' title='bbox 391 4009 521 4061; x_wconf 71' lang='lat' dir='ltr'>maurium</span> <span class='ocrx_word' id='word_1_621' title='bbox 544 3992 632 4045; x_wconf 89' lang='lat' dir='ltr'>habui</span> <span class='ocrx_word' id='word_1_622' title='bbox 652 3999 678 4046; x_wconf 93' lang='lat' dir='ltr'>et</span> <span class='ocrx_word' id='word_1_623' title='bbox 705 3994 922 4047; x_wconf 83' lang='lat' dir='ltr'>consolationem</span> <span class='ocrx_word' id='word_1_624' title='bbox 948 3996 977 4048; x_wconf 87' lang='lat' dir='ltr'>in</span> <span class='ocrx_word' id='word_1_625' title='bbox 998 3997 1072 4050; x_wconf 81' lang='lat' dir='ltr'>eari-</span> <span class='ocrx_word' id='word_1_626' title='bbox 1099 3992 1211 4046; x_wconf 81' lang='lat' dir='ltr'>dicatur</span> <span class='ocrx_word' id='word_1_627' title='bbox 1230 3990 1259 4043; x_wconf 91' lang='lat' dir='ltr'>in</span> <span class='ocrx_word' id='word_1_628' title='bbox 1277 4005 1393 4042; x_wconf 90' lang='lat' dir='ltr'>seruum.</span> <span class='ocrx_word' id='word_1_629' title='bbox 1424 3990 1586 4042; x_wconf 87' lang='lat' dir='ltr'>Hecautem</span> <span class='ocrx_word' id='word_1_630' title='bbox 1601 4006 1655 4040; x_wconf 91' lang='lat' dir='ltr'>non</span> <span class='ocrx_word' id='word_1_631' title='bbox 1670 3988 1760 4040; x_wconf 88' lang='lat' dir='ltr'>solum</span> <span class='ocrx_word' id='word_1_632' title='bbox 1778 3988 1808 4041; x_wconf 88' lang='lat' dir='ltr'>in</span> <span class='ocrx_word' id='word_1_633' title='bbox 1824 3991 1933 4059; x_wconf 76' lang='lat' dir='ltr'>hioyse,</span> 
     </span>
    </p>

    <p class='ocr_par' dir='ltr' id='par_1_5' title="bbox 236 4074 1933 4149">
     <span class='ocr_line' id='line_1_45' title="bbox 236 4074 1933 4149; baseline -0.004 -14"><span class='ocrx_word' id='word_1_634' title='bbox 236 4089 291 4135; x_wconf 88' lang='lat' dir='ltr'>tate</span> <span class='ocrx_word' id='word_1_635' title='bbox 310 4088 374 4147; x_wconf 82' lang='lat' dir='ltr'>ture,</span> <span class='ocrx_word' id='word_1_636' title='bbox 399 4079 467 4148; x_wconf 82' lang='lat' dir='ltr'>quia</span> <span class='ocrx_word' id='word_1_637' title='bbox 490 4077 600 4131; x_wconf 86' lang='lat' dir='ltr'>viscera</span> <span class='ocrx_word' id='word_1_638' title='bbox 624 4085 784 4132; x_wconf 88' lang='lat' dir='ltr'>sanctorum</span> <span class='ocrx_word' id='word_1_639' title='bbox 807 4080 1002 4148; x_wconf 74' lang='lat' dir='ltr'>requieverunt</span> <span class='ocrx_word' id='word_1_640' title='bbox 1017 4099 1072 4149; x_wconf 82' lang='lat' dir='ltr'>per</span> <span class='ocrx_word' id='word_1_641' title='bbox 1097 4079 1150 4131; x_wconf 87' lang='lat' dir='ltr'>sed</span> <span class='ocrx_word' id='word_1_642' title='bbox 1182 4079 1211 4130; x_wconf 87' lang='lat' dir='ltr'>in</span> <span class='ocrx_word' id='word_1_643' title='bbox 1245 4076 1372 4128; x_wconf 87' lang='lat' dir='ltr'>omnibu-s</span> <span class='ocrx_word' id='word_1_644' title='bbox 1400 4075 1506 4127; x_wconf 75' lang='lat' dir='ltr'>soractis</span> <span class='ocrx_word' id='word_1_645' title='bbox 1539 4074 1599 4141; x_wconf 73' lang='lat' dir='ltr'>ejus</span> <span class='ocrx_word' id='word_1_646' title='bbox 1629 4081 1685 4140; x_wconf 87' lang='lat' dir='ltr'>est,</span> <span class='ocrx_word' id='word_1_647' title='bbox 1715 4083 1745 4126; x_wconf 90' lang='lat' dir='ltr'>ut</span> <span class='ocrx_word' id='word_1_648' title='bbox 1776 4078 1933 4146; x_wconf 76' lang='lat' dir='ltr'>quicunque</span> 
     </span>
    </p>

    <p class='ocr_par' dir='ltr' id='par_1_6' title="bbox 234 4161 1933 4405">
     <span class='ocr_line' id='line_1_46' title="bbox 236 4161 1933 4234; baseline -0.001 -17"><span class='ocrx_word' id='word_1_649' title='bbox 236 4173 261 4219; x_wconf 91' lang='lat' dir='ltr'>te</span> <span class='ocrx_word' id='word_1_650' title='bbox 284 4166 387 4230; x_wconf 80' lang='lat' dir='ltr'>frater.</span> <span class='ocrx_word' id='word_1_651' title='bbox 439 4161 494 4218; x_wconf 90' lang='lat' dir='ltr'>Sed</span> <span class='ocrx_word' id='word_1_652' title='bbox 520 4161 571 4217; x_wconf 91' lang='lat' dir='ltr'>hee</span> <span class='ocrx_word' id='word_1_653' title='bbox 598 4163 658 4217; x_wconf 89' lang='lat' dir='ltr'>loeo</span> <span class='ocrx_word' id='word_1_654' title='bbox 689 4162 814 4234; x_wconf 89' lang='lat' dir='ltr'>quaestio</span> <span class='ocrx_word' id='word_1_655' title='bbox 841 4170 883 4218; x_wconf 89' lang='lat' dir='ltr'>est</span> <span class='ocrx_word' id='word_1_656' title='bbox 909 4164 945 4219; x_wconf 91' lang='lat' dir='ltr'>de</span> <span class='ocrx_word' id='word_1_657' title='bbox 969 4166 1071 4220; x_wconf 89' lang='lat' dir='ltr'>sanctia</span> <span class='ocrx_word' id='word_1_658' title='bbox 1098 4163 1220 4218; x_wconf 84' lang='lat' dir='ltr'>credidit</span> <span class='ocrx_word' id='word_1_659' title='bbox 1241 4165 1315 4225; x_wconf 89' lang='lat' dir='ltr'>Deo,</span> <span class='ocrx_word' id='word_1_660' title='bbox 1332 4163 1418 4214; x_wconf 84' lang='lat' dir='ltr'>aliter</span> <span class='ocrx_word' id='word_1_661' title='bbox 1431 4163 1522 4229; x_wconf 81' lang='lat' dir='ltr'>fidem</span> <span class='ocrx_word' id='word_1_662' title='bbox 1541 4162 1603 4229; x_wconf 86' lang='lat' dir='ltr'>ejus</span> <span class='ocrx_word' id='word_1_663' title='bbox 1620 4161 1746 4230; x_wconf 71' lang='lat' dir='ltr'>recepere</span> <span class='ocrx_word' id='word_1_664' title='bbox 1766 4180 1822 4216; x_wconf 89' lang='lat' dir='ltr'>non</span> <span class='ocrx_word' id='word_1_665' title='bbox 1841 4173 1933 4230; x_wconf 75' lang='lat' dir='ltr'>pereat,</span> 
     </span>
     <span class='ocr_line' id='line_1_47' title="bbox 236 4246 1932 4320; baseline -0.002 -16"><span class='ocrx_word' id='word_1_666' title='bbox 236 4249 381 4304; x_wconf 87' lang='lat' dir='ltr'>defunctis.</span> <span class='ocrx_word' id='word_1_667' title='bbox 428 4253 450 4303; x_wconf 88' lang='grc'>2.</span> <span class='ocrx_word' id='word_1_668' title='bbox 469 4247 609 4317; x_wconf 80' lang='lat' dir='ltr'>Trajeetio</span> <span class='ocrx_word' id='word_1_669' title='bbox 634 4249 663 4303; x_wconf 91' lang='lat' dir='ltr'>in</span> <span class='ocrx_word' id='word_1_670' title='bbox 689 4254 766 4304; x_wconf 87' lang='lat' dir='ltr'>textu</span> <span class='ocrx_word' id='word_1_671' title='bbox 792 4250 944 4320; x_wconf 87' lang='lat' dir='ltr'>apostolico</span> <span class='ocrx_word' id='word_1_672' title='bbox 968 4251 1008 4305; x_wconf 89' lang='lat' dir='ltr'>ita</span> <span class='ocrx_word' id='word_1_673' title='bbox 1025 4268 1070 4306; x_wconf 83' lang='lat' dir='ltr'>ex·</span> <span class='ocrx_word' id='word_1_674' title='bbox 1098 4249 1155 4302; x_wconf 68' lang='lat' dir='ltr'>ruisi</span> <span class='ocrx_word' id='word_1_675' title='bbox 1173 4250 1272 4301; x_wconf 87' lang='lat' dir='ltr'>credat</span> <span class='ocrx_word' id='word_1_676' title='bbox 1288 4255 1314 4300; x_wconf 87' lang='lat' dir='ltr'>et</span> <span class='ocrx_word' id='word_1_677' title='bbox 1335 4248 1362 4299; x_wconf 87' lang='lat' dir='ltr'>r&#39;n</span> <span class='ocrx_word' id='word_1_678' title='bbox 1386 4255 1497 4299; x_wconf 85' lang='lat' dir='ltr'>sanctos</span> <span class='ocrx_word' id='word_1_679' title='bbox 1526 4246 1595 4314; x_wconf 84' lang='lat' dir='ltr'>ejus.</span> <span class='ocrx_word' id='word_1_680' title='bbox 1637 4248 1702 4300; x_wconf 89' lang='lat' dir='ltr'>Non</span> <span class='ocrx_word' id='word_1_681' title='bbox 1731 4255 1771 4300; x_wconf 90' lang='lat' dir='ltr'>est</span> <span class='ocrx_word' id='word_1_682' title='bbox 1798 4248 1870 4301; x_wconf 87' lang='lat' dir='ltr'>enim</span> <span class='ocrx_word' id='word_1_683' title='bbox 1901 4248 1932 4301; x_wconf 87' lang='lat' dir='ltr'>in</span> 
     </span>
     <span class='ocr_line' id='line_1_48' title="bbox 234 4332 1931 4405; baseline 0.002 -16"><span class='ocrx_word' id='word_1_684' title='bbox 234 4336 379 4405; x_wconf 89' lang='lat' dir='ltr'>pliesuda,</span> <span class='ocrx_word' id='word_1_685' title='bbox 397 4342 428 4390; x_wconf 90' lang='lat' dir='ltr'>ut</span> <span class='ocrx_word' id='word_1_686' title='bbox 447 4334 586 4405; x_wconf 87' lang='lat' dir='ltr'>objectum</span> <span class='ocrx_word' id='word_1_687' title='bbox 607 4335 673 4391; x_wconf 89' lang='lat' dir='ltr'>fidei</span> <span class='ocrx_word' id='word_1_688' title='bbox 691 4342 831 4391; x_wconf 84' lang='lat' dir='ltr'>statuatur</span> <span class='ocrx_word' id='word_1_689' title='bbox 848 4335 982 4401; x_wconf 84' lang='lat' dir='ltr'>Christus,</span> <span class='ocrx_word' id='word_1_690' title='bbox 1001 4338 1069 4392; x_wconf 88' lang='lat' dir='ltr'>cari·</span> <span class='ocrx_word' id='word_1_691' title='bbox 1098 4337 1190 4388; x_wconf 90' lang='lat' dir='ltr'>Deum</span> <span class='ocrx_word' id='word_1_692' title='bbox 1205 4333 1339 4400; x_wconf 81' lang='lat' dir='ltr'>perfecta</span> <span class='ocrx_word' id='word_1_693' title='bbox 1356 4332 1471 4385; x_wconf 69' lang='lat' dir='ltr'>dilectio</span> <span class='ocrx_word' id='word_1_694' title='bbox 1489 4338 1515 4384; x_wconf 70' lang='lat' dir='ltr'>et</span> <span class='ocrx_word' id='word_1_695' title='bbox 1534 4334 1621 4399; x_wconf 71' lang='lat' dir='ltr'>fides,</span> <span class='ocrx_word' id='word_1_696' title='bbox 1650 4349 1721 4401; x_wconf 71' lang='lat' dir='ltr'>ettae</span> <span class='ocrx_word' id='word_1_697' title='bbox 1740 4333 1770 4387; x_wconf 83' lang='lat' dir='ltr'>in</span> <span class='ocrx_word' id='word_1_698' title='bbox 1787 4333 1931 4388; x_wconf 76' lang='lat' dir='ltr'>ministros</span> 
     </span>
    </p>

    <p class='ocr_par' dir='ltr' id='par_1_7' title="bbox 234 4417 1931 4581">
     <span class='ocr_line' id='line_1_49' title="bbox 234 4417 1931 4495; baseline 0.003 -19"><span class='ocrx_word' id='word_1_699' title='bbox 234 4421 299 4476; x_wconf 85' lang='lat' dir='ltr'>tatis</span> <span class='ocrx_word' id='word_1_700' title='bbox 329 4436 394 4475; x_wconf 88' lang='lat' dir='ltr'>rere</span> <span class='ocrx_word' id='word_1_701' title='bbox 428 4420 531 4486; x_wconf 74' lang='lat' dir='ltr'>saaca,</span> <span class='ocrx_word' id='word_1_702' title='bbox 567 4421 657 4490; x_wconf 87' lang='lat' dir='ltr'>qualis</span> <span class='ocrx_word' id='word_1_703' title='bbox 686 4420 807 4495; x_wconf 73' lang='grc' dir='ltr'><strong><em>χιασμός</em></strong></span> <span class='ocrx_word' id='word_1_704' title='bbox 838 4423 919 4477; x_wconf 88' lang='lat' dir='ltr'>etiam</span> <span class='ocrx_word' id='word_1_705' title='bbox 950 4424 1070 4478; x_wconf 87' lang='lat' dir='ltr'>occurrit</span> <span class='ocrx_word' id='word_1_706' title='bbox 1096 4420 1157 4489; x_wconf 83' lang='lat' dir='ltr'>ejus</span> <span class='ocrx_word' id='word_1_707' title='bbox 1187 4419 1253 4471; x_wconf 83' lang='lat' dir='ltr'>odio</span> <span class='ocrx_word' id='word_1_708' title='bbox 1286 4426 1311 4472; x_wconf 87' lang='lat' dir='ltr'>ct</span> <span class='ocrx_word' id='word_1_709' title='bbox 1339 4417 1508 4479; x_wconf 65' lang='lat' dir='ltr'>{infidelitate</span> <span class='ocrx_word' id='word_1_710' title='bbox 1537 4425 1676 4472; x_wconf 77' lang='lat' dir='ltr'>tenuatim.</span> <span class='ocrx_word' id='word_1_711' title='bbox 1727 4419 1809 4482; x_wconf 73' lang='lat' dir='ltr'>Quod</span> <span class='ocrx_word' id='word_1_712' title='bbox 1838 4427 1931 4473; x_wconf 68' lang='lat' dir='ltr'>cutem</span> 
     </span>
     <span class='ocr_line' id='line_1_50' title="bbox 234 4503 1929 4581; baseline -0.001 -21"><span class='ocrx_word' id='word_1_713' title='bbox 234 4505 333 4561; x_wconf 85' lang='lat' dir='ltr'>Matth.</span> <span class='ocrx_word' id='word_1_714' title='bbox 355 4511 401 4574; x_wconf 80' lang='lat'>12,</span> <span class='ocrx_word' id='word_1_715' title='bbox 428 4524 454 4559; x_wconf 84' lang='lat' dir='ltr'>v.</span> <span class='ocrx_word' id='word_1_716' title='bbox 473 4511 513 4561; x_wconf 88' lang='grc'>22.</span> <span class='ocrx_word' id='word_1_717' title='bbox 540 4503 607 4561; x_wconf 80' lang='grc' dir='ltr'><em>ὥστε</em></span> <span class='ocrx_word' id='word_1_718' title='bbox 632 4506 681 4560; x_wconf 74' lang='grc' dir='ltr'>τὸν</span> <span class='ocrx_word' id='word_1_719' title='bbox 708 4506 813 4580; x_wconf 77' lang='grc' dir='ltr'><em>ιυφλὸν</em></span> <span class='ocrx_word' id='word_1_720' title='bbox 838 4514 884 4562; x_wconf 80' lang='grc' dir='ltr'>καὶ</span> <span class='ocrx_word' id='word_1_721' title='bbox 905 4507 1003 4581; x_wconf 73' lang='lat' dir='ltr'>erupis</span> <span class='ocrx_word' id='word_1_722' title='bbox 1023 4506 1174 4572; x_wconf 71' lang='lat' dir='ltr'>nnldiro,</span> <span class='ocrx_word' id='word_1_723' title='bbox 1208 4505 1268 4557; x_wconf 88' lang='lat' dir='ltr'>tale</span> <span class='ocrx_word' id='word_1_724' title='bbox 1294 4511 1342 4556; x_wconf 87' lang='lat' dir='ltr'>est.</span> <span class='ocrx_word' id='word_1_725' title='bbox 1396 4503 1494 4556; x_wconf 73' lang='lat' dir='ltr'>Credit</span> <span class='ocrx_word' id='word_1_726' title='bbox 1523 4503 1664 4571; x_wconf 77' lang='lat' dir='ltr'>quispiam</span> <span class='ocrx_word' id='word_1_727' title='bbox 1694 4503 1725 4555; x_wconf 88' lang='lat' dir='ltr'>in</span> <span class='ocrx_word' id='word_1_728' title='bbox 1758 4505 1929 4558; x_wconf 89' lang='lat' dir='ltr'>conditerem</span> 
     </span>
    </p>

    <p class='ocr_par' dir='ltr' id='par_1_8' title="bbox 133 4568 1931 4749">
     <span class='ocr_line' id='line_1_51' title="bbox 133 4568 1931 4665; baseline 0 -21"><span class='ocrx_word' id='word_1_729' title='bbox 133 4599 138 4609; x_wconf 89' lang='lat'>&#39;</span> <span class='ocrx_word' id='word_1_730' title='bbox 232 4595 326 4646; x_wconf 75' lang='lat' dir='ltr'>luteis</span> <span class='ocrx_word' id='word_1_731' title='bbox 350 4595 397 4646; x_wconf 80' lang='lat' dir='ltr'>ant</span> <span class='ocrx_word' id='word_1_732' title='bbox 422 4593 543 4660; x_wconf 71' lang='grc' dir='ltr'>βλέπειν.</span> <span class='ocrx_word' id='word_1_733' title='bbox 593 4590 684 4658; x_wconf 81' lang='lat' dir='ltr'>(Quod</span> <span class='ocrx_word' id='word_1_734' title='bbox 713 4592 863 4661; x_wconf 86' lang='lat' dir='ltr'>probemus</span> <span class='ocrx_word' id='word_1_735' title='bbox 888 4568 1197 4665; x_wconf 58' lang='lat' dir='ltr'>sequentibuleeum,</span> <span class='ocrx_word' id='word_1_736' title='bbox 1216 4609 1271 4644; x_wconf 89' lang='lat' dir='ltr'>non</span> <span class='ocrx_word' id='word_1_737' title='bbox 1284 4597 1378 4658; x_wconf 85' lang='lat' dir='ltr'>potest</span> <span class='ocrx_word' id='word_1_738' title='bbox 1397 4590 1523 4657; x_wconf 87' lang='lat' dir='ltr'>credere,</span> <span class='ocrx_word' id='word_1_739' title='bbox 1540 4590 1598 4642; x_wconf 86' lang='lat' dir='ltr'>nisi</span> <span class='ocrx_word' id='word_1_740' title='bbox 1609 4591 1693 4657; x_wconf 83' lang='lat' dir='ltr'>prius</span> <span class='ocrx_word' id='word_1_741' title='bbox 1714 4591 1878 4657; x_wconf 82' lang='lat' dir='ltr'>crediderit,</span> <span class='ocrx_word' id='word_1_742' title='bbox 1896 4593 1931 4645; x_wconf 84' lang='lat' dir='ltr'>de</span> 
     </span>
     <span class='ocr_line' id='line_1_52' title="bbox 232 4675 1930 4749; baseline -0.004 -17"><span class='ocrx_word' id='word_1_743' title='bbox 232 4675 429 4732; x_wconf 81' lang='lat' dir='ltr'>fundamentis.</span> <span class='ocrx_word' id='word_1_744' title='bbox 482 4677 591 4746; x_wconf 89' lang='lat' dir='ltr'>Primo,</span> <span class='ocrx_word' id='word_1_745' title='bbox 635 4695 669 4730; x_wconf 81' lang='lat' dir='ltr'>se</span> <span class='ocrx_word' id='word_1_746' title='bbox 711 4678 837 4746; x_wconf 84' lang='lat' dir='ltr'>subjecta</span> <span class='ocrx_word' id='word_1_747' title='bbox 875 4681 1069 4749; x_wconf 75' lang='lat' dir='ltr'>explicatione,</span> <span class='ocrx_word' id='word_1_748' title='bbox 1094 4676 1200 4731; x_wconf 87' lang='lat' dir='ltr'>sanctis</span> <span class='ocrx_word' id='word_1_749' title='bbox 1221 4677 1282 4746; x_wconf 84' lang='lat' dir='ltr'>ejus</span> <span class='ocrx_word' id='word_1_750' title='bbox 1299 4692 1367 4729; x_wconf 84' lang='lat' dir='ltr'>sera</span> <span class='ocrx_word' id='word_1_751' title='bbox 1388 4691 1462 4743; x_wconf 88' lang='lat' dir='ltr'>esse,</span> <span class='ocrx_word' id='word_1_752' title='bbox 1482 4691 1553 4743; x_wconf 75' lang='lat' dir='ltr'>quoe</span> <span class='ocrx_word' id='word_1_753' title='bbox 1571 4677 1678 4744; x_wconf 74' lang='lat' dir='ltr'>scripta</span> <span class='ocrx_word' id='word_1_754' title='bbox 1696 4681 1776 4730; x_wconf 88' lang='lat' dir='ltr'>sunt:</span> <span class='ocrx_word' id='word_1_755' title='bbox 1797 4676 1893 4730; x_wconf 86' lang='lat' dir='ltr'>Adam</span> <span class='ocrx_word' id='word_1_756' title='bbox 1911 4693 1930 4729; x_wconf 88' lang='lat' dir='ltr'>a</span> 
     </span>
    </p>

    <p class='ocr_par' dir='ltr' id='par_1_9' title="bbox 233 4762 1931 4921">
     <span class='ocr_line' id='line_1_53' title="bbox 233 4762 1931 4834; baseline -0.001 -17"><span class='ocrx_word' id='word_1_757' title='bbox 233 4781 259 4821; x_wconf 84' lang='lat' dir='ltr'>v.</span> <span class='ocrx_word' id='word_1_758' title='bbox 280 4768 310 4820; x_wconf 88' lang='lat' dir='ltr'>b:</span> <span class='ocrx_word' id='word_1_759' title='bbox 343 4763 376 4817; x_wconf 89' lang='lat' dir='ltr'>Ut</span> <span class='ocrx_word' id='word_1_760' title='bbox 404 4763 618 4818; x_wconf 85' lang='lat' dir='ltr'>communicatio</span> <span class='ocrx_word' id='word_1_761' title='bbox 643 4764 713 4826; x_wconf 78' lang='lat' dir='ltr'>fidei</span> <span class='ocrx_word' id='word_1_762' title='bbox 738 4771 803 4816; x_wconf 88' lang='lat' dir='ltr'>tuae</span> <span class='ocrx_word' id='word_1_763' title='bbox 830 4766 934 4834; x_wconf 71' lang='lat' dir='ltr'>efficat</span> <span class='ocrx_word' id='word_1_764' title='bbox 961 4767 1012 4829; x_wconf 83' lang='lat' dir='ltr'>fiat</span> <span class='ocrx_word' id='word_1_765' title='bbox 1039 4769 1069 4821; x_wconf 86' lang='lat' dir='ltr'>in</span> <span class='ocrx_word' id='word_1_766' title='bbox 1095 4765 1160 4818; x_wconf 87' lang='lat' dir='ltr'>Deo</span> <span class='ocrx_word' id='word_1_767' title='bbox 1186 4763 1374 4831; x_wconf 83' lang='lat' dir='ltr'>plasmatum,</span> <span class='ocrx_word' id='word_1_768' title='bbox 1402 4762 1494 4814; x_wconf 86' lang='lat' dir='ltr'>anm</span> <span class='ocrx_word' id='word_1_769' title='bbox 1519 4776 1552 4813; x_wconf 81' lang='lat' dir='ltr'>ee</span> <span class='ocrx_word' id='word_1_770' title='bbox 1580 4769 1659 4815; x_wconf 87' lang='lat' dir='ltr'>costa</span> <span class='ocrx_word' id='word_1_771' title='bbox 1687 4762 1767 4816; x_wconf 88' lang='lat' dir='ltr'>illius</span> <span class='ocrx_word' id='word_1_772' title='bbox 1791 4771 1816 4815; x_wconf 90' lang='lat' dir='ltr'>et</span> <span class='ocrx_word' id='word_1_773' title='bbox 1841 4762 1931 4816; x_wconf 88' lang='lat' dir='ltr'>latere</span> 
     </span>
     <span class='ocr_line' id='line_1_54' title="bbox 234 4846 1930 4921; baseline 0 -17"><span class='ocrx_word' id='word_1_774' title='bbox 234 4851 377 4921; x_wconf 76' lang='lat' dir='ltr'>spuitione</span> <span class='ocrx_word' id='word_1_775' title='bbox 395 4849 484 4903; x_wconf 84' lang='lat' dir='ltr'>omnis</span> <span class='ocrx_word' id='word_1_776' title='bbox 507 4851 572 4904; x_wconf 85' lang='lat' dir='ltr'>boni</span> <span class='ocrx_word' id='word_1_777' title='bbox 588 4850 618 4902; x_wconf 87' lang='lat' dir='ltr'>in</span> <span class='ocrx_word' id='word_1_778' title='bbox 637 4850 714 4903; x_wconf 89' lang='lat' dir='ltr'>vobis</span> <span class='ocrx_word' id='word_1_779' title='bbox 744 4849 775 4902; x_wconf 90' lang='lat' dir='ltr'>in</span> <span class='ocrx_word' id='word_1_780' title='bbox 801 4850 941 4905; x_wconf 81' lang='lat' dir='ltr'>Christum</span> <span class='ocrx_word' id='word_1_781' title='bbox 961 4853 1069 4921; x_wconf 88' lang='lat' dir='ltr'>Jesum,</span> <span class='ocrx_word' id='word_1_782' title='bbox 1093 4850 1276 4920; x_wconf 71' lang='lat' dir='ltr'>fabricatam,</span> <span class='ocrx_word' id='word_1_783' title='bbox 1294 4848 1393 4903; x_wconf 87' lang='lat' dir='ltr'>Enoch</span> <span class='ocrx_word' id='word_1_784' title='bbox 1412 4846 1580 4901; x_wconf 87' lang='lat' dir='ltr'>translatum</span> <span class='ocrx_word' id='word_1_785' title='bbox 1604 4852 1655 4902; x_wconf 79' lang='lat' dir='ltr'>ete.</span> <span class='ocrx_word' id='word_1_786' title='bbox 1686 4848 1767 4902; x_wconf 87' lang='lat' dir='ltr'>Haec</span> <span class='ocrx_word' id='word_1_787' title='bbox 1791 4857 1816 4903; x_wconf 89' lang='lat' dir='ltr'>et</span> <span class='ocrx_word' id='word_1_788' title='bbox 1836 4856 1930 4904; x_wconf 83' lang='lat' dir='ltr'>cetero</span> 
     </span>
    </p>

    <p class='ocr_par' dir='ltr' id='par_1_10' title="bbox 232 4933 1930 5008">
     <span class='ocr_line' id='line_1_55' title="bbox 232 4933 1930 5008; baseline 0 -19"><span class='ocrx_word' id='word_1_789' title='bbox 232 4953 257 4992; x_wconf 84' lang='lat' dir='ltr'>v.</span> <span class='ocrx_word' id='word_1_790' title='bbox 277 4942 301 4992; x_wconf 80' lang='lat'>7.</span> <span class='ocrx_word' id='word_1_791' title='bbox 320 4936 454 5004; x_wconf 79' lang='lat' dir='ltr'>pendium</span> <span class='ocrx_word' id='word_1_792' title='bbox 473 4937 544 4988; x_wconf 83' lang='lat' dir='ltr'>enim</span> <span class='ocrx_word' id='word_1_793' title='bbox 562 4934 791 5002; x_wconf 71' lang='lat' dir='ltr'>maenumhabui</span> <span class='ocrx_word' id='word_1_794' title='bbox 809 4945 835 4991; x_wconf 91' lang='lat' dir='ltr'>et</span> <span class='ocrx_word' id='word_1_795' title='bbox 853 4937 1068 4994; x_wconf 87' lang='lat' dir='ltr'>consolationem</span> <span class='ocrx_word' id='word_1_796' title='bbox 1095 4938 1221 5008; x_wconf 70' lang='lat' dir='ltr'>neratde</span> <span class='ocrx_word' id='word_1_797' title='bbox 1250 4935 1357 4989; x_wconf 84' lang='lat' dir='ltr'>sanctis</span> <span class='ocrx_word' id='word_1_798' title='bbox 1388 4933 1497 5001; x_wconf 70' lang='lat' dir='ltr'>scepta</span> <span class='ocrx_word' id='word_1_799' title='bbox 1521 4940 1601 5003; x_wconf 75' lang='lat' dir='ltr'>suist,</span> <span class='ocrx_word' id='word_1_800' title='bbox 1629 4934 1686 4987; x_wconf 86' lang='lat' dir='ltr'>nisi</span> <span class='ocrx_word' id='word_1_801' title='bbox 1708 4935 1770 5003; x_wconf 78' lang='lat' dir='ltr'>quis</span> <span class='ocrx_word' id='word_1_802' title='bbox 1800 4935 1930 4989; x_wconf 68' lang='lat' dir='ltr'>anniversa</span> 
     </span>
    </p>

    <p class='ocr_par' dir='ltr' id='par_1_11' title="bbox 228 5019 1929 5438">
     <span class='ocr_line' id='line_1_56' title="bbox 232 5019 1929 5091; baseline -0.001 -17"><span class='ocrx_word' id='word_1_803' title='bbox 232 5022 262 5075; x_wconf 90' lang='lat' dir='ltr'>in</span> <span class='ocrx_word' id='word_1_804' title='bbox 280 5023 398 5076; x_wconf 88' lang='lat' dir='ltr'>caritate</span> <span class='ocrx_word' id='word_1_805' title='bbox 417 5028 477 5088; x_wconf 91' lang='lat' dir='ltr'>tua,</span> <span class='ocrx_word' id='word_1_806' title='bbox 495 5019 563 5088; x_wconf 79' lang='lat' dir='ltr'>quia</span> <span class='ocrx_word' id='word_1_807' title='bbox 580 5021 689 5074; x_wconf 84' lang='lat' dir='ltr'>viscera</span> <span class='ocrx_word' id='word_1_808' title='bbox 703 5025 1068 5091; x_wconf 77' lang='lat' dir='ltr'>sanctorumrequieuerunt</span> <span class='ocrx_word' id='word_1_809' title='bbox 1094 5022 1256 5084; x_wconf 87' lang='lat' dir='ltr'>crediderit,</span> <span class='ocrx_word' id='word_1_810' title='bbox 1276 5021 1305 5073; x_wconf 90' lang='lat' dir='ltr'>in</span> <span class='ocrx_word' id='word_1_811' title='bbox 1319 5021 1411 5072; x_wconf 90' lang='lat' dir='ltr'>Deum</span> <span class='ocrx_word' id='word_1_812' title='bbox 1428 5026 1588 5073; x_wconf 87' lang='lat' dir='ltr'>sauctorum</span> <span class='ocrx_word' id='word_1_813' title='bbox 1603 5023 1719 5075; x_wconf 84' lang='lat' dir='ltr'>eredere</span> <span class='ocrx_word' id='word_1_814' title='bbox 1738 5039 1794 5074; x_wconf 88' lang='lat' dir='ltr'>uon</span> <span class='ocrx_word' id='word_1_815' title='bbox 1816 5021 1929 5090; x_wconf 83' lang='lat' dir='ltr'>valebit,</span> 
     </span>
     <span class='ocr_line' id='line_1_57' title="bbox 228 5104 1928 5178; baseline -0.001 -16"><span class='ocrx_word' id='word_1_816' title='bbox 228 5116 336 5178; x_wconf 81' lang='lat' dir='ltr'>perte.</span> <span class='ocrx_word' id='word_1_817' title='bbox 384 5105 438 5162; x_wconf 80' lang='lat' dir='ltr'>Hie</span> <span class='ocrx_word' id='word_1_818' title='bbox 456 5105 526 5160; x_wconf 85' lang='lat' dir='ltr'>fides</span> <span class='ocrx_word' id='word_1_819' title='bbox 545 5104 646 5160; x_wconf 87' lang='lat' dir='ltr'>diserte</span> <span class='ocrx_word' id='word_1_820' title='bbox 672 5106 708 5160; x_wconf 94' lang='lat' dir='ltr'>ad</span> <span class='ocrx_word' id='word_1_821' title='bbox 728 5106 884 5176; x_wconf 87' lang='lat' dir='ltr'>Christum,</span> <span class='ocrx_word' id='word_1_822' title='bbox 912 5110 1013 5164; x_wconf 82' lang='lat' dir='ltr'>essitas</span> <span class='ocrx_word' id='word_1_823' title='bbox 1031 5112 1144 5169; x_wconf 85' lang='lat' dir='ltr'>ad.nec</span> <span class='ocrx_word' id='word_1_824' title='bbox 1173 5107 1282 5161; x_wconf 68' lang='lat' dir='ltr'>subduci</span> <span class='ocrx_word' id='word_1_825' title='bbox 1309 5108 1350 5160; x_wconf 85' lang='lat' dir='ltr'>nd</span> <span class='ocrx_word' id='word_1_826' title='bbox 1378 5106 1461 5170; x_wconf 73' lang='lat' dir='ltr'>fidem</span> <span class='ocrx_word' id='word_1_827' title='bbox 1489 5105 1519 5161; x_wconf 89' lang='lat' dir='ltr'>V.</span> <span class='ocrx_word' id='word_1_828' title='bbox 1540 5106 1571 5160; x_wconf 75' lang='lat' dir='ltr'>T.</span> <span class='ocrx_word' id='word_1_829' title='bbox 1601 5107 1657 5158; x_wconf 88' lang='lat' dir='ltr'>nisi</span> <span class='ocrx_word' id='word_1_830' title='bbox 1685 5123 1864 5176; x_wconf 75' lang='lat' dir='ltr'>quaecunque</span> <span class='ocrx_word' id='word_1_831' title='bbox 1892 5110 1928 5160; x_wconf 88' lang='lat' dir='ltr'>de</span> 
     </span>
     <span class='ocr_line' id='line_1_58' title="bbox 234 5191 1929 5264; baseline -0.001 -18"><span class='ocrx_word' id='word_1_832' title='bbox 234 5201 345 5249; x_wconf 90' lang='lat' dir='ltr'>sanctos</span> <span class='ocrx_word' id='word_1_833' title='bbox 371 5192 498 5249; x_wconf 85' lang='lat' dir='ltr'>refertur.</span> <span class='ocrx_word' id='word_1_834' title='bbox 537 5191 679 5261; x_wconf 84' lang='lat' dir='ltr'>Secundo,</span> <span class='ocrx_word' id='word_1_835' title='bbox 700 5210 732 5245; x_wconf 80' lang='lat' dir='ltr'>ee</span> <span class='ocrx_word' id='word_1_836' title='bbox 750 5193 814 5262; x_wconf 84' lang='lat' dir='ltr'>ipsa</span> <span class='ocrx_word' id='word_1_837' title='bbox 837 5195 949 5264; x_wconf 80' lang='lat' dir='ltr'>phrasi.</span> <span class='ocrx_word' id='word_1_838' title='bbox 986 5195 1066 5250; x_wconf 80' lang='lat' dir='ltr'>Fidei</span> <span class='ocrx_word' id='word_1_839' title='bbox 1088 5194 1267 5263; x_wconf 84' lang='lat' dir='ltr'>patriurchis</span> <span class='ocrx_word' id='word_1_840' title='bbox 1294 5200 1321 5245; x_wconf 91' lang='lat' dir='ltr'>et</span> <span class='ocrx_word' id='word_1_841' title='bbox 1344 5191 1491 5261; x_wconf 74' lang='lat' dir='ltr'>prophetis</span> <span class='ocrx_word' id='word_1_842' title='bbox 1520 5200 1547 5244; x_wconf 88' lang='lat' dir='ltr'>et</span> <span class='ocrx_word' id='word_1_843' title='bbox 1576 5193 1644 5246; x_wconf 77' lang='lat' dir='ltr'>alius</span> <span class='ocrx_word' id='word_1_844' title='bbox 1671 5193 1827 5262; x_wconf 73' lang='lat' dir='ltr'>insipur&#39;bus</span> <span class='ocrx_word' id='word_1_845' title='bbox 1858 5193 1929 5247; x_wconf 89' lang='lat' dir='ltr'>uiris</span> 
     </span>
     <span class='ocr_line' id='line_1_59' title="bbox 234 5277 1929 5350; baseline -0.001 -16"><span class='ocrx_word' id='word_1_846' title='bbox 234 5279 383 5334; x_wconf 89' lang='lat' dir='ltr'>adhibetur</span> <span class='ocrx_word' id='word_1_847' title='bbox 406 5277 574 5350; x_wconf 87' lang='lat' dir='ltr'>praepositio</span> <span class='ocrx_word' id='word_1_848' title='bbox 601 5277 672 5349; x_wconf 82' lang='grc' dir='ltr'><em>πρός</em></span> <span class='ocrx_word' id='word_1_849' title='bbox 693 5284 721 5332; x_wconf 86' lang='lat' dir='ltr'>et</span> <span class='ocrx_word' id='word_1_850' title='bbox 750 5279 908 5349; x_wconf 84' lang='lat' dir='ltr'>appellatur</span> <span class='ocrx_word' id='word_1_851' title='bbox 930 5282 1002 5346; x_wconf 74' lang='lat' dir='ltr'>fides</span> <span class='ocrx_word' id='word_1_852' title='bbox 1025 5284 1067 5335; x_wconf 88' lang='lat' dir='ltr'>ud</span> <span class='ocrx_word' id='word_1_853' title='bbox 1091 5289 1193 5334; x_wconf 88' lang='lat' dir='ltr'>narrat</span> <span class='ocrx_word' id='word_1_854' title='bbox 1211 5280 1344 5346; x_wconf 82' lang='lat' dir='ltr'>historio,</span> <span class='ocrx_word' id='word_1_855' title='bbox 1361 5295 1429 5331; x_wconf 87' lang='lat' dir='ltr'>uera</span> <span class='ocrx_word' id='word_1_856' title='bbox 1448 5277 1650 5346; x_wconf 81' lang='lat' dir='ltr'>comprobarit,</span> <span class='ocrx_word' id='word_1_857' title='bbox 1677 5287 1708 5331; x_wconf 89' lang='lat' dir='ltr'>ut</span> <span class='ocrx_word' id='word_1_858' title='bbox 1727 5295 1760 5331; x_wconf 81' lang='lat' dir='ltr'>oe</span> <span class='ocrx_word' id='word_1_859' title='bbox 1773 5279 1836 5346; x_wconf 84' lang='lat' dir='ltr'>fide</span> <span class='ocrx_word' id='word_1_860' title='bbox 1854 5278 1929 5348; x_wconf 75' lang='lat' dir='ltr'>leuis</span> 
     </span>
     <span class='ocr_line' id='line_1_60' title="bbox 234 5361 1927 5438; baseline 0.001 -22"><span class='ocrx_word' id='word_1_861' title='bbox 234 5367 388 5430; x_wconf 69' lang='lat' dir='ltr'>aunuum,</span> <span class='ocrx_word' id='word_1_862' title='bbox 415 5381 471 5438; x_wconf 89' lang='lat' dir='ltr'>qua</span> <span class='ocrx_word' id='word_1_863' title='bbox 489 5364 525 5418; x_wconf 90' lang='lat' dir='ltr'>ad</span> <span class='ocrx_word' id='word_1_864' title='bbox 547 5361 686 5419; x_wconf 83' lang='lat' dir='ltr'>Christum</span> <span class='ocrx_word' id='word_1_865' title='bbox 704 5365 879 5434; x_wconf 84' lang='lat' dir='ltr'>pervenimus</span> <span class='ocrx_word' id='word_1_866' title='bbox 899 5371 927 5422; x_wconf 88' lang='lat' dir='ltr'>et</span> <span class='ocrx_word' id='word_1_867' title='bbox 944 5365 997 5437; x_wconf 85' lang='lat' dir='ltr'>ipsi</span> <span class='ocrx_word' id='word_1_868' title='bbox 1016 5366 1064 5420; x_wconf 89' lang='lat' dir='ltr'>sd·</span> <span class='ocrx_word' id='word_1_869' title='bbox 1091 5368 1133 5421; x_wconf 86' lang='lat' dir='ltr'>ad</span> <span class='ocrx_word' id='word_1_870' title='bbox 1156 5367 1243 5434; x_wconf 80' lang='lat' dir='ltr'>fidem</span> <span class='ocrx_word' id='word_1_871' title='bbox 1268 5366 1362 5417; x_wconf 70' lang='lat' dir='ltr'>eveniat</span> <span class='ocrx_word' id='word_1_872' title='bbox 1388 5363 1539 5431; x_wconf 77' lang='lat' dir='ltr'>evnnpetii,</span> <span class='ocrx_word' id='word_1_873' title='bbox 1566 5371 1593 5416; x_wconf 90' lang='lat' dir='ltr'>et</span> <span class='ocrx_word' id='word_1_874' title='bbox 1615 5364 1731 5430; x_wconf 81' lang='lat' dir='ltr'>justitia</span> <span class='ocrx_word' id='word_1_875' title='bbox 1758 5364 1815 5416; x_wconf 87' lang='lat' dir='ltr'>Dei</span> <span class='ocrx_word' id='word_1_876' title='bbox 1837 5362 1867 5418; x_wconf 90' lang='lat' dir='ltr'>iu</span> <span class='ocrx_word' id='word_1_877' title='bbox 1894 5380 1927 5419; x_wconf 87' lang='lat' dir='ltr'>eo</span> 
     </span>
    </p>
   </div>
   <div class='ocr_carea' id='block_1_5' title="bbox 232 5449 1929 5530">
    <p class='ocr_par' dir='ltr' id='par_1_12' title="bbox 232 5449 1929 5530">
     <span class='ocr_line' id='line_1_61' title="bbox 232 5449 1929 5530; baseline -0.003 -19"><span class='ocrx_word' id='word_1_878' title='bbox 232 5450 432 5525; x_wconf 67' lang='lat' dir='ltr'>haustuum,</span> <span class='ocrx_word' id='word_1_879' title='bbox 461 5449 601 5510; x_wconf 78' lang='lat' dir='ltr'>dilectioni</span> <span class='ocrx_word' id='word_1_880' title='bbox 629 5453 723 5507; x_wconf 83' lang='lat' dir='ltr'>autem</span> <span class='ocrx_word' id='word_1_881' title='bbox 753 5449 866 5510; x_wconf 83' lang='lat' dir='ltr'>additur</span> <span class='ocrx_word' id='word_1_882' title='bbox 895 5452 1227 5530; x_wconf 61' lang='lat' dir='ltr'>praepositionesetetur</span> <span class='ocrx_word' id='word_1_883' title='bbox 1245 5469 1277 5508; x_wconf 80' lang='lat' dir='ltr'>er</span> <span class='ocrx_word' id='word_1_884' title='bbox 1296 5454 1353 5516; x_wconf 74' lang='lat' dir='ltr'>nete</span> <span class='ocrx_word' id='word_1_885' title='bbox 1374 5452 1403 5507; x_wconf 80' lang='lat' dir='ltr'>in</span> <span class='ocrx_word' id='word_1_886' title='bbox 1421 5451 1514 5517; x_wconf 62' lang='lat' dir='ltr'>sideru.</span> <span class='ocrx_word' id='word_1_887' title='bbox 1544 5449 1645 5508; x_wconf 66' lang='lat' dir='ltr'>variter</span> <span class='ocrx_word' id='word_1_888' title='bbox 1660 5449 1730 5507; x_wconf 85' lang='lat' dir='ltr'>haee</span> <span class='ocrx_word' id='word_1_889' title='bbox 1749 5464 1812 5508; x_wconf 90' lang='lat' dir='ltr'>eum</span> <span class='ocrx_word' id='word_1_890' title='bbox 1830 5463 1929 5523; x_wconf 76' lang='lat' dir='ltr'>scope,</span> 
     </span>
    </p>
   </div>
   <div class='ocr_carea' id='block_1_6' title="bbox 0 0 2056 6007">
    <p class='ocr_par' dir='ltr' id='par_1_13' title="bbox 0 0 2056 6007">
     <span class='ocr_line' id='line_1_62' title="bbox 0 0 2056 6007; baseline 0 0"><span class='ocrx_word' id='word_1_891' title='bbox 0 0 2056 6007; x_wconf 95' lang='lat' dir='ltr'> </span> 
     </span>
    </p>
   </div>
  </div>
 </body>
</html>
