4074 6022
851 215 904 272 DE
920 214 1059 273 MORTE.
1729 217 1788 275 317

90 377 219 446 quidem,
237 375 336 449 inquit,
356 379 437 432 Deus
456 385 497 432 cu
517 384 544 432 et
562 377 642 433 nulle
661 377 818 431 contianus
834 374 878 429 uel
891 371 931 425 s'n·
959 389 1040 429 verus
1059 371 1149 441 Deus;
1173 375 1201 430 ei
1218 376 1253 428 de
1273 382 1392 443 natura,
1417 371 1487 427 nihil
1503 369 1692 438 adorandum,
1716 366 1792 439 quod

93 463 226 518 cluditur
255 464 334 533 loco,
364 466 415 535 qui
441 465 571 519 condidit
600 464 714 534 omnia,·
753 469 931 517 4444414444
961 477 1017 515 444
1045 461 1081 515 411
1107 459 1291 517 essentialiter
1312 461 1390 516 Deus
1417 453 1467 514 441
1491 458 1588 514 saltem
1617 453 1793 527 hypostatice

95 549 164 619 quis
185 557 278 620 potest
305 551 454 605 consilium
483 552 544 621 ejus
569 551 765 620 perscrutari,
791 565 880 618 quare
902 549 933 602 in
958 546 1019 601 Deo
1046 546 1162 603 unitum.
1200 547 1292 602 Minor
1317 546 1451 617 probatur
1478 563 1512 599 ec
1542 543 1718 610 confessione
1748 541 1793 611 ip·

94 636 251 691 4111414414
262 637 330 692 iaec
340 638 481 694 miracula
488 641 567 706 fiant,
584 637 690 691 inaliie
701 654 758 689 non
771 637 863 702 114411
882 641 932 689 ste.
958 641 1107 688 eorummet
1132 635 1355 702 Pontificicrum.
1389 633 1542 692 Salinercn.
1572 630 1674 702 disput
1708 635 1732 684 11.
1764 626 1794 680 14

14 734 79 776 rte.
94 731 122 779 1.
144 722 176 780 81
193 724 271 780 Deus
291 725 351 780 vult
370 725 508 780 interdum
529 725 611 779 44144
630 724 719 779 444411
738 722 934 778 intercessione
962 725 985 776 1.
1001 719 1074 775 Tim.
1092 726 1116 776 2.
1135 729 1198 777 tom
1227 728 1267 778 15.
1291 727 1440 793 4444131
1463 721 1624 774 Dicendum
1648 725 1704 783 441,
1728 715 1793 769 ideo

95 810 262 865 miraculum
284 811 398 883 aliquod
416 810 539 882 operari,
562 811 638 865 aliud
655 827 720 865 vero
740 809 935 864 intercessione
960 826 1017 863 non
1040 808 1132 874 fuisse
1152 825 1258 864 morem
1278 809 1309 862 in
1330 809 1363 863 V.
1384 810 1416 862 T.
1438 805 1566 861 adeundi
1580 812 1692 873 cunctos
1710 803 1794 856 iuter·

95 897 214 952 alterius
234 898 358 968 operari,
375 905 434 953 tuns
456 898 627 969 quaerimus,
653 897 728 951 unde
745 900 853 951 constet
872 911 934 949 san·
962 911 1100 963 emtores,
1118 897 1188 965 quin
1204 897 1329 951 nondam
1348 894 1523 950 4444114414·
1540 902 1567 948 et
1585 890 1747 960 plcrificuti,
1764 898 1794 943 ut

95 989 207 1038 ctorum
224 984 436 1053 adoratoribus,
469 984 543 1056 quod
563 984 640 1040 Deus
660 982 842 1039 determinate
861 988 889 1037 et
906 980 936 1035 in
961 984 1046 1037 modo
1066 989 1131 1036 eunt
1155 988 1208 1039 etc.
1232 991 1296 1037 erat
1319 984 1403 1036 etiam
1423 981 1583 1052 perieulum
1601 976 1793 1032 idololatriae.

96 1069 193 1141 specie
210 1069 289 1134 illud,
313 1070 387 1141 quod
412 1077 520 1141 petunt,
543 1087 593 1140 per
619 1070 693 1125 bunc
718 1075 845 1123 sanctum
871 1085 934 1123 con·
962 1069 1065 1123 Suarsu
1091 1069 1120 1123 in
1143 1076 1214 1140 part.
1240 1075 1265 1125 3.
1283 1070 1382 1125 Thom.
1407 1088 1433 1140 q.
1455 1074 1496 1125 12.
1523 1067 1592 1137 disp.
1614 1069 1655 1121 42.
1683 1069 1749 1119 sect.
1770 1069 1793 1120 1.

95 1156 172 1212 14444
190 1162 219 1211 41
236 1157 344 1228 operari
362 1157 429 1212 velit
447 1164 475 1213 et
492 1175 548 1212 uon
563 1173 614 1227 per
631 1156 737 1211 4114441
768 1154 856 1211 Verbi
873 1171 936 1226 gra·
961 1171 1025 1226 pag.
1052 1161 1117 1211 524:
1142 1157 1180 1209 In
1209 1157 1238 1210 V.
1262 1156 1295 1213 T.
1322 1157 1399 1226 quod
1423 1155 1528 1223 aliquia
1552 1153 1658 1206 directe
1683 1151 1794 1204 inuoca-

96 1243 153 1307 tia,
176 1243 249 1298 uude
265 1243 365 1310 sciant,
386 1243 461 1314 qnod
482 1243 606 1297 dentium
627 1244 735 1321 dolores
755 1259 852 1297 curare
870 1240 937 1296 velit
962 1243 1033 1297 uerit
1057 1250 1169 1296 4444144
1193 1245 1355 1311 defunctos,
1384 1250 1416 1295 ut
1432 1259 1490 1311 pra
1516 1257 1546 1295 se
1567 1246 1696 1303 orarent,
1726 1255 1795 1290 nun·

97 1344 151 1399 per
169 1328 365 1399 Apolloniam,
383 1329 526 1385 oculorum
544 1329 612 1385 vitia
628 1346 679 1400 per
696 1328 810 1384 Otiliam
827 1334 879 1383 etc.
900 1341 934 1380 ex
961 1346 1045 1397 quam
1074 1329 1199 1396 lepimus.
1247 1328 1430 1384 Bellarminus
1463 1327 1510 1381 lib.
1543 1325 1578 1381 de
1607 1325 1679 1381 beat.
1706 1327 1794 1377 sanet.

97 1415 251 1487 Scriptnris
275 1415 346 1470 nihil
369 1416 493 1488 proferre
517 1421 646 1487 possunt,
674 1432 843 1487 consequens
869 1431 935 1486 ergo
961 1432 1023 1485 cap.
1045 1421 1084 1471 19.
1104 1413 1132 1490 ξ.
1151 1422 1182 1471 t:
1202 1418 1368 1471 Notandum
1385 1424 1433 1482 est,
1451 1415 1520 1484 quin
1537 1422 1601 1467 onte
1619 1411 1726 1466 Olristi
1742 1412 1793 1464 ad·

98 1509 154 1570 est,
174 1501 249 1572 ipsos
266 1502 363 1572 vagari
381 1502 410 1556 in
428 1502 534 1557 incerto
547 1510 577 1558 et
587 1503 703 1559 41144444
714 1507 788 1574 quod
801 1501 935 1557 nesciunt.
961 1510 1070 1557 uentum
1090 1503 1197 1568 sancti,
1226 1505 1277 1573 qui
1294 1503 1501 1569 moriebantur,
1526 1519 1582 1555 non
1599 1499 1744 1553 intrabant
1763 1497 1794 1550 in

98 1593 128 1645 8.
147 1587 333 1644 Confirmatnr
348 1588 401 1643 hoe
420 1595 614 1661 argumentum
632 1606 666 1644 ex
686 1605 728 1658 eo,
748 1587 822 1659 quod
831 1587 936 1644 Ballar·
962 1589 1083 1654 coelum,
1113 1606 1162 1642 nec
1186 1592 1279 1644 Deum
1310 1590 1442 1643 ridebam
1468 1605 1519 1642 nec
1544 1601 1708 1655 capnoseere
1729 1592 1793 1654 pot·

98 1674 194 1729 minus
229 1680 377 1746 postquam
417 1677 533 1746 dixerat,
576 1676 669 1729 Deum
698 1677 837 1728 interdum
865 1674 937 1728 uelle
962 1682 1043 1730 eram
1075 1676 1222 1730 ordinarie
1246 1693 1348 1745 preces
1380 1675 1616 1744 supplicantium,
1648 1673 1713 1726 ideo
1738 1688 1794 1724 nou

97 1762 185 1814 assiae
224 1762 420 1816 intercessione
455 1763 622 1817 miraculum
657 1762 777 1831 aliquod
813 1761 936 1830 operari,
961 1762 1052 1827 fuisse
1079 1771 1237 1817 consuetum
1266 1764 1296 1817 in
1324 1764 1356 1818 Τ.
1378 1764 1424 1830 V.,
1452 1770 1482 1815 ut
1507 1763 1661 1828 diceretur,
1692 1759 1794 1813 Sancte
1808 1757 1883 1801 Um·
1899 1757 1945 1801 ¹³⁰·

98 1846 187 1900 aliud
198 1864 263 1901 uero
280 1849 478 1903 intercessione
494 1849 614 1903 alteriue
632 1849 760 1917 operari,
778 1848 937 1903 immediate
964 1849 1109 1903 Abrabam
1129 1866 1182 1903 orn
1196 1867 1253 1921 pro
1273 1866 1329 1918 me,
1356 1851 1409 1902 scd
1424 1849 1515 1902 solum
1533 1848 1651 1902 orabant
1670 1846 1794 1899 homines

99 1932 271 2004 subjungat,
295 1935 359 2003 quie
377 1943 470 1989 autem
486 1937 562 1990 44411
581 1935 729 1990 romuliam
747 1936 826 1989 Dei!
857 1935 938 1990 Fata·
963 1935 1025 2003 ejas
1055 1936 1189 2003 temporie
1220 1938 1314 1989 Deum
1347 1943 1373 1989 et
1402 1937 1504 1988 merita
1534 1941 1695 1987 sanctorum
1725 1930 1794 1985 ulle·

100 2028 150 2075 tur
173 2019 272 2090 igitur,
296 2038 326 2075 se
348 2021 492 2092 ignorare,
518 2023 630 2093 quaudo
653 2021 706 2076 boe
731 2020 798 2076 velit
817 2022 892 2077 Deus
910 2029 938 2075 et
964 2022 1075 2092 patant.
1111 2021 1218 2077 Similia
1234 2028 1382 2076 occurrunt
1399 2020 1474 2091 apud
1493 2019 1658 2091 Dionysium
1678 2018 1798 2092 Cartha-¹

103 2124 246 2180 quaenam
263 2108 318 2164 4141
336 2109 385 2163 illa
402 2107 546 2177 beneficia,
563 2127 635 2180 quae
649 2125 699 2179 per
710 2107 785 2163 hunc
796 2109 842 2163 441
852 2107 938 2162 alium
965 2111 1073 2163 sianum
1090 2109 1119 2163 in
1139 2125 1236 2163 comm.
1254 2108 1321 2163 Luc.
1343 2112 1385 2164 23.
1405 2115 1468 2179 post
1485 2107 1615 2175 medium,
1634 2105 1748 2161 Eccium
1766 2105 1795 2159 in

101 2200 232 2249 sanctum
255 2195 374 2250 conferri
398 2195 472 2251 velit
519 2195 596 2260 Quae
618 2212 685 2266 argo
717 2200 810 2265 potest
833 2210 892 2250 asse
910 2194 939 2248 in
965 2196 1026 2252 loco
1055 2213 1118 2249 mox
1145 2195 1292 2267 allegando
1320 2201 1349 2251 et
1367 2194 1532 2267 Gregorium
1559 2193 1593 2249 de
1611 2192 1743 2249 Valentia
1766 2193 1796 2248 in

102 2281 279 2337 invocatione
306 2282 457 2345 certitudo,
482 2298 554 2352 quse
570 2282 606 2337 de
624 2281 801 2337 exauditione
817 2279 939 2335 fiducia?
966 2282 1140 2354 apologetico
1149 2287 1245 2337 444144
1257 2282 1360 2352 disput.
1372 2282 1406 2338 D.
1417 2280 1634 2336 Heerbrandide
1646 2279 1794 2349 multiplici

105 2374 133 2425 9.
155 2367 286 2439 Denique
311 2367 495 2422 Bellarminus
525 2384 637 2422 causam
660 2367 743 2438 hujus
772 2366 940 2436 diversitatis
967 2379 1087 2440 papatus
1116 2369 1283 2424 idolomania
1310 2368 1357 2425 141.
1376 2374 1417 2425 39.
1446 2369 1494 2441 441
1520 2385 1616 2424 omnes
1645 2369 1797 2437 disputant,

101 2454 205 2510 statuit
223 2470 283 2511 esse
301 2455 424 2527 ignotam
442 2462 471 2510 et
490 2455 541 2510 soli
560 2456 620 2510 Deo
638 2455 794 2527 cognitam,
821 2455 870 2509 sed
888 2452 940 2509 00-
966 2465 1080 2511 sanctos
1101 2458 1132 2510 in
1165 2456 1193 2511 V.
1217 2459 1248 2510 T.
1276 2474 1331 2510 nan
1349 2457 1440 2522 suisac
1466 2456 1625 2524 invocatos,
1648 2463 1742 2524 utpote
1767 2456 1797 2509 in

103 2550 196 2596 sterne
223 2541 253 2596 in
279 2541 411 2598 enchirid.
436 2560 462 2613 p.
489 2547 547 2598 413.
576 2542 646 2597 duas
671 2541 796 2612 ejusdem
816 2541 941 2612 assignat
967 2544 1051 2598 limbo
1070 2544 1163 2598 adbuc
1180 2544 1349 2601 exsistentes.

103 2645 214 2694 causas,
233 2646 351 2699 quarum
369 2629 445 2701 prior
456 2628 525 2684 baec
537 2635 588 2698 est,
606 2631 685 2698 quod
697 2629 790 2682 sonui
798 2628 942 2696 peculiari
1001 2635 1061 2687 424.
1090 2629 1201 2701 Excipit
1224 2628 1326 2685 Suareu
1354 2633 1419 2683 tom.
1437 2634 1461 2684 2.
1485 2635 1631 2683 comment.
1652 2629 1682 2682 in
1698 2628 1796 2685 Thom

102 2734 178 2773 eura
194 2734 228 2771 ea
245 2715 310 2771 locu
327 2718 456 2781 faueant,
493 2716 523 2770 in
540 2716 640 2785 441144
657 2733 742 2770 sacra
760 2733 856 2770 eorum
875 2734 940 2772 ossa
968 2717 1068 2786 disput.
1092 2722 1134 2773 22.
1162 2733 1189 2787 4.
1213 2720 1253 2772 31.
1277 2723 1344 2773 sect.
1371 2723 1394 2772 1.
1425 2719 1461 2772 B.
1495 2716 1633 2783 Virpinem
1655 2716 1692 2770 ab
1717 2717 1797 2770 initio
1854 2730 1855 2733 ’

103 2810 304 2872 ammentum
322 2802 472 2874 posterior,
492 2805 570 2873 quod
587 2803 670 2858 illum
685 2803 824 2872 populum
844 2810 940 2856 curent
966 2803 1056 2857 seculi
1072 2811 1129 2856 tum
1153 2803 1184 2855 in
1212 2803 1331 2857 44414414
1354 2803 1542 2872 triumphante
1575 2820 1657 2871 quam
1675 2805 1706 2856 iri
1723 2803 1795 2856 mili-

98 2909 176 2962 prae
203 2890 315 2958 sturia,
352 2905 385 2943 eu
402 2908 456 2960 quo
475 2891 611 2958 aripinem
630 2892 744 2949 ducunt.
783 2887 940 2945 14141314-
966 2896 1042 2943 tante
1060 2890 1156 2959 aliquo
1174 2891 1257 2943 modo
1270 2890 1367 2957 suim
1385 2891 1545 2957 adoratam,
1567 2906 1630 2942 cum
1648 2889 1798 2943 4441414114

102 2976 209 3050 phylus
236 2977 265 3032 in
299 2975 406 3033 delens.
441 2985 539 3032 contra
565 2976 692 3031 Tlacium
720 2992 786 3048 pag.
816 2981 876 3033 184:
908 2976 939 3034 S.
966 2976 1010 3041 sit,
1030 2977 1171 3043 cognitam
1188 2993 1250 3030 eum
1265 2976 1357 3042 faiam
1375 2994 1394 3028 a
1411 2976 1516 3029 sanctis
1533 2976 1644 3044 angelis
1662 2976 1706 3030 uel
1726 2993 1796 3030 com·
1883 2981 1885 2984 '

109 3064 238 3120 Uhs'cum
259 3070 412 3135 patronum
444 3063 538 3117 colunt
564 3063 725 3130 Aupuetoni
753 3063 839 3131 41444,
871 3063 940 3132 quia
966 3062 1044 3116 muni
1069 3070 1202 3132 conceptu
1223 3071 1254 3117 ut
1271 3063 1302 3116 in
1319 3070 1395 3116 statu
1413 3063 1476 3117 uiue
1493 3065 1632 3117 credendo
1653 3064 1745 3116 Deum
1765 3081 1798 3118 eu

103 3151 281 3222 euunpelium
301 3149 408 3206 Christi
429 3149 460 3202 in
482 3148 537 3203 illa
553 3149 621 3203 urbe
641 3148 823 3215 instauravit,
853 3149 939 3203 miru-
964 3149 1075 3215 femina
1111 3157 1266 3203 sumturum
1299 3166 1424 3219 carnem,
1460 3150 1503 3205 uel
1527 3151 1648 3220 proprio
1677 3158 1704 3204 et
1728 3167 1797 3219 pnr-

104 3239 180 3293 culie
209 3237 379 3299 41144144411,
413 3235 586 3305 propagauit
618 3235 677 3289 ulio
707 3235 811 3304 etiam,·
847 3236 940 3292 Sulis·
966 3237 1097 3304 titillari,
1118 3243 1150 3289 ut
1167 3236 1197 3288 iu
1215 3235 1385 3290 beatitudine
1403 3236 1534 3290 intuendo
1550 3237 1688 3302 feminum
1707 3237 1798 3308 illum,

106 3327 258 3395 burpeneee
288 3330 387 3378 444144
420 3323 592 3393 Rupertum,
631 3324 708 3391 quod
739 3330 764 3377 et
793 3324 853 3392 s'pee
876 3325 941 3390 suit
968 3340 1001 3378 44
1023 3340 1079 3393 444
1104 3323 1217 3376 uerbum
1247 3322 1453 3377 incarnandum
1480 3331 1560 3393 erut,·
1592 3325 1657 3378 item
1676 3341 1795 3396 praeco·
1899 3340 1905 3355 ’

107 3414 138 3467 in
164 3411 287 3482 Alpibus
324 3410 386 3464 illu
416 3409 578 3478 primarius
609 3408 749 3478 euanpelii
785 3410 940 3480 apostolus.
967 3413 1076 3481 pnuam
1100 3428 1162 3464 enm
1185 3410 1277 3475 fuisse
1303 3412 1387 3464 etiam
1405 3418 1470 3465 ants
1489 3409 1596 3465 ocrim
1613 3414 1762 3466 aduentum
1779 3430 1797 3466 u

107 3501 221 3554 Eadem
239 3501 275 3553 de
291 3497 452 3553 aliisratio
472 3504 602 3551 4144444
620 3504 669 3552 sat.
964 3497 1139 3568 patriarchis
1170 3505 1196 3551 et
1220 3496 1373 3567 prophetie.
1419 3496 1644 3567 Respondemus:
1678 3505 1700 3555 l.
1733 3498 1796 3554 Non

10 3616 66 3656 uon
143 3591 203 3642 423.
240 3590 265 3641 t.
296 3583 372 3640 Vera
393 3590 421 3640 41
440 3583 501 3640 Deo
526 3588 607 3655 grata
632 3582 769 3640 invocatio
790 3591 833 3640 441
855 3585 941 3640 44414-
968 3585 1039 3641 44114
1065 3585 1143 3640 44114
1170 3591 1264 3655 potest
1289 3600 1349 3639 esse
1377 3584 1518 3648 edentiu-
1544 3584 1594 3639 sed
1621 3584 1710 3639 Maria
1741 3602 1796 3640 non

22 3676 68 3706 ’θ’
108 3673 166 3728 4144
183 3679 240 3727 tam
261 3671 296 3728 V.
316 3688 399 3743 quem
420 3670 456 3728 N.
474 3671 508 3725 Τ.
527 3671 688 3728 communis.
730 3669 785 3726 Sed
802 3671 940 3727 invocatio
968 3672 1074 3728 44411111
1097 3670 1133 3726 ab
1159 3671 1239 3726 initio
1263 3671 1358 3728 seculi.
1390 3670 1465 3742 Ergo
1487 3687 1539 3726 nae
1563 3671 1654 3741 potuit
1679 3671 1797 3727 adorari.

10 3719 92 3819 me
108 3764 267 3814 sauctorum
293 3774 350 3813 non
377 3764 420 3813 est
443 3757 576 3814 ecclesiae
599 3758 745 3830 utriusque
768 3757 941 3814 Testamenti
968 3765 992 3815 2.
1016 3759 1044 3812 A
1072 3758 1230 3830 cognitione
1256 3756 1292 3812 ad
1316 3757 1503 3813 adorationem
1528 3757 1606 3812 nulla
1629 3772 1797 3830 consequen·

10 3829 57 3913 ξῗῐ
107 3845 268 3902 communis.
304 3843 381 3915 Ergo
405 3844 544 3899 invocatio
564 3853 721 3899 sanctorum
738 3860 793 3900 nou
813 3853 942 3902 4414444
967 3846 1022 3901 1144
1040 3845 1104 3916 legs
1120 3843 1288 3915 proceditur.
1327 3843 1356 3899 Si
1375 3859 1441 3914 ergo
1459 3844 1503 3898 vel
1522 3845 1640 3899 maxime
1658 3845 1750 3916 angeli
1769 3852 1798 3901 et

10 3935 80 3966 ¹⁰¹¹·
108 3939 137 3989 st
154 3931 217 3986 Deo
235 3938 315 4002 grata
334 3929 481 3985 invocatio.
520 3929 611 4001 Major
630 3931 765 4001 probatur
783 3939 806 3988 1.
826 3933 892 4003 4414
909 3940 942 3988 41
967 3931 1141 4003 patriarchae
1171 3931 1200 3985 14
1228 3930 1372 3986 individuo
1401 3930 1596 4002 cognovissent
1628 3948 1661 3985 ae
1690 3932 1797 4002 praevi-

10 4005 13 4016 ’
108 4036 165 4076 nna
183 4023 227 4074 est
244 4016 368 4085 ecclesis,
387 4034 446 4070 una
459 4018 541 4086 fides,
558 4035 629 4070 4444
644 4019 793 4086 Dominus,
814 4019 854 4074 ita
874 4037 940 4091 quo·
967 4020 1073 4074 dissent
1094 4018 1231 4091 virginem
1253 4017 1418 4088 Deiparam,
1444 4018 1565 4072 nondum
1587 4026 1680 4073 tamen
1704 4035 1738 4072 ex
1764 4035 1797 4074 eo

108 4122 164 4176 444
185 4121 242 4160 nna
267 4103 398 4174 religiosa
421 4102 564 4158 invocatio.
602 4109 627 4160 2.
653 4103 725 4167 Quia
748 4112 780 4159 41
803 4105 832 4160 14
852 4109 886 4163 V.
906 4107 939 4161 T.
966 4106 1060 4162 inisrri
1078 4110 1179 4176 posset,
1200 4105 1274 4176 quod
1295 4104 1592 4161 eandemadorassant.
1630 4111 1656 4160 3.
1669 4104 1797 4176 cognitio

106 4192 185 4247 Dens
203 4190 328 4264 graviter
346 4197 481 4257 testatur,
505 4208 534 4244 se
552 4189 675 4257 pluriam
694 4209 775 4245 usum
793 4209 850 4246 non
869 4194 941 4248 uelle
965 4192 1014 4247 illa
1037 4191 1213 4263 angelorum,
1235 4190 1455 4262 patriarcharum
1478 4195 1507 4244 at
1528 4191 1726 4262 prophatarum
1750 4209 1798 4264 pe·

106 4278 194 4334 alteri
221 4280 293 4333 dure
322 4278 386 4333 Esa.
417 4280 465 4346 42,
494 4282 565 4333 411.
596 4277 636 4330 ita
664 4293 774 4348 444444
802 4280 831 4334 14
854 4281 888 4337 N.
907 4282 940 4336 T.
966 4279 1022 4333 tius
1051 4278 1104 4333 1411
1129 4279 1249 4338 conflua
1276 4285 1303 4331 et
1330 4278 1486 4348 pmeralie,
1512 4278 1587 4349 quod
1610 4277 1726 4334 Messias
1750 4296 1799 4335 ua·

105 4366 205 4422 eodem
234 4364 294 4420 salo
325 4371 368 4419 est
396 4362 520 4420 affectus.
558 4369 583 4419 1.
610 4362 689 4418 Sicut
712 4363 741 4418 in
765 4365 800 4420 V.
819 4366 852 4423 T.
877 4385 940 4438 pro·
966 4365 1086 4420 sciturus
1103 4364 1139 4420 sit
1156 4382 1189 4420 ex
1208 4364 1330 4435 virgins,
1352 4380 1435 4436 quam
1457 4365 1591 4418 distincta
1611 4373 1636 4418 41
1653 4366 1797 4434 rpecialie,

104 4453 226 4509 hibitum
248 4451 303 4506 1411
328 4452 476 4505 incursare
502 4467 531 4504 ee
559 4452 612 4503 deo
638 4453 790 4519 pereprino
818 4453 878 4521 vel,
909 4463 941 4511 41
967 4453 1041 4523 qnod
1066 4468 1100 4508 ex
1123 4451 1175 4507 hac
1192 4450 1300 4522 virgine
1319 4451 1356 4506 sit
1371 4453 1536 4506 nasciturus.
1573 4450 1617 4506 De
1633 4453 1739 4524 angelis
1757 4461 1797 4508 te·

105 4539 223 4611 vulgata
240 4537 377 4600 reddidit,
406 4537 512 4590 recenti
527 4536 630 4593 Psalm.
650 4543 691 4608 81,
710 4557 736 4595 v.
756 4544 795 4597 10.
815 4540 854 4594 114
872 4559 938 4612 quo·
965 4544 1055 4594 statur
1079 4538 1180 4594 Petrus
1207 4544 1231 4594 2.
1258 4539 1336 4609 epist
1363 4545 1385 4608 1,
1415 4557 1438 4596 v.
1468 4544 1507 4595 12.
1537 4539 1612 4610 quod
1637 4542 1798 4596 desiderent

106 4625 214 4696 44414
232 4625 268 4682 N.
289 4623 322 4678 T.
349 4639 405 4678 non
432 4622 514 4678 debet
532 4622 654 4680 invocari
674 4625 757 4694 alius,
786 4642 869 4698 quam
891 4629 939 4698 qui
965 4623 1182 4698 asperrimum
1199 4628 1333 4696 mysteria
1352 4626 1500 4694 4444444111,
1519 4627 1593 4682 unde
1610 4626 1797 4698 Bernhardus,

104 4714 136 4768 in
159 4712 194 4769 V.
217 4711 248 4766 T.
273 4711 328 4765 init
352 4709 480 4781 religiosa
506 4709 659 4766 invocatus.
693 4712 757 4769 Non
780 4719 836 4778 est,
863 4715 938 4786 quod
967 4713 1015 4784 qui
1033 4713 1102 4768 alias
1120 4714 1149 4767 in
1168 4714 1274 4768 cultum
1286 4713 1394 4768 Mariae
1411 4712 1573 4783 propensior
1590 4721 1640 4782 est,
1658 4713 1752 4771 homil.
1772 4721 1794 4772 1.

103 4814 229 4870 regerat,
259 4798 289 4850 in
313 4797 351 4851 N.
373 4797 404 4852 T.
432 4793 538 4849 Cirs'eti
565 4813 677 4851 carnem
702 4814 760 4851 4444
786 4800 939 4870 relipioeae
966 4816 1049 4871 snper
1065 4799 1166 4854 Missus
1185 4807 1235 4861 est,
1254 4805 1283 4855 et
1301 4800 1434 4854 Laurent.
1469 4799 1645 4855 Justinianns
1662 4817 1741 4857 serm.
1760 4801 1796 4857 de

104 4882 285 4940 adorationis
306 4883 457 4953 objectum,
485 4899 556 4950 quae
582 4884 613 4936 in
638 4885 670 4938 V.
690 4885 720 4939 Τ.
745 4888 870 4941 nondum
894 4904 938 4942 ec·
965 4886 1121 4942 annunciat
1145 4885 1253 4957 angelis
1279 4885 1488 4941 accommodant
1516 4886 1564 4942 illa
1589 4885 1688 4941 verba:
1719 4888 1796 4951 Quae

103 4972 190 5042 stitit,
223 4970 273 5026 ills
295 4970 368 5025 enim
395 4986 451 5025 non
479 4970 625 5039 adoratur,
655 4969 708 5024 nisi
735 4979 872 5042 quatenus
897 4984 940 5030 est
966 4973 1090 5040 4411414,
1114 4989 1186 5042 quae
1202 4972 1410 5042 proprediturl
1440 4974 1520 5045 quasi
1540 4973 1742 5045 inquirentibus
1760 4974 1796 5030 de

104 5059 194 5130 Λόγῳ
219 5056 399 5130 personaliter
418 5056 511 5123 unita,
533 5057 593 5127 jam
610 5073 676 5112 vcro
692 5053 788 5128 Λόγος
807 5017 1083 5132 iucapxocipersona
1102 5058 1156 5113 sibi
1175 5059 1280 5131 ignota.
1318 5059 1425 5116 41144
1444 5066 1561 5130 possunt
1579 5077 1612 5116 ex
1631 5058 1740 5129 scriptis
1760 5060 1795 5117 N.

103 5163 162 5201 uon
190 5153 234 5201 est
252 5144 322 5200 alius
340 5144 398 5199 4144
415 5143 470 5198 alia
491 5159 610 5214 persona
637 5160 720 5214 quam
738 5143 835 5215 Λόγος
852 5145 937 5220 cisap-
964 5147 996 5201 T.
1022 5147 1223 5211 demonstrare,
1255 5145 1330 5216 qnod
1348 5146 1437 5202 Maria
1461 5146 1545 5202 fuerit
1563 5146 1690 5212 adorata,
1721 5154 1795 5217 post·

105 5253 154 5294 aas
195 5230 271 5303 Ergo
294 5230 377 5287 etiam
401 5247 452 5302 per
471 5228 661 5285 adorationem
679 5238 819 5287 assumtae
837 5234 937 5298 carnis,
964 5251 1048 5305 quam
1072 5233 1235 5303 promissum
1259 5232 1390 5288 Messium
1419 5234 1449 5288 in
1475 5233 1566 5287 lucem
1594 5232 1734 5304 ediderat3
1765 5241 1795 5289 et

105 5326 243 5392 qnatenus
269 5334 301 5375 ea
318 5319 346 5373 in
364 5318 425 5388 ipso
445 5314 533 5390 Λόγῳ
552 5316 693 5382 subsistit,
720 5335 775 5373 non
793 5318 937 5375 invocatur
963 5326 1055 5375 tamen
1073 5319 1178 5375 audent
1196 5335 1214 5375 a
1232 5318 1312 5374 nobis
1333 5319 1481 5390 postulare,
1502 5324 1534 5374 ut
1552 5318 1713 5385 credamus,
1732 5336 1793 5375 eam

104 5407 177 5462 alius
194 5407 224 5463 in
243 5404 278 5463 N.
295 5405 327 5462 T.
346 5423 430 5477 quam
449 5405 477 5459 in
495 5404 531 5462 V.
550 5403 585 5459 T.
603 5404 735 5459 adoratus
750 5404 811 5459 fuit.
851 5406 937 5461 Side
962 5405 1048 5461 141444
1075 5405 1235 5475 4114441444,
1267 5410 1416 5477 antequam
1445 5405 1474 5460 in
1503 5421 1595 5460 rernm
1621 5411 1721 5461 natura
1748 5423 1792 5463 ex·

100 5511 230 5568 perseum
253 5497 417 5565 quaeratur,
441 5491 534 5548 nullus
554 5490 713 5548 adorandus
732 5499 774 5548 ast
791 5491 844 5547 nisi
862 5493 936 5549 solus
962 5491 1069 5547 stiterit.
