4104 6014
650 230 701 286 DE
719 226 963 288 MOR'EUORUM
982 225 1306 290 RESURRECTIONE.
1767 236 1827 296 469

146 380 334 448 5551555555·
352 382 425 436 bona
444 384 520 439 55555
537 387 697 440 comtitutio
715 393 757 439 est
774 384 974 456 5555555511ῖί-
1000 384 1041 441 Ut
1059 386 1133 443 enim
1150 392 1281 458 corrupta
1299 391 1393 442 nostra
1410 394 1511 442 natura
1527 403 1582 441 non
1600 390 1692 457 potest
1711 401 1828 456 regnum

144 473 188 520 tas
218 467 308 522 555515
339 474 365 522 et
398 471 493 525 omnia
522 470 652 526 aetlserea
677 471 975 535 lenocinamento,
999 471 1137 528 coelorum
1164 473 1311 545 consequi,
1342 473 1396 527 nisi
1427 478 1605 545 regeneretur
1632 478 1828 528 semovetur

143 552 213 607 luna
242 555 317 608 lucet
343 555 418 609 celest
443 557 502 623 sol,
535 577 592 613 non
616 559 728 614 omnino
751 559 810 614 5515
836 566 975 613 carentem
999 575 1049 630 per
1066 559 1198 630 Spiritum
1216 577 1237 616 5.
1255 560 1319 618 Job.
1338 565 1362 630 3,
1380 579 1405 615 5.
1424 566 1447 617 5.
1469 560 1509 615 515
1528 575 1646 631 corpora
1663 565 1758 615 nostra
1772 576 1828 612 non

143 638 242 694 limam
261 657 335 704 csse,
358 642 450 711 speum
466 645 568 698 testari
582 645 751 714 (1155555555,
772 647 825 699 sed
843 645 914 699 51555
930 663 974 700 55·
998 651 1115 716 possunt
1144 646 1223 718 regni
1249 646 1377 703 coelestis
1402 645 1462 703 lieri
1485 647 1649 718 participia,
1682 645 1735 701 nisi
1752 646 1829 716 prius

143 725 206 786 itm.
243 725 481 788 Quemadmodum
499 738 525 784 et
543 734 621 799 quod
639 738 867 798 nonmtaurum,
883 746 974 801 prope
999 729 1112 808 osopio
1141 737 1169 789 55
1193 733 1453 805 corruptibilitatem
1480 734 1621 801 exuerint,
1650 749 1684 788 55
1711 731 1828 804 proinde

143 822 231 867 autem
251 821 291 866 est
309 821 339 868 ut
355 814 393 869 sit
411 833 522 884 aurum,
541 817 613 871 sicut
631 836 732 872 aurum
753 818 858 872 51555155
877 827 904 873 55
918 836 974 872 non
998 836 1055 874 non
1078 819 1265 885 substantiae,
1297 820 1347 875 sed
1377 821 1479 892 culpae
1504 819 1613 877 nomine
1632 836 1697 874 caro
1719 824 1748 874 et
1765 835 1828 873 ssu·

142 917 251 954 aurum.
289 900 325 956 Si
348 917 413 955 cero
438 910 508 957 55555
526 922 642 973 numm,
666 905 883 967 nundinaretur
898 903 974 958 nelut
998 903 1061 975 guis
1085 920 1103 958 s
1128 921 1215 976 regno
1234 905 1288 961 Dei
1314 912 1449 964 arcentur.
1485 912 1511 963 4.
1532 906 1595 970 Qua
1620 905 1656 960 de
1680 921 1710 960 re
1733 904 1773 959 sic
1789 904 1827 960 lo

143 1003 257 1055 aurum,
285 988 338 1040 5551
363 1005 471 1046 aurum.
509 988 630 1052 Quando
648 1009 714 1046 nero
730 1010 786 1046 non
805 998 845 1045 est
864 1008 973 1058 aurum,
998 995 1120 1060 quantur
1147 990 1187 1062 pii
1212 998 1318 1047 veteres
1345 991 1376 1046 in
1412 991 1480 1046 dicti
1504 990 1588 1063 hujus
1614 989 1757 1062 apostolici
1782 1005 1827 1045 ex-

142 1074 195 1126 scsi
217 1076 423 1143 propemodum
452 1084 494 1129 est
522 1094 624 1131 aurum
654 1085 681 1131 et
711 1078 880 1146 imapinetur
911 1077 974 1146 puis
997 1075 1154 1146 plicatione,
1178 1075 1310 1133 Irensens
1326 1076 1374 1132 lib.
1395 1085 1419 1134 5.
1439 1096 1462 1135 c.
1485 1083 1524 1134 12.
1546 1096 1573 1150 p.
1588 1073 1658 1134 ’3265
1689 1078 1827 1146 5155555555

143 1176 256 1224 aarum,
282 1160 358 1214 uelut
381 1179 482 1215 aurum
506 1163 618 1219 dicitur.
655 1164 705 1217 Ita
729 1163 812 1218 etiam
831 1163 906 1218 551555
924 1181 973 1217 an·
997 1163 1031 1216 id
1047 1166 1125 1233 quod
1139 1164 1232 1218 salvat
1249 1172 1276 1219 et
1291 1166 1401 1229 format
1426 1165 1457 1218 in
1481 1165 1568 1218 citam
1585 1181 1641 1218 non
1658 1165 1772 1232 babent,
1797 1163 1830 1216 bi

141 1244 218 1312 pclos
236 1247 302 1309 sore
320 1247 350 1300 in
369 1248 583 1316 resurrectione,
601 1267 657 1303 non
674 1249 974 1319 boeipsumproferre
998 1257 1194 1320 consequenter
1214 1256 1296 1304 erunt
1321 1258 1347 1304 et
1374 1251 1546 1305 vocabuntur
1569 1268 1637 1304 caro
1657 1258 1683 1305 et
1704 1249 1828 1317 sanpus's,

142 1332 275 1386 audimus
293 1334 403 1402 ipsum,
421 1342 532 1389 5555555
551 1335 681 1391 uidelicet
697 1337 764 1400 fore
781 1336 906 1405 ampelos,
924 1336 975 1389 sed
999 1337 1102 1405 quippe
1134 1335 1184 1404 qui
1211 1353 1267 1391 non
1298 1337 1399 1390 babent
1428 1335 1568 1404 Spiritum
1592 1336 1651 1391 Dei
1672 1337 1702 1390 in
1723 1352 1753 1390 se
1773 1339 1826 1390 etc.

136 1434 230 1487 prope
248 1428 279 1473 ut
295 1420 351 1473 sint
370 1421 465 1488 ampeli
481 1426 534 1478 etc.
998 1439 1025 1492 p.
1051 1426 1115 1477 ³27:
1150 1424 1226 1478 Caro
1256 1425 1317 1477 sine
1347 1423 1458 1492 Spiritu
1484 1422 1544 1476 Dei
1567 1430 1679 1476 mortua
1706 1429 1747 1475 est
1771 1439 1827 1476 non

56 1508 80 1547 ³¹
177 1511 216 1560 ¹15.
249 1509 275 1560 2.
302 1506 349 1559 Ea
377 1506 439 1561 loco
469 1507 624 1577 apostolico
652 1512 675 1563 1.
702 1507 764 1563 Cor.
793 1512 838 1576 15,
867 1524 894 1561 5.
923 1512 972 1563 50:
998 1507 1100 1562 babens
1122 1509 1222 1576 citum,
1254 1526 1372 1581 repnum
1401 1508 1462 1562 Dei
1480 1508 1629 1578 possidere
1658 1526 1713 1562 non
1734 1515 1828 1578 potest

56 1557 128 1652 ism
144 1589 220 1645 Caro
239 1599 265 1645 et
282 1592 398 1659 sanpuis
416 1610 473 1646 non
481 1593 667 1662 possidebunt
678 1611 793 1662 regnum
805 1593 872 1649 Dei.
892 1595 973 1664 Erpa
997 1594 1113 1663 sanpuis
1142 1596 1321 1650 irrationalis
1346 1594 1421 1649 uelut
1447 1610 1524 1663 apua
1548 1595 1638 1665 effusa
1658 1595 1690 1648 in
1714 1602 1827 1664 5555555,

142 1696 264 1748 corpora
279 1680 450 1732 resuscitata
469 1686 494 1732 ct
513 1680 676 1749 glorificata
693 1698 749 1734 non
760 1681 898 1734 nolebam
911 1698 973 1735 aar·
998 1689 1024 1734 et
1038 1688 1157 1751 propter
1177 1681 1229 1735 boc
1248 1684 1299 1749 ait,
1317 1680 1412 1751 qualis
1425 1688 1563 1749 55555555,
1583 1681 1654 1735 tales
1671 1689 1699 1736 et
1714 1681 1826 1734 terreni.

142 1780 203 1818 nem
222 1774 249 1819 et
268 1765 440 1836 sanquinem.
477 1764 702 1837 Respondemus:
733 1773 755 1822 1.
773 1765 924 1837 Α55555155
944 1765 973 1818 in
1001 1767 1054 1822 Ubi
1072 1774 1163 1821 autem
1183 1768 1309 1836 Spiritus
1328 1767 1441 1832 Patris,
1466 1767 1508 1820 ibi
1530 1767 1611 1821 bomo
1632 1769 1739 1836 5155555,
1762 1785 1827 1822 san·

142 1851 239 1907 eodem
264 1851 358 1922 capite
375 1852 500 1923 ejusdem
518 1869 633 1909 numero
651 1860 680 1908 et
698 1852 856 1908 substantie
877 1867 971 1923 corpo·
997 1852 1060 1921 puis
1077 1853 1227 1907 rationalis
1247 1855 1288 1908 ad
1303 1854 1438 1908 ultionem
1456 1871 1475 1906 a
1495 1854 1560 1908 Deo
1577 1855 1740 1923 custoditus,
1758 1871 1827 1909 caro

142 1939 180 1993 ris
207 1939 446 2018 resuscitationem
471 1940 618 2010 perspicue
642 1940 757 2009 5555515,
788 1947 820 1996 55
847 1941 972 2010 superius
997 1957 1017 1992 a
1042 1940 1152 2009 Spiritu
1178 1941 1288 1995 5555555
1313 1939 1401 1994 oblita
1428 1939 1541 2009 quidem
1568 1941 1627 2008 sui,
1663 1942 1827 2012 qualitatem

141 2024 321 2081 ostendimus.
358 2032 381 2082 2.
395 2026 458 2083 Non
478 2043 545 2098 ergo
565 2027 673 2097 deipss
684 2027 805 2098 55555515
819 2026 974 2082 5555555515
999 2034 1090 2082 numm
1111 2027 1237 2097 Spiritus
1257 2045 1402 2083 assumens
1421 2028 1577 2090 conformis
1594 2029 1676 2093 facta
1691 2038 1732 2084 est
1744 2030 1828 2085 uerbo

142 2111 234 2175 ἁπλῶς
253 2113 282 2166 in
300 2130 331 2168 se
344 2113 534 2181 considerata,
562 2112 612 2168 sed
636 2114 672 2169 de
696 2113 865 2169 adhaerente
881 2112 972 2169 cernis
999 2114 1058 2168 Dei
1073 2119 1126 2168 etc.
1139 2113 1211 2168 sicut
1222 2132 1327 2184 555555
1344 2129 1488 2168 5555555555
1506 2131 1639 2183 sponsum
1657 2133 1713 2170 non
1728 2123 1828 2186 potest,

142 2198 317 2270 corruptione
340 2204 368 2255 55
387 2198 512 2269 ejusdem
532 2199 562 2252 in
585 2198 638 2254 hac
655 2199 714 2254 vita
733 2200 888 2255 conditione
906 2216 971 2270 apo·
998 2200 1105 2255 asnsmi
1122 2207 1213 2255 asstem
1235 2218 1255 2255 a
1279 2218 1381 2271 5555555
1402 2208 1508 2272 potest,
1532 2219 1595 2255 cum
1613 2203 1719 2257 uenerit
1738 2211 1764 2257 et
1780 2221 1828 2258 ac·

141 2285 228 2340 stolus
255 2285 392 2357 loquitur,
418 2286 493 2357 quod
520 2285 627 2340 scilicet
644 2302 754 2356 corpus,
779 2293 914 2358 quatenus
945 2292 973 2342 et
998 2287 1102 2356 ceperit
1119 2303 1181 2341 eam
1199 2303 1326 2357 sponsus,
1345 2287 1387 2341 sic
1407 2295 1432 2340 et
1451 2304 1519 2342 caro
1538 2287 1606 2342 baec
1623 2291 1776 2343 secundum
1797 2306 1826 2345 se

142 2370 275 2442 quamdiu
293 2376 336 2426 est
354 2371 486 2440 55155515,
513 2371 644 2435 mortale,
668 2378 783 2442 peccato
803 2376 972 2442 corruptum,
998 2373 1103 2443 ipsam,
1128 2373 1163 2427 ici
1186 2381 1226 2428 est
1247 2374 1325 2444 sola,
1352 2390 1465 2443 repnum
1486 2375 1546 2428 Dei
1563 2375 1719 2431 tarditate
1734 2378 1828 2447 possi·

141 2457 247 2514 vitiosis
279 2456 507 2514 inclinationibus
538 2457 686 2513 obnoxium
718 2464 770 2514 etc
800 2476 856 2514 non
886 2459 973 2531 possit
1000 2461 1068 2514 dere
1096 2477 1151 2513 non
1179 2467 1287 2530 potest,
1316 2460 1469 2515 tarditate
1504 2468 1596 2515 autem
1624 2463 1769 2531 possideri
1798 2465 1829 2518 in

142 2561 259 2616 regnum
292 2543 347 2599 Dei
375 2543 545 2612 hereditare,
575 2544 625 2599 sed
652 2545 839 2601 necessariam
862 2545 913 2614 515,
942 2550 975 2599 55
998 2563 1084 2614 repno
1103 2544 1164 2600 Dei
1180 2562 1200 2600 a
1219 2545 1331 2616 8515155
1345 2553 1445 2616 potest.
1477 2563 1503 2616 p.
1522 2551 1585 2604 328:
1608 2548 1704 2602 Nolite
1721 2566 1828 2619 errare,

143 2630 322 2703 qualitatum,
344 2646 400 2686 non
418 2634 512 2685 eutem
528 2629 701 2686 substantiae
718 2631 826 2687 ratione
844 2635 972 2686 mutetur.
1000 2633 1132 2701 quoniam
1149 2633 1208 2686 nisi
1223 2633 1336 2687 uerbum
1353 2632 1414 2686 Dei
1432 2631 1631 2687 inhabitaverit
1655 2642 1682 2688 et
1702 2635 1828 2706 Spiritus

143 2723 167 2775 3.
186 2716 268 2773 Η555
295 2715 550 2787 interpretationem
579 2716 680 2787 probat
709 2717 843 2773 connexio
868 2723 974 2786 textus;
999 2719 1099 2773 Patris
1110 2720 1206 2787 fuerit
1224 2719 1256 2772 in
1273 2719 1365 2789 vobis,
1384 2734 1456 2773 rane
1474 2726 1567 2774 autem
1585 2728 1612 2774 et
1626 2730 1715 2791 praest
1733 2723 1829 2793 euenit

143 2804 285 2874 apostolus
300 2821 324 2858 v.
342 2807 384 2859 49.
401 2801 504 2874 inquit:
532 2802 612 2858 Sicsst
628 2805 804 2874 parturimus
823 2805 974 2875 incepissem
1000 2806 1158 2859 5555555551
1178 2805 1310 2873 fueritis,
1342 2805 1428 2875 55551
1450 2812 1558 2859 tantum
1581 2823 1650 2861 caro
1671 2810 1829 2878 5555555515

143 2892 247 2945 terrersi
264 2889 376 2959 (Adurni
394 2889 501 2945 scilicet
518 2889 547 2943 in
567 2891 620 2946 555
638 2891 720 2961 rita),
742 2891 784 2945 sic
796 2893 974 2961 portabimus
1001 2891 1161 2946 exsistentes
1177 2908 1293 2960 repnum
1314 2892 1372 2946 Dei
1389 2893 1541 2962 possidere
1559 2911 1615 2947 non
1630 2897 1761 2964 poteritis
1777 2904 1828 2952 etc.

143 2978 291 3045 imaginem
315 2975 441 3029 5551555515
468 2974 581 3042 (Christi
608 2976 715 3032 scilicet
733 2977 763 3031 in
784 2978 879 3033 sutura
897 2978 974 3045 rita),
1000 2977 1188 3034 Tertullianus
1208 2977 1255 3033 lib.
1273 2978 1438 3035 dorsennus
1456 2977 1533 3033 (lara
1552 2982 1707 3050 etsanpuis
1719 2983 1830 3038 nomine

145 3083 168 3120 r.
188 3071 229 3119 53.
256 3062 414 3135 subjungit:
444 3061 500 3128 bes,
524 3062 607 3131 quia,
638 3072 755 3119 curo-ct
778 3065 896 3135 sanpuis
919 3082 974 3120 non
1001 3066 1102 3135 551555
1135 3082 1191 3119 non
1226 3066 1399 3120 substantiae
1437 3072 1570 3119 arcentur
1599 3084 1618 3119 a
1649 3085 1736 3139 regno
1761 3069 1829 3127 Dei.

143 3151 324 3222 possidebam
335 3166 450 3217 repnum
459 3150 525 3219 Dei,
538 3149 555 3203 i.
565 3167 589 3203 5.
600 3149 664 3205 15155
675 3149 745 3221 dico,
759 3168 809 3206 nos
818 3157 975 3223 gustaturos
1001 3151 1163 3209 Ambrosius
1192 3150 1220 3205 in
1244 3169 1314 3207 com.
1342 3159 1364 3209 1.
1387 3151 1449 3208 (155.
1478 3158 1524 3210 15:
1555 3153 1727 3224 1555555555
1752 3156 1830 3212 Scri·

145 3238 294 3309 imaginem
312 3235 453 3305 coelestils,
479 3236 546 3307 quie
569 3253 635 3291 caro
656 3243 685 3291 et
709 3237 823 3310 sanguis
841 3238 899 3294 sire
915 3255 973 3296 cor·
997 3248 1086 3311 ptura
1103 3253 1216 3293 carnem
1232 3256 1288 3308 pro
1306 3238 1437 3309 operibns
1452 3239 1580 3292 nominat
1598 3243 1708 3310 camis,
1733 3251 1764 3296 ut
1781 3244 1831 3314 ibi,

144 3343 196 3395 pus
215 3322 336 3379 animale
362 3328 390 3379 et
416 3320 541 3392 mortale,¹
566 3328 703 3394 quatenus
732 3323 826 3379 adbuc
844 3324 901 3382 5515
919 3341 975 3381 non
1001 3343 1049 3381 555
1066 3333 1159 3380 autem
1174 3325 1205 3378 in
1223 3341 1310 3378 carne
1327 3342 1384 3378 non
1402 3326 1584 3389 retinendis
1597 3313 1717 3395 Spiritu.
1736 3330 1830 3384 Aliter

144 3416 236 3482 potest
263 3426 381 3482 regnum
406 3407 461 3463 Dei
493 3407 655 3478 possidere3
687 3409 788 3480 probat
816 3408 976 3482 ἐπεξὴγησις
1002 3430 1070 3467 caro
1094 3413 1165 3465 sicut
1190 3418 1230 3465 555
1247 3428 1363 3481 repnum
1380 3411 1440 3464 Dei
1457 3428 1513 3464 non
1529 3412 1688 3482 possidebit
1705 3415 1762 3468 nisi
1780 3416 1831 3470 im·

56 3510 131 3554 tuus.
145 3496 301 3553 immediate
321 3494 461 3565 subjecta,
478 3510 567 3565 neque
584 3496 744 3566 corruptio,
771 3496 975 3569 1555155555-
1003 3497 1175 3553 mortalitate
1196 3497 1302 3552 vestita
1335 3496 1509 3569 Augustinus
1531 3505 1605 3556 cont
1625 3499 1688 3556 adr.
1716 3501 1785 3573 legis
1802 3508 1831 3557 55

146 3583 247 3638 ditabit
272 3581 509 3651 incorruptelam,
535 3580 564 3634 id
587 3589 631 3636 est
655 3598 720 3637 5555
736 3589 765 3637 55
784 3583 898 3654 sanguis
916 3600 975 3638 cor·
1001 3583 1097 3658 proph.
1122 3581 1182 3636 libr.
1200 3587 1225 3637 2.
1249 3599 1312 3654 cap.
1332 3588 1366 3638 b:
1398 3583 1508 3637 Paulus
1530 3591 1581 3638 aut
1603 3587 1698 3640 carnis
1722 3596 1749 3641 st
1765 3606 1829 3643 san-

146 3667 292 3740 rnptibilis,
313 3672 450 3739 quatenus
468 3665 575 3721 scilicet
595 3667 660 3722 tulis
679 3673 708 3724 et
725 3686 826 3741 corpus
840 3671 975 3743 corrupti·
1002 3672 1095 3743 guinis
1111 3670 1220 3723 senune
1238 3670 1444 3738 corruptionem
1457 3672 1552 3725 cornis
1563 3672 1741 3740 sipnificaoit,
1758 3693 1830 3745 quac

145 3754 209 3824 bile,
227 3759 364 3827 quatenus
375 3751 439 3817 tale,
459 3768 514 3807 non
533 3752 685 3824 possidebit
696 3771 812 3826 regnum
825 3757 976 3825 coelorum3
1002 3761 1032 3814 s'n
1051 3757 1255 3813 resurrectione
1271 3773 1328 3809 non
1347 3756 1418 3826 crit,·
1437 3763 1486 3810 aut
1502 3774 1615 3812 carnem
1627 3767 1653 3813 55
1665 3761 1829 3830 sanpuinem

145 3840 247 3914 probat
264 3839 352 3896 illatio
371 3858 397 3894 v.
410 3846 450 3895 53.
472 3838 629 3909 subjuncta,
649 3843 717 3910 quia
735 3859 804 3896 caro
822 3849 849 3897 et
860 3843 977 3913 sanpuis
1002 3848 1044 3901 ad
1061 3860 1153 3900 omncs
1171 3842 1320 3897 illecebras
1337 3842 1507 3897 secularium
1521 3844 1696 3918 uoluptatum
1712 3849 1797 3902 carni
1806 3857 1832 3903 55

147 3926 348 3999 corruptibilis,
375 3932 513 3998 quatenus
533 3931 561 3981 et
591 3928 724 3998 quamdiu
749 3937 792 3985 est
812 3929 891 4004 talis,
921 3948 976 3985 non
1001 3931 1135 4003 sanguini
1155 3930 1269 3986 5555155
1293 3930 1407 3995 retulit,
1433 3931 1533 4001 quibus
1555 3949 1669 4002 repnum
1693 3935 1754 3990 Dei
1775 3954 1832 3989 nan

142 4021 236 4084 potest
252 4029 367 4082 repnum
381 4013 441 4067 Dei
452 4013 614 4083 possidere,
631 4013 694 4069 ideo
714 4024 821 4086 oportet
839 4018 976 4087 corrupti·
998 4019 1170 4092 possidetur.
1204 4015 1238 4070 In
1256 4015 1334 4070 ench.
1354 4033 1416 4087 cap.
1435 4023 1481 4072 91:
1511 4019 1652 4080 Quantum
1674 4021 1773 4074 attinet
1791 4024 1833 4075 ad

148 4101 203 4156 bile
223 4100 274 4154 boc
293 4100 411 4153 induere
434 4100 669 4170 incorruptionem
688 4110 714 4155 et
732 4103 851 4158 mortale
867 4103 920 4157 boc
934 4104 977 4159 in·
1003 4105 1208 4176 corruptionem
1235 4109 1263 4156 et
1287 4104 1329 4156 aa
1355 4103 1437 4170 nitio,
1472 4105 1570 4173 quibus
1597 4122 1665 4159 caro
1694 4109 1831 4161 aduersus

148 4192 234 4243 dcere
259 4186 511 4253 immortalitatem,
540 4185 588 4241 ubi
612 4186 704 4252 rides,
732 4193 860 4245 notanter
882 4188 978 4245 distin·
1003 4194 1126 4248 animam
1143 4189 1329 4259 concupiscit,
1357 4198 1422 4243 tunc
1439 4207 1496 4244 non
1513 4190 1568 4245 erit
1583 4209 1668 4263 cara,·
1699 4202 1832 4264 quantum

146 4291 231 4348 guere
258 4273 413 4344 apostolum
440 4272 511 4329 inter
536 4272 649 4347 555555
673 4272 882 4349 5515555565,
907 4279 978 4334 inter
1004 4281 1045 4334 ad
1062 4277 1262 4346 substantiam,
1293 4274 1376 4328 etiam
1403 4283 1467 4329 tunc
1491 4277 1544 4330 erit
1567 4294 1644 4333 caro.
1680 4276 1833 4351 Gregorius

147 4361 353 4432 corruptionem
376 4368 401 4414 ct
426 4359 691 4431 corruptibilitatem
713 4367 846 4434 tunquam
870 4365 977 4420 abstra-
1003 4364 1065 4420 libr.
1087 4370 1125 4420 14.
1149 4380 1216 4418 mor.
1240 4378 1264 4418 c.
1287 4366 1335 4416 29:
1369 4361 1406 4413 Iu
1429 4363 1641 4433 sacroelopuio
1662 4365 1834 4423 5115555555

146 4456 222 4506 ctum
243 4453 273 4503 et
289 4453 464 4516 concretum,
493 4446 654 4519 adjunctum
674 4451 703 4501 et
720 4448 891 4520 subjectum,
913 4468 978 4507 caro
1004 4451 1109 4506 dicitur
1131 4450 1218 4519 jueta
1237 4454 1370 4501 naturam
1401 4454 1483 4516 atque
1509 4450 1596 4503 511555
1619 4451 1704 4519 juata
1721 4452 1833 4524 culpam

146 4535 256 4591 5551555
268 4532 445 4604 corruptione
460 4532 614 4602 possidebit
625 4550 742 4605 regnum
753 4533 823 4606 Dei3
838 4538 978 4609 corruptio
1003 4539 1047 4593 nel
1075 4536 1290 4606 corruptionem.
1336 4532 1411 4588 Caro
1440 4534 1545 4604 quippe
1575 4536 1662 4605 juata
1693 4547 1834 4609 naturam,

146 4629 238 4679 sutem
259 4620 410 4687 exsulabit,
432 4626 561 4676 manente
583 4620 674 4675 cernis
693 4619 863 4692 substantia,
889 4626 978 4681 omnis
1003 4627 1075 4680 55555
1092 4624 1226 4693 scriptum
1244 4628 1297 4689 est,
1320 4622 1374 4676 boc
1399 4639 1472 4675 nunc
1492 4640 1523 4676 os
1543 4638 1576 4677 55
1594 4625 1703 4680 5551555
1721 4629 1790 4682 meis
1807 4636 1833 4684 et
1846 4644 1902 4691 m.
1914 4646 1947 4688 so.

149 4707 324 4765 mortalitatis
343 4713 373 4764 et
389 4706 627 4778 corruptibilitatis
639 4707 760 4763 conditio
776 4709 897 4767 cessabit
913 4711 977 4769 abo·
1004 4729 1072 4767 caro
1090 4711 1126 4763 de
1144 4725 1228 4763 carne
1251 4724 1314 4762 mea
1335 4707 1405 4763 Gen.
1423 4709 1450 4762 2.
1491 4709 1610 4764 Verbum
1632 4729 1699 4767 caro
1723 4717 1832 4779 factum

149 4798 211 4860 litas
225 4794 328 4868 probat
340 4794 478 4866 oppositio
486 4793 639 4864 praemissa
650 4800 730 4850 ult:
746 4796 822 4850 Oaro
832 4800 980 4867 etsanpuis
1002 4808 1044 4854 est
1063 4798 1129 4852 Jols.
1147 4799 1171 4848 1.
1202 4795 1274 4852 Uaro
1293 4809 1359 4847 uero
1371 4794 1459 4862 jueta
1476 4795 1596 4865 culpam
1613 4800 1686 4853 ss'eut
1696 4803 1832 4872 scriptum

148 4887 205 4939 sire
224 4900 327 4953 corpus
338 4881 491 4936 seminatur
502 4882 533 4934 in
544 4881 730 4952 corruptione,
747 4891 877 4953 resurpet
893 4885 924 4938 in
937 4886 978 4941 in·
1004 4892 1058 4949 cst,
1086 4900 1143 4937 non
1172 4880 1345 4951 permambit
1372 4879 1499 4949 spernus
1524 4901 1599 4939 mnu
1623 4886 1654 4940 in
1678 4888 1834 4946 bominibus

148 4971 327 5042 corruptione
341 4969 979 5043 543.555155555155555555115555,5555555”5
1003 4971 1081 5040 istis,
1110 4969 1178 5040 quia
1207 4984 1276 5021 cmm
1295 4973 1359 5021 moi
1381 4965 1453 5026 Gom
1472 4971 1499 5026 6.
1540 4971 1595 5026 Vos
1618 4974 1649 5027 in
1672 4992 1757 5030 carne
1777 4995 1834 5032 non

147 5059 256 5130 picria,
283 5056 437 5112 serninatur
453 5057 484 5110 in
504 5057 682 5126 infirmitate,
707 5066 803 5126 surget
823 5057 854 5112 in
871 5058 978 5126 uirtute,
1004 5059 1077 5128 estis,
1095 5059 1147 5111 sesi
1165 5056 1196 5109 in
1216 5054 1328 5124 Spiritu
1348 5053 1415 5109 Gal.
1433 5059 1460 5109 4.
1495 5059 1594 5130 Neque
1612 5061 1684 5115 enim
1702 5063 1835 5119 incarne

147 5160 174 5201 v.
194 5151 235 5202 44.
256 5145 413 5198 seminatur
431 5160 535 5212 corpus
553 5144 689 5212 animale,
705 5151 800 5214 surget
819 5145 978 5215 spirituale,
1003 5164 1060 5201 nan
1079 5150 1176 5212 555551,
1195 5143 1294 5213 quibus
1311 5141 1449 5212 epistolas
1468 5146 1682 5218 transmittebat,
1698 5151 1751 5202 sed
1767 5150 1834 5219 qaia

149 5232 245 5304 ntique
260 5247 328 5304 ergo
348 5229 424 5286 idern
444 5247 552 5301 corpus,
574 5231 649 5302 quod
667 5231 696 5285 in
714 5231 767 5286 555
784 5229 843 5286 ritu
860 5238 904 5287 est
921 5250 979 5288 cor·
1000 5232 1148 5304 passiones
1157 5230 1313 5284 carnalium
1323 5229 1533 5285 dmideriorum
1539 5232 1673 5303 51555555,
1681 5235 1743 5302 jam
1752 5236 1836 5290 liberi

148 5318 293 5391 reptibile,
323 5317 458 5390 ignobile,
488 5316 641 5386 infirmum,
672 5317 805 5385 animale,
835 5317 864 5372 in
889 5336 979 5374 resnr=
1000 5337 1055 5391 per
1076 5320 1205 5374 cirustem
1233 5315 1358 5386 Spiritus
1382 5317 1413 5371 in
1436 5335 1522 5373 carne
1545 5336 1602 5396 non
1625 5329 1715 5378 555555.
1752 5321 1835 5385 Quod

149 5406 271 5461 rectione
288 5405 342 5461 erit
359 5403 574 5476 incorruptibile,
593 5403 760 5474 gloriosum,
780 5403 883 5460 virtute
899 5423 979 5477 5555-
1004 5423 1071 5475 erpo
1091 5405 1202 5460 Paulus
1220 5405 1364 5472 apostolus
1384 5405 1469 5474 55555,
1497 5407 1565 5475 quia
1584 5425 1652 5462 caro
1672 5415 1699 5461 ct
1718 5410 1835 5478 sanquis

150 5493 237 5548 ditum
256 5498 285 5548 et
304 5491 461 5563 spirituale;
489 5489 591 5563 probat
611 5490 730 5562 denique
756 5489 821 5546 fidei
840 5492 1121 5564 analogiairepnum
1147 5492 1207 5547 Dei
1224 5492 1374 5560 persidem
1400 5509 1456 5546 non
1478 5501 1614 5562 possunt,
1646 5511 1758 5550 carnea
1775 5498 1835 5552 nult
