4104 6014
715 241 766 302 DE
785 242 1028 305 uonruouull
1047 242 1371 304 manendumne
1824 250 1884 313 483

191 397 278 470 rium,
302 397 491 473 Augustinum
509 400 590 471 epist.
608 407 650 458 11.
670 408 700 457 01
718 399 766 456 lib.
783 405 823 456 16.
845 400 881 457 de
898 401 951 456 cir.
970 399 1024 455 Dei
1052 399 1175 468 scriptus
1195 409 1242 468 est,
1261 402 1397 470 absorpta
1417 408 1458 455 ert
1476 418 1552 454 mors
1575 400 1605 454 in
1625 400 1755 457 uictoria.
1791 416 1816 456 r.
1837 406 1886 456 st:

191 505 252 559 esp.
271 493 313 544 16.
350 488 571 555 Theodoretum,
592 487 793 543 oecumenium
811 493 840 542 et
858 487 1022 542 Amslmum
1051 488 1114 540 Deo
1133 495 1225 541 autem
1244 488 1372 556 pretias,
1400 488 1451 557 qai
1469 488 1550 541 ‹ledit
1568 488 1648 541 nobis
1666 487 1811 541 uictoriam
1828 503 1883 555 per

191 575 220 628 iu
238 591 335 630 comm.
357 578 379 629 1.
397 573 459 630 Cor.
481 581 520 630 15.
547 574 596 645 qui
613 591 708 629 omues
727 583 946 629 momentaneam
965 573 1025 628 fors
1052 571 1199 626 Uiriatum.
1235 572 1293 628 Col
1309 577 1339 639 3,
1357 591 1385 627 v.
1404 579 1436 627 t:
1469 572 1537 627 Cum
1557 572 1685 627 tltrirtus
1705 574 1883 641 apparuerit,
1968 630 1971 635 ,

191 661 418 716 resurrectionem
448 660 601 730 disputant.
638 659 681 714 Ds
707 660 789 715 modo
815 658 1024 715 resurrectionis
1049 659 1109 712 uita
1134 668 1241 729 nestra,
1270 668 1334 714 tunc
1362 668 1390 714 et
1411 678 1461 714 aas
1484 660 1660 729 apparebitis
1683 676 1745 713 0001
1769 660 1833 729 ipro
1853 660 1884 711 in

191 747 357 818 generaliter
384 747 547 803 observetur
578 747 648 802 illud
678 746 829 817 Augustini
855 746 903 801 lib.
922 751 963 802 20.
988 747 1024 800 ds
1050 745 1153 814 plorio.

191 835 242 891 civ.
257 833 310 890 Dei
328 850 389 905 cap.
408 839 456 889 20:
489 834 731 888 Resurredionem
753 842 929 888 mortuorum
939 834 1024 901 futu·
1085 836 1126 885 94.
1157 831 1311 885 Hominum
1327 832 1585 887 reermcitandorum
1603 839 1731 900 respectu
1749 829 1811 885 linis
1831 830 1882 885 du·
1895 818 1915 860 ²·
1935 821 1977 862 ¹³⁸·

190 940 254 976 rum
279 939 339 976 esse
365 928 488 990 oportet,
520 923 547 975 si
567 920 725 974 Otristiani
742 935 802 974 esse
820 920 963 989 uolumus,
993 928 1025 973 ut
1050 914 1114 985 plex
1133 924 1189 985 cst,
1220 923 1242 970 1.
1263 919 1416 971 communie
1441 918 1569 970 omnibus
1598 914 1813 986 resuscitandis3
1840 923 1882 972 est
1896 880 2021 967 1111111100.

190 1012 352 1071 muamus,
377 1011 429 1063 red
447 1025 503 1060 non
519 1009 585 1061 ideo
605 1007 700 1061 inanis
720 1014 760 1060 est
778 1008 850 1070 tides
866 1014 980 1075 nostro,
999 1006 1026 1059 si
1050 1001 1145 1064 oreiam
1161 1020 1254 1058 coram
1271 1002 1404 1057 tribunali
1423 1001 1526 1058 Christi
1544 1003 1580 1057 ad
1597 1002 1701 1072 judicis
1718 1003 1881 1057 sententiam

190 1097 423 1163 quemmbrsodnrn
439 1096 541 1158 sutura
560 1093 610 1158 sit,
639 1092 872 1162 comprehendere
895 1110 952 1146 non
976 1110 1023 1145 va·
1050 1088 1225 1157 audiendam,
1242 1089 1316 1143 uude
1337 1090 1502 1144 resurrectio
1520 1106 1554 1143 ee
1570 1088 1707 1160 judicium
1721 1089 1881 1144 immediato

189 1183 305 1235 beamus.
1050 1189 1122 1227 nexu
1141 1175 1260 1229 invicem
1279 1177 1494 1246 conjunguntur,
1526 1174 1610 1230 Heba
1630 1179 1653 1243 6,
1673 1193 1698 1229 v.
1719 1180 1748 1230 2:
1766 1176 1880 1229 Jacien·

1049 1268 1090 1313 tes
1105 1262 1323 1325 fundamentum
1344 1262 1560 1316 remnrectionis
1586 1270 1611 1314 et
1629 1262 1740 1329 judicii
1764 1262 1881 1330 oeterni,

1049 1344 1101 1400 hoe
1126 1352 1169 1401 est
1192 1347 1221 1400 in
1244 1364 1299 1418 quo
1324 1347 1474 1420 unicuique
1499 1354 1612 1402 aeterna
1631 1347 1738 1401 mansio
1757 1349 1881 1419 assigna·

1049 1431 1131 1488 bitur.
1174 1432 1261 1488 Hebr.
1287 1440 1317 1502 9,
1343 1452 1369 1490 v.
1394 1439 1441 1490 27:
1475 1434 1615 1488 Statutcnn
1649 1442 1691 1487 eet
1724 1435 1881 1488 bominibus

460 1539 482 1599 ο
499 1539 528 1597 Δ
544 1537 569 1598 p
588 1537 616 1597 ῃ
633 1538 658 1596 '1¹
692 1535 751 1596 VI·
1048 1521 1132 1573 semel
1152 1522 1232 1584 mori,
1249 1529 1276 1574 et
1293 1530 1358 1589 poet
1379 1528 1494 1574 mortem
1507 1521 1667 1589 judicium,
1685 1520 1737 1576 hoc
1751 1526 1794 1575 est
1805 1530 1879 1592 post·
1989 1550 1993 1557 ,

1048 1621 1131 1675 quam
1156 1621 1190 1659 ex
1214 1608 1328 1661 mortuis
1352 1606 1457 1661 suerint
1481 1607 1652 1676 resuscitati,
1683 1608 1718 1661 ed
1743 1606 1880 1679 judicium

236 1695 303 1759 DE
334 1694 460 1761 FINE
493 1689 966 1760 RESURRECTIONIS,
1048 1691 1186 1747 senetur.
1222 1694 1424 1762 Apoc.20,r.
1447 1697 1492 1749 lt:
1532 1693 1599 1747 Vidi
1621 1702 1881 1763 mortuoemapnor

1048 1786 1074 1830 et
1093 1779 1216 1847 pusillae
1234 1787 1339 1832 stantes
1358 1796 1455 1833 coram
1474 1780 1552 1843 Deo,
1570 1788 1595 1833 et
1613 1781 1706 1850 aperti
1722 1787 1786 1834 sunt
1803 1781 1880 1846 libri,

70 1878 124 1919 000
224 1870 266 1921 9³.
301 1866 385 1919 Finis
402 1864 611 1919 resurrectionis
628 1871 672 1918 est
688 1863 800 1933 duplex,
818 1866 947 1932 respectu
965 1860 1024 1913 Dei
1047 1872 1073 1916 et
1090 1864 1167 1917 otim
1184 1865 1256 1919 liber
1274 1874 1389 1935 apertius
1406 1874 1461 1934 est,
1481 1867 1532 1935 qui
1549 1872 1587 1920 eat
1603 1866 1693 1933 odae,
1713 1875 1739 1920 et
1751 1868 1881 1936 judicati

70 1940 177 2023 ζζξζζι,
190 1953 384 2007 resuscitantis
402 1960 429 2007 et
445 1952 586 2006 lominum
603 1951 868 2006 resuscitandorum.
906 1947 959 2002 Dei
980 1963 1022 2001 re·
1046 1959 1112 2004 ment
1138 1953 1243 2004 mortui
1267 1969 1300 2005 ec
1328 1952 1385 2020 br'e,
1412 1968 1485 2019 arcae
1512 1952 1621 2020 templo
1647 1959 1729 2005 mont
1748 1954 1778 2006 in
1797 1954 1879 2007 libris

72 2044 141 2133 ὑεῖ-1
190 2038 350 2094 suscitantis
374 2045 502 2108 respectu
526 2037 589 2093 finis
611 2037 800 2107 principalis,
828 2037 968 2090 maritatus
987 2052 1022 2086 ac
1046 2040 1198 2091 secundam
1214 2054 1303 2107 opera
1320 2041 1453 2107 ipsorum.
1475 2037 1557 2092 Unde
1566 2038 1694 2108 superins
1704 2038 1776 2094 inter
1784 2045 1879 2095 cetere

70 2138 110 2178 10.
190 2142 311 2180 summus
330 2130 373 2180 est
392 2124 446 2181 Dei
462 2124 560 2197 gloria.
598 2124 637 2181 Ut
663 2124 736 2180 enim
763 2125 860 2177 amnia
883 2129 1020 2191 operatur
1046 2124 1253 2179 resurrectionis
1269 2124 1452 2179 fundamenta
1468 2125 1613 2179 retulimus
1627 2125 1712 2180 etiam
1727 2126 1879 2195 110110011-

191 2214 269 2267 Deus
292 2219 412 2282 propter
440 2227 470 2265 se
496 2213 588 2280 ipsum
613 2218 642 2266 et
664 2215 780 2281 propter
802 2207 921 2281 gloriam
941 2223 1019 2262 suam
1046 2210 1880 2280 11010,οω00001011,οε001000010100100000010600011

189 2298 269 2355 Pror.
288 2304 334 2368 16,
354 2317 380 2353 v.
399 2306 424 2356 1.
452 2298 493 2353 ita
516 2314 627 2369 quoque
649 2296 865 2353 resuscitationis
894 2312 963 2366 opus
983 2295 1019 2348 ad
1047 2296 1877 2370 610101010000010100000οί0000,0110010000000010011

187 2385 260 2440 liune
284 2384 368 2439 finem
392 2383 583 2457 principaliter
600 2391 643 2453 01,
667 2388 699 2437 01
717 2381 882 2437 Scholastiei
901 2381 1018 2451 loquun-
1045 2391 1228 2452 conponentes·
1253 2387 1294 2437 ad
1317 2385 1363 2448 id,
1389 2386 1466 2454 quod
1484 2386 1587 2447 fecerit
1605 2386 1663 2439 eive
1681 2387 1795 2451 bonurn,
1818 2389 1877 2443 0100

185 2480 245 2539 tur,
274 2472 402 2526 ultimate
434 2476 550 2542 spectat
600 2469 679 2527 Sicut
709 2467 788 2523 Deus
819 2467 847 2521 in
880 2466 1018 2538 principio
1044 2470 1150 2525 00100
1169 2478 1193 2525 t.
1211 2470 1273 2526 Cor.
1292 2476 1316 2536 5,
1335 2488 1362 2525 r.
1382 2476 1422 2527 16.
1458 2474 1485 2526 2.
1506 2472 1647 2540 Propriae
1665 2472 1728 2526 finis
1741 2473 1814 2529 alius
1830 2483 1873 2529 est

186 2558 278 2614 omnia
298 2557 424 2613 condidit
440 2556 478 2611 ad
493 2556 612 2612 nominis
629 2556 672 2610 sui
690 2555 823 2626 gloriam,
855 2558 887 2608 ut
911 2554 1018 2609 scilicet
1044 2565 1171 2625 respectu
1187 2572 1251 2610 nere
1269 2559 1441 2611 credentium
1453 2567 1481 2610 et
1494 2557 1610 2626 piorum,
1620 2558 1750 2615 videlieet
1760 2567 1874 2617 aeterna

187 2644 274 2715 ipsius
290 2643 417 2709 bonitas,
440 2643 577 2714 sapientie
594 2658 628 2698 ec
645 2641 772 2713 potentia
790 2658 823 2697 er
841 2657 924 2713 opere
941 2657 1016 2695 erea—
1043 2642 1133 2712 glorie
1160 2642 1275 2713 praemii
1304 2643 1364 2698 loco
1394 2661 1425 2698 er
1454 2644 1576 2713 gratuita
1606 2644 1659 2699 Dei
1688 2645 1876 2704 misericordia

186 2731 285 2797 tionis,
309 2739 420 2794 κτίσεως
436 2736 483 2786 sal
501 2727 628 2793 πλάσεως
647 2745 665 2784 a
684 2728 816 2785 00001οτ10
836 2727 1017 2783 rationalibus
1043 2729 1110 2799 ipsis
1130 2729 1246 2798 collats;
1265 2731 1336 2784 alius
1355 2738 1485 2798 respecta
1502 2731 1715 2787 incredrdornm
1732 2742 1760 2790 st
1777 2736 1875 2806 impio·

187 2824 395 2889 :grandnm
421 2817 461 2873 eie
484 2833 602 2887 eorpora
624 2816 767 2873 hominum
794 2817 823 2869 in
847 2815 965 2870 cinerem
989 2822 1018 2868 et
1043 2834 1120 2883 rum,
1150 2816 1280 2871 videlicet
1301 2824 1415 2871 esterna
1436 2817 1589 2887 ignominie
1608 2819 1738 2889 supplicii
1763 2824 1823 2878 loco
1841 2841 1874 2879 ex

186 2905 327 2974 rrulrerem
350 2904 512 2959 redacta-iu
531 2902 577 2959 die
594 2902 743 2958 novissimo
762 2903 862 2957 iterum
880 2901 971 2972 eriget
989 2909 1018 2957 et
1043 2903 1135 2974 rigore
1155 2903 1283 2975 justitiae
1302 2903 1413 2957 divinae
1432 2903 1616 2973 10010111οῑ0,-
1638 2906 1711 2962 Dan.
1736 2914 1781 2977 12,
1800 2928 1825 2967 v,
1845 2916 1875 2966 2:

186 2993 214 3047 iu
231 2991 317 3046 ritum
333 2989 484 3059 revocabit,
504 2995 536 3045 ut
553 2990 679 3045 similiter
697 2989 727 3043 in
748 2987 800 3043 1100
818 3005 903 3059 opere
922 2988 1018 3042 divina
1044 2990 1136 3044 Multi
1153 2992 1189 3042 de
1210 2990 1331 3058 bis,‹1ui
1348 2992 1492 3043 dormiunt
1509 2991 1539 3043 in
1559 2998 1653 3044 tarrae
1667 2988 1799 3063 puluere,
1819 2998 1875 3049 evi·

185 3079 246 3149 ojus
264 3076 373 3134 bonitas
393 3093 426 3131 ec
449 3076 582 3146 maiestas
599 3081 767 3147 agnoscetur
786 3091 821 3130 ac
840 3073 1016 3145 depraedice·
1043 3077 1185 3146 9ilabunt,
1210 3076 1265 3129 alii
1290 3077 1320 3129 in
1338 3077 1426 3130 eitam
1443 3084 1587 3130 aeterrmrn
1608 3079 1707 3131 etalii
1725 3080 1755 3133 in
1772 3098 1875 3150 oppro-

186 3174 246 3234 tur,
279 3164 411 3219 videlieet
442 3168 475 3216 ut
505 3163 534 3216 in
566 3160 768 3233 glorificatione
794 3161 905 3232 piorum
928 3161 1016 3230 ipsius
1044 3163 1135 3216 brium
1162 3169 1323 3230 00100000,
1356 3179 1382 3217 v.
1409 3168 1432 3215 3.
1458 3163 1508 3231 qai
1537 3171 1631 3216 autem
1658 3165 1736 3217 docti
1756 3168 1874 3232 fuerint,

186 3252 391 3322 misericordia,
408 3250 437 3303 in
450 3249 627 3303 damnatione
639 3247 786 3318 impiorum
799 3247 886 3318 ipsius
894 3248 1017 3315 iustitia,
1042 3249 1189 3317 frdpebunt
1205 3249 1277 3302 sicut
1294 3248 1402 3303 0101100.
1444 3247 1507 3303 ton.
1528 3256 1553 3316 5,
1571 3266 1598 3305 v.
1618 3254 1665 3305 te:
1696 3251 1778 3306 Venit
1795 3253 1875 3325 bora,

186 3339 215 3392 in
244 3344 362 3409 uuoqm
391 3352 458 3392 vero
487 3350 570 3406 opere
596 3335 683 3405 ipsius
708 3336 815 3388 ueritas
840 3340 866 3387 et
889 3335 1016 3403 potentia
1044 3338 1074 3389 in
1099 3352 1155 3406 qua
1179 3352 1288 3401 omnes,
1317 3336 1367 3405 qui
1390 3335 1421 3388 in
1445 3337 1630 3390 monumentis
1647 3345 1728 3401 sunt,
1760 3341 1877 3395 audiam

186 3425 383 3498 conspiciatur.
420 3422 484 3477 Eua
512 3425 560 3490 16,
586 3439 611 3477 r.
639 3427 682 3477 le:
718 3421 813 3476 Vivent
840 3421 945 3474 mortui
966 3422 1017 3485 tui,
1044 3438 1136 3476 nocem
1155 3421 1230 3477 Filii
1247 3421 1382 3488 bominis,
1402 3439 1427 3476 v.
1450 3426 1491 3477 29.
1509 3428 1536 3475 et
1551 3423 1715 3493 prodibunt,
1734 3426 1784 3494 ani
1803 3428 1876 3481 bona

186 3509 410 3582 expergiscimini
425 3517 453 3563 et
463 3509 601 3578 jubilate,
629 3507 679 3577 qui
694 3507 829 3575 habitatis
847 3507 876 3560 in
889 3507 1017 3576 pulnere,
1043 3509 1189 3577 fecerunt,
1221 3508 1252 3560 in
1269 3507 1503 3561 resurrectionem
1520 3509 1607 3572 01100,
1639 3511 1689 3579 qai
1710 3528 1775 3565 vera
1797 3514 1876 3569 10010

187 3601 238 3654 lroo
268 3605 311 3653 est
340 3596 507 3651 dormientes
531 3594 558 3649 in
581 3594 697 3665 pulvere
721 3599 812 3649 terrae
830 3610 897 3649 vocs
916 3593 1019 3649 Christi
1046 3602 1175 3664 eadunt,
1205 3595 1236 3647 in
1263 3594 1495 3648 resurrectionem
1517 3595 1629 3663 judicii
1635 3637 1643 3666 ,
1676 3596 1751 3653 illius
1770 3600 1877 3657 seilicet

187 3685 375 3757 expergefacti
393 3682 455 3738 Deo
468 3680 639 3753 jubilabunt
677 3680 724 3736 Ad
743 3680 817 3736 hunc
834 3681 916 3736 linem
933 3681 1017 3737 etiem
1042 3682 1156 3753 judieii,
1188 3681 1223 3737 de
1252 3697 1308 3749 quo
1335 3680 1428 3735 Judae
1452 3698 1478 3735 v.
1502 3687 1545 3736 lb:
1586 3682 1664 3737 Venit
1689 3687 1830 3742 Dominus
1846 3689 1876 3743 in

187 3772 316 3843 pertinet,
335 3771 409 3842 quod
424 3767 602 3841 peculiariter
616 3768 725 3823 Christi
734 3767 909 3823 Mediatom's
922 3769 1018 3838 aleria
1045 3769 1151 3823 sanctis
1169 3767 1293 3821 millibus
1311 3768 1371 3821 0010
1386 3769 1485 3832 facero
1503 3769 1647 3837 judicium
1665 3780 1765 3826 contra
1783 3792 1877 3828 omnes

188 3860 215 3914 iu
246 3856 455 3913 resurrectionis
483 3870 566 3925 opere
597 3853 635 3908 sit
657 3853 862 3924 conspicienda.
903 3853 938 3909 In
967 3854 1019 3910 hac
1046 3864 1073 3910 et
1094 3870 1214 3923 arpuers
1239 3871 1333 3907 omnes
1357 3854 1459 3923 impios
1479 3856 1515 3907 de
1534 3857 1659 3910 omnibus
1680 3860 1810 3927 operibus
1827 3861 1876 3915 im·

189 3945 245 4000 vita
263 3961 336 4000 mors
355 3942 410 4013 piis
429 3941 530 3998 Christi
551 3939 682 3995 membris
701 3939 914 3995 adhucvidetur
933 3943 1019 3997 domi·
1042 3942 1160 4012 pietatis
1177 3956 1285 4008 earrern,
1313 3941 1414 4010 quibem
1432 3941 1518 4010 impie
1534 3952 1664 4012 eperunt,
1690 3948 1768 3999 etde
1789 3948 1876 4001 amni·

187 4033 260 4098 uari,
289 4048 352 4087 cum
382 4029 436 4100 ipsi
463 4045 519 4082 non
545 4027 636 4082 minus
658 4042 742 4097 quam
766 4027 843 4098 impii
868 4045 887 4083 a
903 4046 1019 4100 corpore
1047 4031 1096 4083 bae
1114 4028 1208 4091 duris,
1242 4043 1313 4095 quae
1335 4027 1425 4079 locuti
1440 4035 1505 4080 sunt
1523 4037 1621 4082 contra
1639 4046 1701 4083 eum
1713 4040 1877 4100 peccatores

189 4119 291 4175 Christi
310 4117 429 4188 mystico
441 4115 555 4187 penitus
572 4113 677 4170 exclusi
696 4114 777 4169 morti
794 4115 886 4170 adhuc
903 4116 1017 4174 sintob·
1046 4116 1134 4185 impii.
1172 4118 1197 4169 2.
1215 4111 1310 4166 Thess.
1334 4118 1362 4180 1,
1387 4129 1413 4169 v.
1433 4118 1462 4168 6:
1493 4114 1605 4168 Justam
1626 4124 1666 4170 eet
1686 4120 1767 4185 apud
1783 4121 1877 4172 Deum

186 4206 269 4275 noxii,
287 4205 335 4260 ssd
354 4204 384 4259 in
395 4202 595 4259 resurrectione
613 4205 782 4256 mortuorum
795 4201 917 4273 victoris,
934 4222 1018 4272 quam
1045 4202 1200 4257 retribuere
1216 4199 1424 4253 tribulationem
1442 4199 1487 4267 iis,
1505 4201 1555 4268 qui
1573 4219 1623 4255 vor
1642 4203 1788 4268 tribulant,
1806 4224 1832 4261 r.
1853 4214 1876 4261 t.

186 4294 311 4350 curura·
332 4309 366 4347 sx
383 4296 472 4345 morte
490 4287 648 4359 reportavit,
664 4287 826 4357 plenissime
839 4291 1018 4360 elperiectis·
1045 4298 1071 4343 et
1087 4288 1181 4356 00610,
1206 4288 1256 4355 qui
1275 4286 1484 4340 tribrdotionem
1501 4288 1658 4353 sustinetis,
1687 4292 1810 4359 requiem
1827 4309 1876 4346 no-

187 4381 254 4435 eime
272 4377 464 4450 conspicietur.
496 4376 597 4432 Psalm.
617 4381 658 4438 96,
676 4392 701 4430 v.
724 4380 769 4430 lo:
791 4376 913 4431 Ostende
930 4381 1018 4433 aereis
1046 4379 1150 4431 biscum
1177 4376 1207 4428 irs
1233 4373 1403 4426 revelatione
1427 4373 1545 4428 Domini
1567 4375 1638 4428 Jesu
1663 4378 1795 4432 0100οο10
1813 4396 1875 4433 cum

70 4477 125 4518 tur.
139 4477 172 4517 55.
187 4468 241 4521 tuis
260 4483 332 4538 opus
349 4472 427 4519 tuam
444 4471 470 4518 et
487 4463 609 4531 gloriam
629 4469 706 4515 tuam
724 4461 795 4529 liliis
810 4479 914 4520 eorum.
950 4463 1017 4521 Psc-
1045 4463 1155 4533 onpelis
1172 4461 1285 4515 uirtutis
1304 4460 1375 4528 ejus.
1411 4459 1489 4514 Finis
1511 4476 1579 4531 ergo
1598 4463 1805 4519 resurrectionis
1824 4474 1876 4530 est,

187 4559 279 4608 catum
296 4556 325 4607 et
343 4567 415 4605 mora
433 4555 499 4604 sunt
517 4564 603 4619 opera
613 4546 728 4617 diaboli,
747 4547 816 4603 haec
829 4550 1017 4622 ergoMoyess
1046 4557 1077 4606 ut
1095 4549 1251 4604 hominibus
1270 4547 1399 4601 omnibus
1416 4546 1452 4601 ad
1469 4547 1606 4617 judicium
1620 4547 1723 4604 Christi
1740 4567 1803 4605 cum
1817 4568 1876 4607 eor·

186 4640 257 4711 petit
284 4638 313 4692 iu
346 4635 426 4691 nobis
452 4634 507 4690 Dei
531 4633 617 4689 serris
642 4633 748 4689 destrui
773 4652 823 4705 per
845 4636 1018 4706 spiritualem
1045 4635 1158 4707 poribus
1187 4641 1215 4689 et
1240 4631 1386 4688 animabus
1413 4633 1470 4688 suis
1494 4634 1624 4689 adductis
1649 4654 1699 4707 pro
1716 4638 1877 4694 diversitate

186 4725 423 4799 regenerationem
443 4722 472 4778 in
491 4722 545 4777 hac
559 4721 616 4779 vita
633 4727 662 4777 et
679 4738 729 4794 per
747 4721 858 4779 finalem
876 4723 1017 4779 liberatio·
1045 4739 1156 4787 eorum,
1180 4736 1252 4792 quac
1267 4720 1295 4774 in
1312 4719 1364 4774 hae
1383 4719 1442 4775 vite
1459 4727 1591 4791 egerunt,
1609 4723 1733 4792 praemia
1751 4724 1796 4779 vel
1812 4742 1877 4796 sup·

187 4831 249 4869 narn
285 4812 315 4866 in
349 4819 519 4866 mortuorum
552 4808 752 4864 murrectione
786 4825 804 4863 a
834 4808 938 4865 Messio
973 4829 1018 4866 ox·
1045 4809 1130 4880 plicia
1147 4808 1352 4878 adjudicentur,
1371 4822 1405 4861 ac
1423 4807 1538 4876 proinde
1558 4814 1591 4862 ut
1609 4809 1657 4877 pii,
1677 4812 1725 4880 qui
1744 4811 1877 4866 verafide

187 4898 349 4971 spectanda.
377 4895 443 4951 Esa.
461 4901 504 4958 66,
521 4913 547 4949 v.
569 4900 615 4954 ll:
634 4894 706 4949 Ossa
722 4902 816 4949 oestro
833 4898 917 4966 quasi
933 4898 1019 4952 ltarba
1045 4894 1154 4951 Christo
1183 4894 1211 4947 in
1241 4893 1293 4948 bae
1318 4893 1376 4947 vita
1402 4892 1481 4948 fuere
1507 4895 1601 4949 inserti
1626 4904 1655 4951 et
1676 4913 1709 4951 ex
1732 4896 1787 4952 fide
1804 4897 1878 4954 bone

187 4986 379 5058 permisabsnt
397 4983 438 5052 (in
454 4981 501 5036 dic
512 4982 618 5035 scilicet
631 4981 860 5050 resurrectionis),
879 4990 905 5037 et
917 5002 1018 5053 capno·
1045 4988 1171 5054 egerunt,
1188 4981 1217 5036 in
1235 4998 1349 5052 corpore
1368 4981 1505 5037 stenima
1521 4990 1657 5053 perpetua
1668 4983 1878 5040 felicitatecum

187 5082 281 5129 rcetsr
299 5087 399 5126 manus
418 5069 539 5122 Domini
564 5066 628 5136 (lroc
645 5073 689 5121 est
707 5067 829 5139 gloriosa
846 5069 907 5139 ejus
923 5078 1018 5141 poten·
1045 5067 1156 5124 Christo
1185 5067 1278 5139 eapite
1307 5085 1357 5122 suo
1390 5068 1419 5121 in
1445 5067 1556 5123 coelesti
1587 5067 1677 5138 gloria
1700 5070 1879 5139 perfruentur

187 5162 228 5215 tia
245 5165 275 5215 et
291 5157 433 5230 majestas)
452 5156 484 5210 in
506 5155 594 5210 aereis
616 5155 686 5224 ejus.
729 5160 751 5210 1.
766 5153 833 5210 ¹(lor.
854 5162 899 5222 15,
924 5172 949 5213 r.
969 5162 1017 5213 252
1030 5148 1124 5225 {juxta
1143 5155 1280 5225 gratuitas
1298 5152 1400 5208 Christi
1419 5153 1621 5223 promissiones,
1642 5154 1707 5210 lob.
1729 5160 1769 5225 12,
1786 5174 1811 5212 v.
1829 5160 1878 5210 26:

190 5249 305 5316 Oportet
322 5262 384 5301 aum
400 5258 534 5313 regnora,
562 5243 652 5296 eloneo
672 5249 758 5310 ponet
779 5258 873 5295 omnes
891 5230 1033 5307 inimicos}
1050 5243 1103 5295 Uti
1119 5257 1169 5310 epo
1186 5259 1256 5308 suns,
1289 5239 1351 5292 illic
1371 5248 1396 5292 et
1415 5240 1541 5293 minister
1560 5256 1636 5293 rneue
1656 5243 1717 5296 erit.
1752 5240 1815 5298 Joh.
1837 5248 1879 5313 ll,

187 5334 238 5387 sub
251 5332 373 5403 pedibus
391 5332 462 5401 ejrss,
481 5328 701 5386 attullimus
718 5335 811 5381 autam
827 5328 957 5382 inimicus
970 5320 1070 5407 ‹le-:u
1090 5333 1120 5383 3:
1143 5328 1196 5381 Ubi
1212 5344 1263 5396 epo
1280 5345 1350 5395 sunt,
1367 5326 1408 5378 ibi
1424 5334 1449 5379 et
1468 5344 1517 5379 cos
1536 5327 1626 5381 eritis.
1663 5327 1727 5384 Joh.
1741 5335 1779 5396 17,
1793 5334 1877 5386 uti:

188 5426 311 5474 stmsetur
330 5436 414 5473 mora.
451 5434 477 5473 v.
496 5423 545 5472 54:
572 5416 640 5470 Cum
660 5423 753 5468 autem
770 5415 953 5483 corruptibile
967 5416 1033 5497 boc,
1050 5416 1120 5470 Volo
1149 5422 1180 5467 at
1206 5414 1255 5466 ubi
1280 5430 1331 5480 epo
1354 5430 1429 5479 eum,
1456 5412 1607 5465 illidium
1628 5429 1734 5467 mecam
1750 5415 1819 5484 0101,
1846 5423 1945 5469 utxlx.
1958 5427 1992 5471 01.

186 5505 314 5561 induerit
341 5503 651 5576 incorruptibilitatem,
677 5509 744 5555 1000
770 5503 818 5566 fiet
835 5517 942 5572 sermo,
968 5503 1161 5571 quiloideant
1178 5500 1301 5568 gloriam
1318 5517 1417 5554 meam.
1450 5503 1473 5553 1.
1494 5496 1590 5553 Thess.
1609 5504 1634 5565 1,
1652 5517 1677 5553 v.
1696 5504 1741 5556 lt:
1764 5504 1881 5575 temper

1489 5585 1545 5641 31*

504 1354 711 1362 —--—.
