4104 6014
237 306 295 362 164
809 296 933 354 Locus
949 292 1155 352 VICESIMUS
1173 294 1321 355 SEXTUS

92 449 161 493 ¹V11·
177 451 222 494 Μ
236 457 260 507 2.
279 451 394 508 Sanetos
414 451 476 506 illos
495 467 626 506 vocamus
646 458 767 507 mortuos
792 468 848 505 non
875 467 958 504 sensu
976 448 1070 503 Photi-
1097 453 1171 516 tare,
1200 450 1247 521 qui
1272 451 1345 505 bona
1361 458 1469 507 tantum
1494 460 1522 507 et
1539 454 1612 508 mala
1628 453 1712 524 hujus
1730 453 1804 507 vitae
1824 457 1931 522 specta-

235 538 332 603 risne,
351 537 424 607 quod
445 554 499 591 uon
518 538 638 608 amplius
655 537 711 591 sint
730 544 759 592 et
775 537 885 601 vivant,
910 536 960 592 scd
978 533 1070 591 ortho-
1097 541 1159 590 rent
1186 536 1220 591 de
1250 536 1344 591 futura
1368 538 1436 592 nihil
1464 539 1635 610 cogitantes,
1662 555 1732 610 quos
1760 538 1849 594 Jobus
1879 537 1933 593 hoc

237 623 316 690 doro,
343 622 473 678 videlieet
491 629 550 677 tum
576 624 760 695 irnaprnxnic,
786 629 819 677 ut
846 622 1037 676 discernantur
1054 637 1072 674 a
1097 621 1207 676 nomine
1227 629 1335 693 arguat,
1357 623 1498 693 quodhoe
1518 631 1602 695 paeto
1615 623 1698 679 homo
1713 625 1749 678 sit
1763 624 1932 678 miserrimus

235 709 337 764 sanetis
355 707 384 762 in
402 708 445 762 his
464 708 545 762 terris
564 708 657 762 adhue
676 704 842 772 viventibus,
860 713 919 761 tum
934 710 1070 776 σχετικώς,
1097 706 1234 772 omnium,
1262 713 1358 777 utpote
1374 707 1419 762 oui
1438 714 1466 764 ct
1484 709 1543 763 vita
1561 709 1597 764 sit
1614 710 1775 764 calamitosa
1794 716 1823 764 et
1839 709 1933 764 interi-

235 802 364 865 respeetu
381 795 455 849 vitae
474 794 612 858 animalis,
631 811 714 864 aqua
733 795 768 848 ad
789 793 937 848 coelestem
953 792 1071 861 etspiri·
1098 798 1142 845 tus
1163 799 1291 848 aeternus
1310 811 1343 848 ao
1361 794 1559 865 irreparabilis.
1591 803 1617 852 7.
1631 795 1841 866 simplicissime
1854 804 1882 850 et
1896 796 1932 850 ad

236 879 340 935 tualem
361 888 426 934 sunt
442 881 580 936 translati.
1098 885 1203 933 textum
1232 880 1515 936 accommodatissime
1540 883 1737 952 respondetur,
1764 882 1869 938 Jobum
1886 881 1934 936 hio

107 956 175 1006 ΜΨ
275 968 332 1025 156.
373 965 478 1022 Contra
503 967 614 1023 animae
643 967 876 1021 immortalitatem
908 982 958 1035 pro
982 975 1072 1034 ψυχο·
1098 981 1182 1035 agere
1208 965 1243 1020 de
1272 967 1445 1022 revocatione
1475 984 1508 1022 ac
1536 967 1628 1022 reditu
1655 968 1774 1022 hominis
1803 971 1833 1022 in
1853 970 1934 1023 ‘iano

109 1014 186 1048 1110048

108 1065 188 1101 eontra
239 1059 369 1124 φθαρσίᾳ
378 1053 548 1108 adstruenda
558 1051 744 1123 proferuntur,
757 1059 778 1108 1.
793 1050 931 1122 quaedam
949 1051 1072 1119 Scripta·
1098 1052 1197 1115 uitam,
1223 1058 1255 1106 ut
1279 1053 1403 1108 ostendit
1419 1059 1478 1108 turn
1496 1056 1623 1124 protasis
1639 1054 1849 1123 similitudinis,
1868 1055 1936 1125 quia

108 1113 202 1203 imi
238 1155 289 1192 rae
321 1141 413 1206 diota,
442 1143 468 1192 2.
491 1140 625 1197 rationes.
673 1138 759 1193 Dicta
782 1136 941 1206 Scripturas
965 1136 1073 1206 potiora
1099 1137 1183 1192 arbor
1200 1139 1328 1208 praecisa
1347 1139 1439 1194 adhue
1459 1140 1580 1210 pullulat
1596 1157 1631 1195 ac
1648 1140 1790 1195 revirescit
1807 1140 1844 1195 ad
1862 1142 1935 1194 harre

108 1215 225 1307 {lxm
239 1223 308 1280 haee
328 1231 407 1279 suut:
429 1231 450 1281 1.
469 1224 534 1280 Job.
556 1230 593 1288 14,
610 1241 636 1276 v.
658 1231 688 1279 l:
709 1224 829 1291 Liparum
842 1223 929 1276 tolet
945 1238 1030 1292 sporn,
1048 1222 1075 1274 ri
1099 1223 1193 1291 vitam,
1216 1223 1265 1278 sed
1290 1224 1372 1278 homo
1397 1225 1482 1280 semel
1499 1232 1624 1279 mortuus
1642 1242 1697 1280 non
1713 1225 1766 1279 nisi
1786 1225 1935 1281 eruaordi-

109 1317 209 1367 senpru-
235 1312 397 1380 praecium
417 1312 521 1375 fierit,
547 1328 660 1364 surram
689 1310 800 1362 virescit
823 1316 849 1362 et
878 1308 989 1362 sarceli
1012 1307 1074 1376 rjus
1100 1309 1178 1363 nario
1203 1314 1232 1363 et
1252 1311 1386 1379 peculiari
1411 1311 1506 1365 divino
1536 1309 1669 1366 uriraoulo
1696 1311 1727 1364 in
1753 1311 1826 1366 hane
1848 1310 1936 1366 vitam

108 1370 404 1468 {f'jobpnpsllulanm
429 1401 513 1453 v.10.
538 1395 618 1450 bomo
638 1394 705 1449 atero
723 1411 784 1449 cum
802 1402 925 1448 meruisse
943 1394 1031 1457 fuerr't
1049 1400 1074 1445 st
1099 1400 1258 1464 revocatum
1286 1402 1345 1450 tum
1369 1397 1484 1451 adlatis
1510 1395 1613 1450 simila
1638 1397 1696 1450 loci
1715 1413 1778 1467 cap.
1799 1403 1828 1462 7,
1854 1415 1880 1450 v.
1904 1403 1935 1452 '12

109 1483 130 1511 '·
145 1470 182 1512 ¹⁰²
239 1482 403 1547 infirmitate
423 1490 582 1551 consputus,
607 1481 656 1535 ubi
678 1496 781 1549 amero
800 1482 861 1533 est!
886 1497 912 1534 v.
935 1485 973 1534 11.
1002 1479 1074 1542 Quo
1100 1482 1250 1548 Memento,
1267 1484 1343 1550 quod
1361 1482 1433 1535 acro
1448 1489 1544 1536 realia
1565 1483 1624 1536 vito
1643 1499 1717 1551 mea,
1742 1490 1768 1536 ct
1785 1484 1863 1552 qaod
1879 1500 1936 1536 aon

108 1524 226 1614 {mor-
239 1569 322 1622 modo
345 1569 373 1621 si
387 1570 520 1622 recedant
542 1583 634 1636 apros
657 1567 693 1620 de
713 1566 790 1619 mori
813 1573 839 1618 et
851 1565 959 1634 slaviae
975 1581 1074 1618 occae-
1098 1574 1250 1620 revertetur
1269 1567 1366 1621 οοιιΙιιι
1392 1585 1481 1636 meus,
1512 1576 1542 1621 at
1559 1569 1655 1622 sideru
1673 1569 1788 1637 bonum,
1814 1569 1870 1624 hoe
1895 1576 1938 1625 est

110 1628 226 1725 iim*
237 1655 334 1717 factas
351 1661 479 1721 arescat,-
498 1669 524 1708 v.
552 1657 591 1709 12.
610 1653 650 1705 sio
668 1653 749 1705 homo
767 1667 829 1703 oum
846 1649 1000 1716 dormierit,
1016 1667 1074 1703 aaa
1100 1649 1174 1721 quod
1193 1667 1248 1705 nou
1269 1651 1321 1705 sim
1347 1651 1485 1707 rediturus
1512 1652 1540 1706 in
1557 1652 1630 1707 hanc
1646 1654 1745 1718 vitam,
1771 1663 1802 1710 ut
1826 1671 1937 1710 rursum

110 1729 160 1770 ⁰¹²³
237 1747 372 1808 remeet.
422 1757 448 1794 v.
476 1743 515 1794 14.
547 1737 673 1791 Poturae
704 1744 829 1790 manaan
855 1737 936 1789 homo
961 1752 1074 1789 rursiam
1098 1734 1232 1790 felicitate
1251 1744 1300 1791 aut
1320 1738 1393 1792 bono
1412 1737 1469 1792 ullo
1489 1738 1517 1792 iu
1535 1755 1569 1793 ea
1588 1739 1724 1809 perfruar.
1741 1759 1766 1797 v.
1782 1747 1811 1797 9:
1834 1743 1870 1795 Ut
1888 1744 1936 1794 ‹le-

237 1827 333 1879 oivett
367 1823 592 1895 Respondemus:
615 1828 636 1878 1.
650 1823 680 1879 Si
696 1821 766 1876 haec
784 1820 876 1875 omnia
895 1820 1021 1876 absolute
1039 1837 1073 1874 ac
1098 1822 1289 1882 ricitnadeset
1301 1822 1370 1891 obit,
1388 1823 1429 1877 sio
1449 1825 1621 1879 descendeus
1639 1829 1681 1879 od
1699 1828 1860 1895 sepulcrum
1880 1845 1945 1886 noa>

239 1910 401 1981 simpliciter
421 1909 609 1979 accipiantur,
624 1925 680 1962 non
696 1907 786 1963 solum
806 1907 914 1961 animae
934 1906 1073 1960 immorta-
1100 1909 1259 1964 adscendet.
1284 1926 1310 1964 v.
1332 1915 1363 1964 10
1407 1910 1473 1963 Noa
1498 1918 1650 1964 emes-tetur
1666 1913 1745 1965 ultro
1763 1914 1805 1965 ad
1823 1914 1936 1966 domum

239 1997 317 2065 litas,
345 1995 501 2050 sedetiam
527 2000 697 2048 mortuorum
724 1993 889 2048 resurrectio
915 1993 1071 2063 negabitur.
1099 2010 1179 2046 suom
1196 2010 1246 2047 neo
1264 2003 1396 2064 opaoroct
1415 2012 1475 2049 eaor
1490 1997 1569 2049 altra
1589 1997 1681 2062 mour,
1707 1997 1737 2050 in
1755 2015 1811 2067 quo
1830 1997 1937 2054 seilicet
1951 1995 2016 2036 ΗΠ·

239 2090 263 2139 1.
283 2083 346 2138 lam
371 2097 437 2137 vero
455 2085 565 2135 constat
587 2097 620 2135 ex
645 2096 706 2149 cap.
728 2085 767 2144 ta,
791 2097 815 2134 v.
841 2085 882 2136 25.
914 2078 1018 2134 Jobum
1037 2079 1073 2133 de
1099 2084 1183 2133 autea
1200 2079 1305 2148 fuerat,
1334 2080 1400 2134 dum
1418 2082 1536 2149 viveret,
1567 2089 1625 2135 tum
1654 2098 1784 2152 expressa
1802 2084 1935 2137 ammio

238 2168 438 2223 resurrectione
455 2172 623 2221 mortuorum
637 2163 778 2236 egregiam
796 2164 997 2220 confessionem
1016 2165 1072 2220 edi-
1098 2163 1196 2218 addita
1214 2183 1240 2218 v.
1263 2170 1307 2220 rt:
1335 2167 1446 2219 &sotis
1470 2166 1583 2238 diebu,
1610 2168 1709 2235 quitis
1732 2187 1805 2223 nunc
1836 2171 1935 2239 initio,

238 2253 318 2308 disse.
350 2258 374 2309 3.
393 2252 512 2316 Quidam
531 2267 599 2322 ergo
616 2250 792 2321 respondent,
812 2250 916 2305 Jobum
935 2251 1073 2321 magnitu-
1099 2258 1234 2320 macto,
1246 2252 1335 2305 donec
1348 2252 1442 2304 veniat
1455 2252 1612 2306 immutatio
1624 2270 1693 2308 mea.
1706 2273 1733 2310 v.
1750 2261 1791 2310 15:
1816 2256 1936 2310 Vocabis

238 2339 304 2393 diue
323 2338 425 2393 doloris
445 2352 607 2408 oppressum
623 2337 660 2392 ad
675 2352 806 2406 praesens
820 2336 956 2390 duntaxat
969 2337 1072 2390 malum
1099 2351 1142 2387 me
1159 2334 1198 2402 (in
1218 2335 1263 2391 die
1282 2336 1389 2391 scilieet
1406 2338 1563 2402 novissimo,
1581 2340 1693 2408 quaudo
1708 2341 1808 2395 mortui
1820 2341 1937 2397 audient

238 2430 390 2480 statatum
409 2423 558 2493 respicere,
579 2439 634 2476 non
658 2421 783 2492 cogitare
807 2438 881 2477 nunc
902 2425 1072 2476 mortuorum
1099 2436 1194 2477 vocem
1213 2421 1263 2476 filii
1282 2422 1401 2479 hominis
1420 2423 1484 2480 Joh.
1502 2430 1525 2489 5,
1542 2442 1568 2479 v.
1589 2428 1639 2491 29.)
1660 2433 1686 2478 et
1697 2444 1748 2495 eqo
1759 2429 1935 2494 respondedo

237 2510 479 2573 resurrectionem,
504 2523 597 2579 neque
621 2525 654 2562 eo
679 2507 801 2561 animum
818 2506 944 2562 attollere
960 2506 989 2560 ri
1008 2507 1073 2561 mali
1097 2507 1150 2560 tibi
1180 2507 1303 2575 (audiam
1336 2526 1431 2565 vocem
1464 2517 1542 2564 tuam
1575 2517 1603 2565 et
1636 2512 1753 2581 prodibo
1789 2513 1869 2567 vivus
1901 2530 1935 2570 ar

238 2603 369 2667 urgente,
396 2594 522 2666 quamvis
542 2609 603 2648 eanr
626 2610 683 2648 non
709 2599 801 2664 neget,
820 2598 852 2647 ut
874 2592 995 2648 ostendit
1011 2594 1072 2663 ejus
1098 2592 1243 2663 sepulcro),
1273 2596 1354 2663 operi
1371 2612 1504 2648 manuum
1519 2604 1632 2649 taurum
1658 2598 1776 2661 faesia.
1817 2604 1841 2654 8.
1860 2599 1935 2654 Tan·

238 2700 302 2753 spes
319 2683 348 2736 in
365 2681 530 2743 Dominum,
548 2696 632 2750 quam
649 2678 752 2749 passim
770 2677 925 2748 profitetur,
944 2677 1010 2734 Job.
1032 2684 1072 2746 13,
1098 2684 1158 2732 tum
1177 2695 1242 2734 vero
1259 2680 1347 2749 abest,
1367 2680 1497 2735 utlohus
1509 2682 1740 2737 resurrectionem
1761 2692 1935 2739 mortuorum

239 2788 263 2826 v.
287 2775 332 2825 15:
350 2769 475 2822 Etiamsi
491 2783 534 2820 ms
553 2768 688 2822 coadait
707 2766 862 2833 Dominae,
882 2766 912 2818 in
930 2781 993 2819 eam
1009 2780 1072 2833 ape·
1098 2763 1174 2820 hisce
1201 2765 1293 2820 verbis
1311 2773 1409 2838 neget,
1441 2775 1473 2821 ut
1498 2782 1559 2820 eam
1588 2769 1681 2837 potius
1705 2769 1837 2824 stabiliat.
1873 2771 1937 2827 Non

239 2856 325 2921 raba·
350 2873 376 2910 v.
398 2860 436 2909 16.
465 2854 525 2922 iprae
554 2853 609 2906 erit
636 2852 707 2905 milri
729 2852 761 2904 ia
784 2851 911 2905 saluum
949 2850 988 2905 At
1005 2850 1074 2905 haec
1099 2851 1173 2904 enim
1191 2850 1319 2908 absolute
1344 2869 1377 2909 ao
1403 2853 1565 2923 simpliciter
1585 2853 1666 2918 dicit,
1690 2854 1770 2909 bomo
1788 2874 1851 2910 cuns
1869 2861 1936 2912 dor·

240 2957 304 3011 spes
336 2946 412 2996 outa
442 2955 502 2994 esse
534 2955 590 2993 non
615 2944 724 3008 posset,
754 2937 808 2991 nisi
846 2935 1073 2991 resurrectionem
1099 2936 1208 3005 mirre,
1228 2955 1285 2992 aaa
1303 2947 1442 3005 restruet,
1467 2939 1517 2993 sed
1536 2938 1630 3007 addit,
1652 2942 1740 2994 clonae
1754 2951 1936 3009 manasset

239 3032 360 3097 putaret.
394 3033 417 3082 4.
431 3023 561 3079 Rnffinns
582 3023 611 3078 in
635 3039 726 3093 expos.
747 3021 837 3093 symb.
858 3039 886 3091 p.
900 3026 958 3077 ³87.
985 3020 1073 3091 Lyra·
1099 3021 1143 3077 vel
1159 3021 1343 3091 noniuerint,
1360 3041 1411 3077 car
1437 3041 1493 3078 noa
1512 3024 1681 3091 enipilabitt
1715 3026 1855 3081 Mercerus
1875 3029 1935 3099 qui·

240 3129 292 3166 nus
321 3110 349 3165 iu
371 3126 469 3166 comm.
498 3115 526 3164 et
555 3109 601 3163 alii
628 3108 702 3162 hunc
729 3124 790 3163 essa
811 3124 905 3162 eorum
926 3105 1073 3161 verborum
1100 3107 1164 3162 dem
1180 3106 1251 3163 haec
1275 3108 1378 3179 accipit
1408 3115 1543 3180 tauquam
1570 3110 1722 3181 simplicem
1749 3112 1935 3189 negationem,

239 3215 349 3253 sensum
373 3201 489 3267 putant,
513 3195 588 3266 quod
616 3212 672 3249 nou
696 3195 733 3248 sit
760 3192 888 3248 deteriori
915 3191 1073 3247 conditione
1100 3199 1132 3248 ut
1148 3194 1186 3248 sit
1205 3209 1318 3258 meus,
1337 3196 1473 3263 quamdiu
1490 3203 1586 3263 erunt,
1604 3213 1654 3251 seu
1674 3198 1763 3250 doaso
1779 3214 1835 3251 raon
1853 3205 1935 3252 eiurat

239 3285 321 3339 homo
334 3283 453 3341 futurus,
473 3297 556 3351 quam
569 3280 605 3335 sit
618 3280 708 3348 arbor,
727 3297 799 3350 quae
819 3279 911 3334 excisa
923 3284 972 3334 aut
984 3293 1074 3349 paene
1100 3280 1185 3344 coeli,
1209 3280 1286 3351 quod
1304 3296 1447 3350 nunquam
1468 3279 1529 3350 fiet,
1557 3280 1610 3336 hoo
1630 3286 1672 3337 est
1689 3299 1833 3353 nunquam
1851 3281 1935 3338 homo

240 3373 366 3424 emortua
389 3366 543 3421 renascitur
570 3383 602 3421 ae
625 3364 790 3435 repullulat,
814 3365 932 3436 ideoque
955 3363 1029 3435 quod
1045 3364 1073 3418 in
1095 3366 1179 3435 juxta
1196 3372 1324 3420 naturam
1342 3366 1522 3436 reparandus.
1558 3367 1613 3422 Sed
1632 3367 1694 3437 ipsa
1712 3367 1778 3423 Jobi
1797 3368 1934 3424 confessio

242 3455 359 3524 spodosi
386 3451 572 3508 similitudinis
599 3451 724 3517 additur,
754 3459 780 3504 et
809 3452 890 3505 bomo
917 3452 1075 3504 morietis!
1100 3459 1129 3506 et
1155 3451 1212 3506 alia
1237 3451 1396 3522 Scripturae
1423 3452 1499 3506 dicta
1522 3454 1585 3509 lisa.
1606 3459 1653 3517 65,
1682 3472 1708 3508 v.
1736 3460 1776 3510 ta.
1804 3472 1865 3526 cap.
1892 3462 1935 3525 66,

239 3540 338 3611 legunt
355 3556 418 3594 eum
436 3538 660 3609 interrogatione,
680 3552 713 3591 ac
727 3534 805 3603 illud,
826 3537 875 3588 abi
891 3554 994 3606 quaem
1012 3540 1074 3590 est!
1100 3554 1125 3595 v.
1145 3543 1187 3592 24.
1212 3537 1282 3591 Luc.
1299 3543 1346 3604 21,
1373 3556 1398 3594 v.
1416 3544 1458 3596 33.
1477 3545 1529 3596 eto.
1553 3538 1715 3604 ostendunt,
1742 3541 1847 3595 rectius
1865 3542 1935 3598 haec

239 3633 381 3697 exponunt
404 3627 519 3680 ubinam
547 3626 674 3692 tandem,
705 3643 743 3676 aa
765 3639 830 3678 sero
852 3640 989 3692 nicaenam
1018 3624 1074 3677 erit
1100 3622 1191 3693 accipi
1212 3624 1288 3679 velut
1311 3623 1452 3694 quandam
1475 3624 1668 3680 limitationem
1685 3641 1717 3679 ao
1737 3627 1869 3696 temporis
1886 3627 1934 3682 de·
2007 3646 2012 3653 ·

240 3717 315 3783 (eum
333 3713 529 3782 admiratione)
555 3729 607 3765 aco
630 3712 707 3765 ultro
724 3711 917 3779 comparebit!
934 3711 990 3767 imo
1008 3727 1073 3766 vero
1099 3709 1335 3774 terminationem,
1367 3727 1422 3781 quo
1450 3717 1515 3781 post
1541 3716 1667 3780 coeptam
1692 3712 1762 3767 coeli
1786 3729 1820 3767 ac
1843 3719 1934 3769 terrae

239 3800 324 3855 odore
336 3799 423 3854 divini
442 3799 556 3869 spiritus
574 3797 781 3864 instaurabitur,
797 3804 829 3851 ut
842 3797 924 3852 arbor
937 3814 1072 3868 aquarum
1101 3795 1315 3851 destructionem
1332 3795 1414 3851 horno
1440 3796 1477 3850 sit
1496 3814 1529 3852 ex
1547 3812 1643 3851 somno
1656 3797 1751 3851 mortis
1769 3796 1864 3852 divina
1880 3799 1934 3853 vir·

239 3886 324 3941 odore
341 3892 369 3940 et
389 3884 496 3943 afflatu.
526 3886 592 3939 Non
609 3884 665 3938 sihi
680 3884 792 3936 viduus·
810 3882 912 3953 (inquit
928 3882 1070 3949 Ruffinus)
1100 3887 1161 3937 tute
1185 3882 1400 3938 resuscitandus.
1447 3882 1622 3953 Epiphanius
1656 3883 1686 3936 in
1713 3899 1820 3940 aneon:
1853 3886 1935 3940 Dicit

240 3974 271 4026 in
288 3973 333 4027 tta
350 3972 441 4026 ooedis
458 3989 519 4024 oum
537 3973 648 4040 pudore
668 3971 792 4038 eamdam
810 3970 935 4024 bominac
953 3986 1073 4040 arquere
1100 3968 1172 4035 Job,
1196 3969 1278 4022 bomo
1303 3969 1352 4022 adi
1375 3968 1535 4036 dormirem
1568 3987 1624 4023 noa
1657 3969 1781 4038 amplias
1807 3978 1935 4039 ransart

240 4076 275 4112 oe
308 4058 416 4126 dhare,
448 4058 527 4111 itone
549 4058 664 4111 ειιιῑιιιηι
686 4063 726 4110 est
755 4055 896 4108 hominum
918 4073 1019 4123 penus,
1044 4063 1074 4110 ut
1101 4070 1188 4126 aque
1209 4062 1341 4125 oquorest
1369 4054 1461 4107 locam
1476 4072 1565 4109 mum.
1601 4056 1716 4109 Etenim
1733 4071 1766 4108 re
1783 4073 1851 4110 vera
1868 4075 1935 4126 φω-

240 4162 302 4199 cum
321 4145 450 4208 videam,
471 4145 579 4198 esdrae
603 4143 715 4196 arboris
738 4149 867 4196 tmnorsm
885 4159 998 4195 numm
1007 4143 1074 4211 pul·
1101 4141 1171 4194 tidie
1187 4159 1244 4196 noa
1261 4143 1298 4210 fit
1315 4141 1501 4204 resumatis,
1529 4143 1581 4194 rod
1602 4142 1631 4194 in
1658 4159 1745 4195 annm
1762 4144 1876 4197 deeras
1894 4152 1935 4198 eat

241 4230 336 4286 lalare
353 4232 390 4284 ds
410 4238 491 4283 terra
518 4238 545 4283 et
563 4230 671 4298 lionam
700 4236 854 4282 emortuam
870 4229 971 4288 iterum
987 4230 1073 4284 vitam
1102 4227 1184 4281 diem.
1242 4228 1343 4281 Veram
1373 4228 1535 4294 ostenrlens,
1563 4229 1639 4295 qrsod
1666 4227 1755 4294 need,
1793 4228 1824 4280 in
1851 4229 1935 4296 quale

242 4317 380 4385 recipere,
410 4316 531 4385 ipsisne
558 4316 643 4382 liparis
661 4315 773 4383 quictem
797 4314 910 4382 aliquid
928 4315 1020 4370 amils
1038 4318 1074 4369 ds
1101 4320 1208 4382 usipus
1220 4314 1406 4383 prosfmitam
1423 4312 1777 4382 suprannominatas
1795 4314 1934 4383 eumatio·

239 4402 416 4471 semetipsis
433 4401 647 4455 assertoribus
662 4401 811 4472 opinetur!
832 4401 866 4452 Ut
882 4409 974 4453 autem
991 4401 1074 4466 aoioa
1101 4415 1170 4452 nem.
1208 4401 1307 4452 Donec
1327 4399 1434 4452 coelum
1452 4406 1478 4451 et
1505 4405 1583 4453 terra
1599 4400 1766 4467 crisantus,
1789 4406 1855 4453 srsot
1873 4418 1935 4455 corr·

240 4488 317 4555 quod
334 4488 410 4540 veliet
428 4487 632 4554 intorropants'a
653 4488 736 4539 modo
756 4487 905 4555 legendam
922 4486 974 4554 sit,
998 4489 1075 4555 quod
1097 4501 1172 4554 poro
1192 4485 1222 4537 in
1240 4492 1337 4549 terrm·
1362 4501 1423 4537 arm
1439 4500 1505 4538 uero
1526 4487 1640 4547 ornent,
1659 4486 1710 4554 qai
1725 4487 1808 4539 vertit
1827 4487 1935 4542 coelam

240 4573 326 4639 dier’l,
350 4574 480 4627 mortalia
501 4581 593 4626 ortem
611 4589 673 4626 orm
692 4572 837 4640 ceciderit,
864 4589 920 4625 nou
938 4579 1073 4639 resrrryot,
1100 4571 1188 4625 salvar·
1204 4571 1308 4625 lidi-um
1332 4578 1359 4624 et
1378 4571 1517 4625 ceucutiot
1544 4578 1667 4636 terram,
1691 4579 1756 4625 tune
1780 4582 1936 4643 resument,

240 4660 276 4711 ‹le
289 4659 516 4726 consequentibus
528 4660 642 4726 probat.
676 4657 1073 4726 soojaapitanmqassiasim‚
1101 4657 1277 4727 quietatis
1294 4664 1380 4709 tersa.
1428 4662 1452 4711 9.
1471 4656 1561 4719 Quam
1585 4675 1620 4713 ex
1643 4657 1742 4714 arbore
1765 4658 1935 4714 dissimilitu-

239 4746 268 4798 ai
284 4745 356 4798 enim
376 4752 502 4797 mortuas
519 4745 610 4806 faerit
627 4744 716 4812 homo,
733 4743 811 4796 vivet.
850 4745 890 4797 Et
902 4745 995 4812 poulo
1007 4751 1075 4812 post
1102 4742 1193 4797 dinem
1210 4741 1300 4798 Jobus
1316 4741 1411 4796 attulit
1423 4741 1459 4795 ad
1478 4742 1672 4798 infirmandam
1685 4744 1803 4798 hominis
1816 4743 1845 4798 in
1862 4744 1935 4800 hauc

242 4831 329 4884 dicit:
344 4830 530 4899 Exspectate,
541 4848 627 4898 usque
640 4847 694 4898 qtae
706 4830 806 4882 iterum
818 4831 893 4893 fiam.
922 4830 1074 4884 Etitaom
1100 4828 1187 4883 vitam
1215 4827 1434 4894 revocationem,
1465 4828 1583 4884 eandem
1614 4829 1692 4884 velut
1727 4829 1936 4886 similitudinem

240 4917 329 4970 dicit.-
354 4916 412 4978 Qui
429 4916 647 4968 resuscitatas-ar
665 4924 705 4970 eat
731 4931 816 4985 reaper
846 4924 954 4970 terram
969 4915 1075 4985 pellem
1101 4913 1220 4984 Spiritus
1238 4920 1350 4969 sanctus
1363 4914 1430 4969 alibi
1438 4916 1563 4985 applicat
1574 4916 1611 4970 ad
1625 4916 1797 4985 probandam
1815 4923 1936 4973 mortuo·

240 5020 338 5067 mam,
357 5018 428 5071 quos
445 5019 519 5055 arrnc
544 5002 612 5055 haec
630 5002 733 5056 hauri.
779 5009 803 5058 5.
822 5000 944 5065 Quidam
961 5018 1074 5071 respon·
1101 5017 1162 5054 rum
1180 5001 1416 5066 resurrectionem,
1434 5001 1497 5057 Joh.
1519 5008 1565 5070 12,
1586 5019 1612 5058 v.
1627 5007 1669 5057 24.
1689 5006 1710 5057 Ι.
1724 5001 1786 5056 (lor.
1801 5007 1841 5072 15,
1853 5020 1879 5059 v.
1895 5009 1935 5060 36.
1965 5066 1969 5071 ,

240 5089 315 5155 deut,
333 5089 438 5141 slohum
456 5088 533 5158 loqui
555 5087 590 5141 de
607 5087 765 5142 conditione
785 5087 904 5141 hominis
922 5092 986 5158 post
1003 5103 1073 5141 mor·
1102 5087 1340 5151 Quemadmodum
1367 5087 1482 5143 arbores
1505 5088 1558 5142 sub
1586 5088 1704 5143 hiemem
1732 5104 1820 5159 prope
1848 5105 1936 5145 emor·

239 5181 295 5229 tem
308 5175 395 5243 jacta
415 5181 563 5242 naturam,
588 5174 662 5244 quod
689 5173 795 5228 seilicet
819 5191 875 5228 non
891 5173 979 5243 possit
996 5191 1074 5229 revo·
1101 5180 1169 5230 tuae
1188 5181 1218 5229 et
1236 5172 1339 5228 herbae
1358 5190 1391 5228 ac
1411 5174 1544 5245 germina,
1562 5190 1635 5244 quae
1648 5174 1677 5228 in
1697 5173 1800 5244 frigore
1818 5175 1937 5231 brumali

240 5260 297 5316 cari
317 5259 346 5313 in
359 5259 445 5313 vitam
463 5258 642 5320 naturaliter,
664 5261 723 5330 jam
747 5276 811 5314 vero
837 5259 1074 5314 resurrectionen
1103 5261 1182 5316 nobis
1203 5260 1286 5331 plane
1305 5258 1441 5315 interiisse
1460 5259 1604 5320 videntur,
1635 5277 1720 5315 veruo
1746 5270 1871 5332 tempora
1895 5280 1937 5318 re·

240 5354 284 5401 est
303 5363 372 5417 opus
400 5350 529 5412 naturae,
560 5344 610 5399 sed
628 5344 683 5399 Dei
709 5361 759 5413 per
778 5345 926 5401 Christum.
966 5351 989 5399 6.
1008 5345 1074 5410 Qui·
1103 5346 1244 5417 pullulant
1260 5362 1294 5401 ao
1314 5361 1402 5416 grana
1423 5345 1581 5415 putrefacta
1595 5346 1623 5400 in
1643 5353 1718 5402 terra
1736 5353 1801 5418 post
1819 5349 1934 5419 aliquod

240 5435 303 5488 darn
323 5436 463 5496 statuunt,
488 5431 592 5486 lobum
609 5430 679 5486 hacc
697 5449 752 5486 nou
773 5448 806 5486 ex
825 5451 889 5501 sua,
909 5432 960 5488 sed
979 5449 1012 5486 ex
1031 5448 1073 5486 so·
1102 5442 1212 5501 tempus
1231 5431 1415 5502 revirescuut3
1433 5431 1473 5485 sio
1489 5449 1554 5485 orsa
1571 5441 1670 5486 nostra
1689 5433 1718 5486 in
1738 5434 1938 5489 resurreetione

240 5520 345 5576 ciorum
364 5517 502 5575 senteutia
518 5515 596 5587 loqui
619 5534 652 5573 ac
678 5518 844 5575 senteutiam
862 5536 957 5574 eorum
975 5520 1071 5575 contu·
1105 5520 1193 5575 instar
1217 5517 1350 5589 graminis
1374 5517 1581 5587 emundant,
1608 5517 1655 5574 Es.
1670 5524 1718 5584 66,
1747 5536 1773 5573 v.
1808 5525 1845 5576 14.
1883 5519 1939 5584 Qui
