4104 6014
176 255 234 312 176
765 239 888 299 Locus
905 232 1109 296 acuemus
1128 235 1275 294 SEXTUS

174 400 238 454 dam
255 396 362 453 cibaria
380 396 451 452 forte
470 396 505 451 sd
528 395 655 466 sepulcra
673 395 752 450 fuere
770 394 864 449 delata
880 394 924 449 vel
943 399 1008 447 ante
1039 407 1098 445 esse
1112 408 1235 464 puerum
1256 392 1297 444 aei
1318 392 1403 444 citam
1423 389 1581 444 rediturum
1599 395 1625 442 et
1641 394 1791 456 practerea
1810 402 1872 440 eum

173 485 257 540 aedes
270 482 394 537 defuncti
416 482 587 552 pauperibus
606 480 770 549 distributa,
796 485 828 533 ut
847 478 1010 550 superstites
1038 478 1185 547 supropiis
1204 495 1260 530 non
1279 493 1366 545 spere,
1385 494 1439 545 quc
1461 476 1544 529 etiam
1558 475 1682 544 pertinet
1702 475 1756 527 illa
1777 473 1871 528 solici-

173 568 359 636 ostenderent,
378 584 439 623 sese
465 567 640 622 mortalitatis
661 582 728 619 suae
754 579 889 628 memores
907 578 1010 635 paupe·
1038 565 1106 618 tudo
1134 565 1382 633 patriarcharum,
1408 565 1458 633 qui
1484 564 1631 632 cupierunt
1657 563 1688 614 in
1705 569 1786 614 terra
1806 578 1871 630 pro·

173 672 235 709 rum
253 670 348 724 preces
364 660 499 724 expetere,
519 668 575 722 quo
593 658 621 706 et
640 652 708 722 ipsis
721 650 872 721 aliquando
891 649 1011 704 feliciter
1038 650 1179 702 messionis
1205 650 1324 718 sepeliri
1358 649 1457 704 Gener.
1492 653 1533 702 47.
1558 655 1585 702 et
1609 651 1653 702 50.
1681 647 1813 699 nimirum
1842 655 1872 698 ut

175 757 208 795 ex
226 740 279 795 boc
300 741 403 793 mundo
429 739 565 810 emigrare
590 736 766 792 concedatur.
806 736 964 789 Miinsterus
982 733 1010 786 in
1038 742 1126 787 essent
1141 735 1300 803 participes
1315 751 1429 803 precum
1456 741 1482 786 et
1499 733 1717 798 sacrificiorum,
1744 748 1816 800 quac
1834 732 1874 783 ibi

173 826 227 881 hcc
245 825 304 880 loco
323 823 363 879 sic
377 830 590 879 commentatur:
608 824 673 876 Nan
690 823 727 875 sit
740 822 792 874 tibi
809 821 1011 889 dummeffun·
1038 820 1234 888 offerebantur.
1270 819 1492 888 Respondemus:
1510 834 1642 889 perquam
1661 831 1726 870 vero
1743 817 1872 886 jejunum

175 912 242 963 dere
260 927 371 979 panem,
389 926 416 979 q.
429 908 455 962 d.
475 910 505 961 si
521 925 576 961 non
590 907 716 975 paveris,
738 906 874 961 armiati.
906 906 1012 974 Suppe·
1040 911 1082 957 est
1111 904 1181 958 illud
1202 903 1365 958 Bellarmini
1393 912 1601 976 argumentum,
1628 920 1683 973 quo
1716 919 1748 968 ex
1763 900 1872 971 jejunio

113 998 115 1002 ‘
176 996 280 1049 ditabis
299 998 334 1048 de
352 1003 402 1047 tuo
417 994 535 1061 justitia
546 992 721 1064 pauperibus
737 992 836 1061 justis,
859 1008 893 1045 ne
913 990 947 1043 cb
964 992 1012 1042 eie-
1039 989 1142 1043 doloris
1162 996 1191 1044 et
1205 988 1334 1044 tristitiae
1347 1006 1432 1044 causa
1450 995 1580 1059 suscepta
1599 987 1789 1058 purgatorium
1810 1002 1871 1055 prc-

173 1083 280 1147 t‘ectum
309 1080 474 1135 victualium
503 1081 670 1149 perueniant
706 1080 748 1131 cd
773 1085 877 1145 partas
905 1077 1011 1131 mortis.
1039 1075 1106 1129 bare
1124 1075 1237 1146 satagit.
1275 1074 1346 1130 Nam
1369 1081 1391 1130 l.
1410 1074 1528 1145 Spiritus
1548 1080 1661 1128 sanctus
1686 1090 1741 1128 non
1759 1070 1872 1143 reliquit

175 1166 208 1220 In
227 1172 392 1237 argumento
420 1165 506 1236 igitur
525 1163 700 1220 Bellarmini:
734 1163 844 1216 Veteres
865 1178 968 1230 pionem
987 1168 1013 1213 et
1039 1159 1139 1214 nostris
1159 1160 1325 1230 conjecturis
1344 1176 1454 1214 causam
1467 1160 1541 1213 illius
1559 1160 1640 1214 fletus
1654 1164 1683 1214 et
1693 1157 1804 1229 jejunii,
1823 1156 1871 1211 sed

175 1253 269 1307 uinum
286 1269 371 1321 super
387 1251 519 1320 sepulcra
536 1252 747 1316 constituerunt,
763 1256 794 1300 ut
808 1264 952 1317 pauperes
970 1263 1012 1300 re·
1039 1245 1141 1300 diserte
1159 1247 1274 1300 eandem
1295 1247 1428 1317 exposuit
1463 1252 1487 1302 2.
1509 1245 1583 1303 Sum.
1605 1253 1627 1315 t,
1647 1264 1672 1298 v.
1690 1251 1738 1299 ti:
1756 1242 1874 1297 Plourit

176 1339 343 1404 firmanam·
372 1353 439 1404 erpo
463 1336 515 1389 bae
538 1336 683 1400 fecemnt,
707 1343 740 1388 ut
760 1341 875 1387 ararent
890 1349 946 1402 pra
965 1334 1012 1385 de·
1041 1333 1141 1384 Dauid
1166 1332 1312 1400 plancium
1339 1332 1503 1402 nrsjsnmoct
1527 1349 1610 1401 suaper
1637 1331 1708 1385 Satri
1735 1338 1762 1383 et
1788 1346 1873 1398 super

181 1423 297 1491 functis,
316 1428 359 1476 cst
374 1420 486 1475 fallacis
504 1420 698 1491 consequentis
717 1419 841 1490 itemque
859 1417 1012 1472 secandum
1038 1418 1187 1472 Jonotban
1210 1417 1305 1487 filium
1338 1418 1412 1486 rjus,
1442 1435 1467 1472 v.
1499 1423 1537 1472 ta.
1570 1426 1595 1470 et
1625 1418 1684 1470 ait.-
1715 1416 1874 1469 Considera

177 1524 234 1563 aou
262 1524 374 1562 causam
400 1511 433 1560 ut
464 1521 583 1559 causam.
634 1510 659 1559 4.
689 1503 809 1567 Quidam
844 1503 1011 1564 existimant,
1039 1502 1133 1555 lucil
1149 1520 1204 1572 pro
1222 1503 1278 1570 iris,
1307 1503 1356 1570 qui
1374 1504 1565 1575 coercuissent
1593 1519 1678 1572 super
1697 1502 1806 1555 excelsa
1824 1509 1873 1553 tua

176 1592 295 1647 Tobiam
310 1592 385 1661 loqui
405 1591 440 1646 de
459 1591 579 1661 quadam
604 1589 841 1644 consuetudines
860 1587 1012 1659 gentilibus
1038 1588 1192 1655 orilnernti,
1219 1606 1245 1645 a.
1268 1593 1305 1643 19.
1337 1588 1440 1657 inclpti
1458 1587 1552 1641 Iunii
1577 1605 1663 1656 super
1689 1596 1794 1641 mantes
1812 1595 1874 1641 tuas

177 1678 214 1733 ad
238 1678 370 1748 papulum
398 1676 452 1730 Dei
481 1675 617 1731 naducta
667 1674 825 1730 Gentilibus
852 1673 925 1728 euim
953 1688 1012 1725 mos
1039 1674 1185 1738 interfecti
1208 1681 1288 1741 ment,
1311 1676 1448 1742 quomodo
1477 1675 1639 1727 ceciderunt
1654 1675 1762 1736 sorim
1784 1690 1810 1727 ν,
1832 1677 1872 1728 ii.

177 1770 251 1830 erat,
277 1762 378 1817 ferales
403 1777 518 1827 coenas,
548 1761 637 1815 lentes
668 1767 697 1814 et
722 1760 793 1815 offas
819 1759 855 1813 ad
884 1757 1013 1829 sepulcra
1040 1758 1134 1813 Filiae
1152 1760 1246 1813 lucet
1271 1777 1356 1829 super
1382 1760 1455 1814 Sosii
1478 1761 1557 1828 flete,
1588 1760 1637 1828 qui
1665 1760 1797 1812 vestiebat
1824 1776 1873 1812 aas

178 1865 272 1905 eoram
300 1847 425 1915 deferre,
450 1845 551 1917 quibus
571 1854 718 1916 parentare
736 1845 926 1900 instituebant
963 1843 1012 1897 Ju-
1039 1846 1152 1899 coccino
1183 1848 1302 1912 decom
1329 1863 1353 1902 v.
1374 1851 1414 1901 25.
1435 1848 1571 1914 quomodo
1596 1845 1756 1899 ceciderunt
1774 1846 1873 1912 fartos

179 1935 263 1988 dseos
283 1934 384 2004 igitur,
402 1949 437 1986 ne
456 1947 525 2002 arga
542 1939 671 2002 parentes
690 1930 780 1985 minus
798 1929 914 1985 officiosi
934 1929 1013 1982 vide·
1039 1933 1069 1984 in
1082 1933 1216 2001 proelio!
1260 1937 1283 1987 2.
1312 1932 1384 1987 Sam.
1403 1937 1432 2000 ³,
1463 1951 1488 1984 v.
1521 1937 1571 1986 ³2:
1608 1932 1676 1984 Cum
1708 1931 1872 2001 sepelissent

39 2023 106 2067 ΠΗ·
119 2021 165 2064 2⁷&
180 2027 285 2086 rentur,
306 2020 382 2073 cibos
401 2018 571 2089 pauperibus
586 2016 768 2085 distribuisse,
788 2016 931 2086 Gyraldus
950 2032 1013 2085 syn·
1041 2018 1136 2070 Abncr
1162 2019 1192 2070 in
1212 2018 1339 2086 Hebron,
1363 2017 1464 2070 locauit
1483 2012 1537 2070 'rec
1557 2019 1656 2070 Dorici
1679 2034 1772 2071 vocem
1791 2034 1872 2070 suam

179 2114 265 2176 tagus.
287 2111 327 2159 17.
356 2105 430 2159 unde
455 2103 541 2174 Hugo
571 2102 720 2157 cardinalis
752 2101 782 2156 in
808 2100 860 2157 boc
884 2100 946 2155 loco
973 2099 1012 2154 sic
1041 2111 1067 2156 et
1082 2103 1164 2172 fleuit
1183 2120 1268 2173 super
1286 2104 1419 2156 marcium
1435 2104 1534 2155 Abuer.
1554 2120 1578 2154 r.
1597 2107 1638 2156 35.
1650 2104 1747 2171 Jurct,
1767 2119 1796 2154 se
1808 2112 1874 2156 ante

179 2198 393 2247 commentatur:
412 2191 496 2253 Noto,
514 2191 591 2258 quod
607 2206 664 2240 non
676 2187 822 2259 praecipit
828 2187 899 2255 fieri
910 2202 1013 2254 partu·
1040 2207 1168 2243 occusum
1198 2190 1269 2242 aclis
1300 2208 1355 2241 non
1375 2197 1550 2258 prestaturum>
1577 2206 1695 2259 panem,
1724 2206 1750 2245 v,
1775 2193 1816 2244 ³7.
1849 2196 1874 2242 et

178 2279 260 2344 talio,
278 2293 351 2345 quac
366 2275 512 2344 prohibito
531 2281 603 2343 ment,
620 2274 673 2327 sed
689 2274 775 2326 ritum
793 2274 915 2340 aliquem
934 2272 1013 2323 nohis
1041 2276 1166 2344 copuoirit
1185 2292 1263 2329 omne
1275 2276 1374 2341 euripus
1394 2284 1418 2327 et
1437 2276 1580 2328 rtns'ncrsus
1599 2276 1693 2329 lucil
1705 2276 1733 2328 in
1753 2275 1800 2328 ‹iie
1812 2275 1875 2343 illa,

180 2365 306 2432 ipnotorn
326 2363 427 2415 innuit.
457 2359 513 2414 Sed
533 2364 658 2429 praestat
669 2359 788 2428 priorem
803 2357 1014 2427 sequicxplica·
1042 2363 1174 2430 proniora
1194 2380 1249 2414 non
1268 2369 1360 2414 oetam
1379 2362 1485 2430 suinset
1504 2381 1522 2414 a
1542 2379 1622 2431 repe,
1651 2369 1680 2414 ut
1701 2356 1875 2415 occideretis

179 2449 281 2503 tionem
311 2444 459 2516 Scripturie
490 2444 675 2507 conformem
702 2443 777 2498 unde
798 2442 882 2513 Ηῑῐεθ
911 2441 1014 2495 ibidem
1043 2447 1145 2500 Abner.
1192 2446 1281 2499 David
1300 2444 1386 2516 igitur
1404 2447 1456 2500 boc
1483 2447 1565 2516 fletu,
1592 2449 1705 2517 planctu
1724 2454 1752 2501 et
1767 2446 1875 2517 jejunio

179 2533 339 2603 subjungit:
373 2532 422 2584 Vel
448 2533 525 2596 sorte
554 2533 596 2584 ad
625 2530 843 2583 consolationem
865 2535 1015 2597 parantum
1042 2536 1172 2586 testatum
1189 2531 1306 2585 reddere.
1323 2532 1424 2600 volrrit,
1444 2547 1473 2585 se
1492 2548 1543 2585 nec
1562 2530 1667 2600 Saulis,
1685 2548 1736 2586 nec
1755 2532 1874 2586 Abneris

176 2627 243 2690 past
260 2610 437 2686 sepuitbrorn
451 2616 533 2686 jrtbet
551 2617 615 2680 ieri
633 2616 773 2684 conuiuia,
792 2616 869 2683 quod
886 2621 927 2667 est
945 2630 1016 2680 opus
1043 2618 1155 2671 interitu
1177 2617 1324 2680 delectari,
1352 2618 1438 2671 multo
1466 2618 1556 2671 minas
1583 2614 1775 2672 internecionis
1801 2617 1874 2670 illius

179 2703 399 2756 misericordiae.
433 2708 457 2756 b.
471 2699 675 2769 Tabiaspaaes
689 2699 759 2753 dicit
773 2715 834 2754 esse
848 2700 1012 2753 constitueu-
1042 2709 1196 2757 consortem
1215 2719 1246 2757 ac
1271 2702 1433 2773 participem
1452 2719 1525 2767 esse3
1553 2703 1627 2774 quod
1647 2710 1739 2757 autem
1758 2720 1791 2757 ex
1808 2720 1874 2773 pur·
1952 2698 1960 2719 ⁸

180 2792 233 2845 dos
251 2789 311 2855 vel,
337 2792 370 2841 ur
389 2785 496 2841 Greeus
514 2792 606 2841 textus
626 2784 724 2851 habet,
748 2787 914 2850 fundendee
930 2800 1016 2855 tepet·
1042 2788 1149 2860 guterio
1169 2805 1262 2844 eorsum
1281 2789 1387 2843 animas
1404 2789 1504 2859 jejunii
1517 2789 1559 2843 sui
1579 2789 1719 2860 suffragiis
1740 2788 1875 2844 redimere

181 2875 342 2946 sepulcrum
351 2874 505 2943 justarum.
546 2872 634 2943 Atqui
654 2871 725 2942 justi
749 2871 809 2925 sine
827 2871 950 2942 peccatis
971 2885 1015 2923 ve·
1043 2875 1171 2943 voluerit,
1189 2875 1224 2928 de
1243 2892 1338 2930 conec
1359 2893 1411 2946 gry
1430 2892 1480 2930 nec
1502 2893 1550 2946 my
1567 2875 1595 2929 in
1612 2875 1760 2946 Scripturis
1777 2878 1873 2929 exstat.

179 2960 300 3015 niuibus
329 2976 363 3013 ac
389 2959 449 3014 siae
478 2963 558 3013 reatu
588 2974 694 3028 poenae
717 2957 876 3027 temporalis
902 2973 935 3011 ex
963 2956 1016 3010 hoe
1043 2967 1067 3019 2.
1086 2960 1123 3014 Et
1142 2961 1270 3031 planctus
1295 2969 1322 3015 et
1342 2960 1424 3014 fletus
1446 2967 1475 3015 et
1494 2961 1594 3031 jejunii
1616 2968 1644 3016 et
1667 2961 1825 3030 sepulturae
1845 2960 1873 3013 in

181 3047 276 3102 seculo
301 3045 475 3100 discedentes
501 3061 556 3098 non
582 3043 698 3098 veniunt
718 3043 746 3095 ia
769 3043 960 3113 purgatorium
983 3059 1015 3097 ac
1042 3047 1097 3100 illis
1125 3045 1262 3116 exsequiis
1287 3045 1318 3099 iit
1343 3046 1458 3107 mendo,
1481 3046 1529 3100 sed
1558 3046 1689 3100 orationis
1714 3061 1746 3100 ac
1776 3045 1873 3100 suffra·

181 3131 298 3201 proinde
314 3148 369 3184 non
396 3129 525 3201 indigeat
549 3127 719 3183 arationibus
744 3129 879 3181 vivorum.
917 3134 939 3182 6.
957 3128 1015 3181 Ad·
1042 3133 1150 3204 giorum
1182 3149 1232 3201 pro
1262 3131 1400 3186 defunctis
1431 3132 1515 3203 plane
1538 3132 1622 3187 nulla.
1668 3132 1743 3204 Ergo
1769 3133 1823 3202 piis
1846 3133 1874 3186 in

182 3218 224 3271 dit
241 3215 426 3271 Bellarminus
446 3214 536 3269 locum
551 3229 585 3269 ex
604 3213 799 3284 Chrysostamo
817 3212 909 3269 homil.
925 3217 966 3270 32.
987 3212 1014 3265 in
1042 3218 1077 3274 V,
1095 3217 1128 3275 Τ,
1147 3217 1196 3271 illa
1212 3216 1289 3272 fuere
1308 3218 1412 3288 ignota.
1444 3224 1467 3274 3.
1484 3218 1517 3272 ln
1536 3218 1670 3288 epicedio,
1688 3218 1762 3288 quod
1782 3217 1875 3271 David

180 3302 296 3360 Martha
312 3300 572 3369 Cbrpoetmertem
586 3299 1016 3368 hemttmpauperetevnvoeaei
1042 3304 1070 3358 in
1099 3303 1204 3358 abitum
1234 3302 1325 3357 Saulis
1354 3320 1387 3357 ac
1413 3303 1578 3358 Jonathanis
1609 3303 1775 3373 composuit.
1805 3303 1874 3358 nihil

181 3406 231 3442 cur
245 3387 438 3459 presbyteros,
466 3391 498 3436 ut
513 3401 571 3452 pra
588 3401 620 3438 co
637 3385 721 3437 uelint
739 3401 837 3451 crare,
865 3384 1016 3436 obeamus?
1042 3388 1193 3459 quidquam
1211 3388 1345 3457 occurrit,
1373 3388 1447 3459 quod
1466 3389 1500 3442 ad
1519 3389 1671 3443 orationem
1690 3405 1740 3458 pra
1759 3389 1874 3442 mortuis

181 3474 222 3526 Ar
241 3471 453 3542 chrysostomus
473 3485 576 3523 morem
595 3468 672 3522 illum
698 3484 754 3522 non
773 3485 941 3539 magnopere
957 3469 1015 3522 lau·
1043 3481 1092 3530 aut
1110 3473 1302 3546 purgatorium
1326 3473 1443 3528 alludat.
1487 3481 1510 3529 4.
1530 3475 1700 3545 Jejunarunt
1717 3473 1875 3529 Gileaditac

182 3559 233 3613 dat
261 3564 290 3611 02
315 3557 452 3627 quaedam
476 3553 581 3609 ibidem
605 3554 695 3618 addit,
726 3571 798 3625 quat
825 3555 1015 3626 purgttOrium
1043 3561 1079 3614 ob
1097 3560 1219 3615 dolorem
1249 3565 1277 3614 et
1296 3560 1478 3614 reverentiam
1509 3576 1576 3631 erga
1604 3578 1711 3631 regom,
1736 3563 1875 3631 jejunavit

186 3642 297 3715 penitus
315 3642 505 3713 exstinguunt.
544 3638 622 3694 Dicit
644 3639 731 3708 enim,
759 3642 837 3709 quod
849 3643 898 3710 pie
915 3643 1016 3708 defun·
1043 3645 1135 3700 David
1167 3646 1203 3699 ad
1234 3644 1441 3700 testificandum
1475 3664 1556 3700 suum
1593 3663 1661 3717 erga
1690 3645 1874 3702 Jonathanem
1890 3653 1955 3695 xvii.
1971 3651 1996 3694 ‘ii

183 3739 242 3783 ctos
258 3729 381 3797 excipiat
399 3728 478 3796 quies
494 3727 633 3794 anpelicc,
654 3728 731 3794 qnod
739 3727 959 3796 proficiscamur
976 3729 1018 3779 ad
1043 3747 1173 3798 amorem,
1192 3730 1239 3800 qui
1254 3730 1290 3784 ab
1308 3731 1507 3785 incircumcisis
1522 3730 1620 3785 misere
1638 3730 1792 3785 trucidatus
1808 3741 1874 3786 crat.

89 3856 91 3860 ι
182 3815 304 3883 requiem
317 3821 344 3866 ti
356 3829 485 3875 torm,
506 3813 584 3881 Qtwd
597 3814 765 3880 bertiniani
783 3814 825 3864 αδ
833 3813 1017 3881 tranquillum
1044 3824 1068 3873 5.
1090 3816 1158 3871 Saul
1183 3818 1212 3871 in
1241 3816 1434 3886 desperatione
1459 3823 1583 3870 mortuas
1610 3824 1671 3871 erat
1694 3834 1726 3871 aa
1752 3818 1804 3871 sibi
1823 3818 1876 3889 ipsi

183 3901 305 3953 omnium
334 3899 514 3951 miseriorum
538 3905 667 3964 portum,
697 3899 774 3965 quod
804 3900 947 3966 ccntinpot
975 3899 1017 3951 eie
1044 3903 1178 3958 violentas
1197 3918 1297 3955 manus
1319 3901 1458 3968 intulerat,
1481 3918 1547 3973 ergo
1567 3902 1658 3956 anima
1677 3903 1737 3971 ejus
1757 3920 1810 3956 non
1830 3903 1876 3957 dc·

181 3982 350 4060 μετάστασις
367 3980 501 4053 auderit
520 3979 649 4056 οὐρανόν,
668 3983 915 4052 procursantis
929 3992 1018 4053 prata
1045 3988 1191 4044 scandilia
1210 3988 1409 4058 purgatorium,
1428 3987 1477 4057 sed
1497 3988 1524 4040 in
1544 3987 1688 4042 infernum.
1725 3996 1744 4041 1.
1758 3988 1820 4042 Pur.
1837 3994 1876 4050 it,

179 4071 316 4141 florentia
335 4077 388 4125 eit·
406 4075 435 4124 tt
452 4068 607 4139 concludit,
629 4069 678 4138 pt'e
706 4070 903 4131 dosunetorum
923 4071 1018 4139 pratia
1045 4092 1070 4133 v.
1094 4079 1137 4130 1³:
1164 4075 1298 4127 Mortuus
1322 4080 1363 4125 est
1391 4072 1462 4127 Saul
1482 4082 1602 4142 propter
1626 4074 1788 4143 iniquitates
1811 4091 1877 4126 erras

182 4174 239 4211 non
258 4172 317 4210 esse
330 4155 513 4227 plorandum.
1045 4160 1088 4215 rol
1106 4165 1133 4212 in
1153 4158 1347 4229 iniquitatibus
1366 4159 1422 4212 suis
1441 4175 1473 4213 eo
1493 4160 1570 4227 qrrcd
1582 4160 1799 4228 praevaricatus
1818 4168 1878 4213 mat

57 4254 77 4294 a
91 4253 124 4292 ax
220 4246 279 4297 232.
315 4247 340 4298 ³.
379 4249 399 4297 l.
423 4239 780 4296 Sam.31.:Hobitatores
803 4239 892 4293 Jabes
912 4240 1021 4295 Gilead
1046 4248 1210 4299 mandatum
1232 4245 1355 4298 Domini.
1394 4243 1473 4307 Quod
1493 4261 1558 4298 vero
1576 4243 1714 4314 significet
1732 4246 1761 4297 iu
1777 4262 1877 4316 prcca-

55 4302 154 4397 }'12⁸⁸1¹4¹¹,’.
187 4328 286 4381 medua
310 4335 398 4380 marte
419 4325 517 4381 Saulis
533 4325 733 4394 jejunaverunt
757 4333 860 4394 septena
878 4328 955 4394 dies,
992 4335 1020 4382 et
1045 4332 1082 4385 tis
1097 4332 1156 4383 sais
1175 4330 1254 4398 mori,
1274 4328 1369 4399 colligi
1387 4334 1479 4398 potest
1497 4347 1529 4384 ex
1544 4329 1637 4384 verbis
1655 4324 1756 4384 Christi
1776 4330 1840 4386 doh.
1854 4337 1878 4399 8,

56 4408 167 4446 ΜΝ
190 4420 212 4470 l.
233 4412 306 4469 Sam.
336 4417 366 4468 1:
393 4412 485 4466 Ducit
502 4411 621 4478 flecitet
638 4410 783 4479 jejunavit
802 4427 861 4479 pro
886 4413 973 4466 Saule
993 4422 1019 4467 et
1046 4434 1071 4471 v.
1092 4422 1138 4471 24:
1164 4415 1270 4468 Sinon
1290 4415 1482 4483 credideritis,
1516 4417 1594 4484 qrtcd
1619 4432 1669 4486 epo
1689 4418 1753 4482 sim,
1779 4417 1878 4469 moric-

56 4455 126 4499 dabas

58 4505 138 4550 arrasa
187 4499 314 4553 Jonatita
331 4503 358 4549 et
375 4498 442 4550 aliu
461 4497 568 4564 accub,
584 4497 661 4564 quad
673 4497 749 4549 idem
765 4499 901 4566 fecitprc
915 4500 1019 4568 Abner,
1046 4504 1116 4556 mini
1147 4503 1176 4554 in
1199 4502 1327 4571 peccatis
1354 4503 1463 4557 cestris.
1513 4500 1696 4572 Nequaquam
1723 4501 1809 4571 igitur
1835 4500 1877 4554 vel

57 4559 135 4651 iffi:
189 4591 213 4639 l.
233 4581 308 4638 Sam.
326 4588 350 4638 ³.
374 4580 508 4643 Quamuis
532 4582 605 4634 cuim
630 4581 699 4634 laec
715 4581 884 4635 uidebantur
902 4585 966 4647 fieri
990 4585 1019 4637 in
1047 4587 1137 4641 David
1167 4587 1213 4640 vel
1242 4585 1399 4640 Gilesditao
1426 4586 1541 4657 jejuniis
1569 4586 1627 4640 suis
1658 4603 1690 4640 ex
1718 4587 1878 4656 purgatorio

55 4659 145 4763 biiii:
188 4669 299 4736 eicerem
326 4666 437 4719 doloris
465 4673 491 4718 et
514 4666 658 4734 tristitiae,
689 4675 782 4720 tameo
809 4669 945 4721 credibile
973 4678 1021 4736 eet,
1047 4674 1158 4730 Saulem
1174 4671 1293 4726 liberare
1312 4671 1364 4725 sibi
1383 4671 1554 4741 propositum
1576 4670 1743 4724 hrbanum.
1779 4679 1802 4726 ti.
1823 4673 1879 4726 Da·

58 4768 140 4803 veroin
184 4754 341 4825 praenpue
355 4752 437 4815 sacta
453 4753 574 4803 esseod
586 4752 857 4820 jucandasauirnas
875 4756 1021 4819 defuncto·
1048 4761 1095 4814 rid
1114 4776 1147 4814 aa
1165 4756 1334 4812 habitatores
1353 4757 1439 4811 Jabes
1466 4755 1566 4812 Gilead
1587 4774 1642 4810 non
1662 4756 1749 4810 solum
1767 4763 1880 4827 propter

58 4818 146 4907 {iiim
188 4856 259 4903 ram,
276 4840 310 4892 id
328 4838 405 4907 quod
419 4836 562 4903 callipitur
580 4841 603 4891 1.
622 4853 655 4890 ex
674 4855 714 4907 ec,
732 4842 809 4910 quoad
825 4842 1020 4895 irrationabile
1049 4845 1175 4912 Saulem,
1201 4843 1250 4896 sed
1269 4842 1352 4897 etism
1371 4847 1485 4912 propter
1501 4843 1687 4896 Jonathanem
1714 4842 1880 4912 planxerant

58 4913 173 5009 {mh
188 4926 291 4991 fuisset
317 4926 348 4978 in
378 4924 488 4990 stpnon
514 4923 624 4977 doloris
657 4933 761 4996 septem
788 4927 851 4980 dies
869 4927 1021 4997 jejunare5
1048 4935 1077 4985 et
1104 4930 1276 4999 jejunarunt.
1330 4925 1434 4990 Quodsi
1466 4926 1518 4980 hoc
1545 4928 1683 4998 jejunium
1708 4927 1743 4980 ad
1774 4927 1881 4981 animas

56 5020 170 5121 feam
191 5014 218 5068 2.
236 5027 269 5064 es
285 5027 327 5078 ec,
345 5010 423 5079 quod
442 5007 544 5062 Dauid
561 5012 587 5066 2.
603 5010 680 5063 Sam.
696 5015 739 5064 12.
750 5012 897 5080 jejunarit
911 5021 937 5066 et
957 5031 1021 5067 ora·
1048 5016 1171 5085 ipsorum
1187 5012 1327 5084 Juraudss
1347 5017 1515 5082 susceptum,
1533 5014 1630 5084 atique
1650 5012 1678 5065 ia
1699 5030 1754 5067 uno
1773 5012 1881 5066 eodem-

59 5133 101 5172 pro
189 5099 228 5151 cit
243 5096 375 5168 prositis
396 5112 447 5148 sua
470 5094 628 5159 infantulo,
646 5098 714 5150 elram
732 5106 906 5166 reprotaret,
921 5107 1021 5167 pastea
1049 5100 1177 5171 qaeloco
1195 5104 1326 5164 uastata,
1346 5097 1476 5151 videlicet
1493 5098 1704 5168 inpurgatcrio,
1724 5097 1797 5166 ipsos
1817 5114 1881 5151 con-

59 5173 161 5265 {iirbbu
189 5200 255 5237 cers
273 5183 387 5251 quaudo
404 5181 530 5244 audivit,
552 5196 614 5232 eum
633 5196 692 5233 esse
711 5190 864 5252 mortuum,
889 5203 945 5238 non
964 5201 1023 5236 am·
1049 5186 1160 5240 stitutos
1176 5184 1263 5239 fuisse
1283 5184 1414 5252 oportuit.
1459 5185 1514 5240 Sed
1533 5199 1704 5254 consequens
1720 5184 1883 5238 adversatur

60 5277 151 5371 2:⁰3qu
188 5269 267 5369 ptius
279 5268 506 5368 jejunari-quo
524 5270 604 5332 facto
623 5284 675 5322 suc
693 5271 824 5339 ostendit,
843 5288 873 5324 se
886 5272 1022 5340 jejrtucre
1049 5287 1104 5326 non
1121 5271 1203 5325 modo
1227 5271 1352 5326 diversae
1378 5269 1529 5325 conditioni
1551 5269 1643 5325 Saulis
1663 5286 1696 5323 ac
1714 5269 1882 5324 Jonathanis

189 5356 316 5418 scientae,
343 5363 374 5409 ut
398 5356 511 5426 airqssm
534 5371 554 5407 a
574 5356 637 5407 Deo
659 5363 836 5425 impetraret,
866 5358 931 5411 ideo
951 5358 1023 5411 enim
1049 5358 1078 5412 in
1096 5357 1154 5411 vita
1171 5362 1201 5412 et
1216 5363 1317 5425 morte,
1334 5356 1383 5411 sed
1403 5357 1486 5412 ctiam
1504 5356 1591 5427 ipsius
1610 5355 1771 5409 Bellarmini
1791 5355 1882 5410 verbis

187 5458 244 5521 pro
261 5448 349 5496 morte
373 5442 457 5511 pueri
480 5457 537 5494 non
555 5439 710 5511 jejunavit,
735 5442 937 5514 pascuost,
965 5460 1021 5497 non
1050 5444 1115 5501 lu.
1143 5443 1179 5498 de
1195 5461 1276 5514 purg.
1304 5460 1328 5498 c.
1349 5447 1373 5499 6.
1396 5459 1467 5514 resp.
1494 5442 1530 5496 ad
1554 5446 1585 5497 3:
1616 5444 1682 5495 Cum
1708 5443 1781 5495 sister
1806 5443 1884 5508 filios
