4104 6014
844 306 897 363 DE
915 304 1055 363 MORTR
1734 313 1790 373 idi

87 460 192 519 batum
216 459 337 517 dabitur.
372 461 451 518 Idem
480 462 626 519 nobiscum
652 467 778 519 statuunt
801 479 834 520 ex
862 460 929 532 ipsis
958 464 1024 518 Non
1042 461 1206 531 suaseris,
1223 461 1328 532 inquit,
1356 463 1385 518 si
1404 464 1571 535 scaptione,
1596 463 1656 517 Dei
1678 462 1794 527 αιιιίοοτ,

84 547 245 605 Pontificiis
270 547 439 605 laurentius
463 550 562 618 Valla,
593 550 758 623 cajetanus,
788 550 927 611 Erasmus,
957 566 1040 604 raas
1061 550 1179 619 pietatis
1204 549 1308 603 milites
1328 550 1529 620 appellareris,
1555 549 1629 604 unde
1646 549 1730 604 stiam
1747 552 1796 606 hrt

19 638 72 683 ²¹²
88 634 269 706 Gnilielmus,
294 634 446 706 Grocinus,
479 636 641 693 'lheodorus
670 637 799 693 Guneus
829 644 859 692 et
884 637 930 691 alii
958 633 1005 695 τὰς
1028 633 1115 704 θήκας
1133 632 1238 703 αὐτῶν,
1267 637 1309 689 ad
1327 653 1424 690 sorum
1442 645 1633 702 monumenta,
1661 637 1796 690 acaedm

88 722 259 793 complures.
300 722 401 778 &msa
422 726 458 779 ds
480 726 673 780 sanctissima
702 726 834 795 Dsipara
859 724 931 779 falso
957 725 1003 777 rai
1025 723 1073 782 τὰς
1095 719 1177 792 εὐχὰς
1201 723 1279 796 παρὰ
1296 719 1423 792 ταύταις,
1450 739 1488 777 sc.
1508 721 1620 791 θήκαις,
1644 727 1795 788 ποιεῖσθαι,

89 807 225 863 tribuitur
257 809 433 877 Athanasio,
463 817 495 866 ut
527 812 620 866 multis
652 810 808 865 confirmari
839 815 931 881 potest
954 825 1053 880 preces
1077 812 1157 878 apud
1183 816 1357 864 monumenta
1389 812 1488 874 sacam
1506 810 1626 865 solemus
1645 809 1790 879 (interpres

90 893 278 965 agumentis,
312 893 417 949 suflicit
442 896 521 953 nobis
546 896 599 951 hoc
626 897 685 952 loco
710 897 845 952 confessio
868 895 929 952 Pet.
957 912 1102 966 perperam
1132 895 1254 950 reddidit
1297 903 1362 950 vota
1402 896 1462 950 illis
1497 897 1623 959 facimus
1657 904 1794 964 tanquam

89 979 197 1037 Ntnuii
220 978 382 1051 professoris
400 981 581 1037 Lovanieneis
607 983 636 1037 in
661 984 777 1053 praefat.
794 983 929 1038 Athenas.
956 982 1028 1035 ciris
1047 981 1172 1051 sanatis)
1198 985 1283 1055 τιμᾶν
1306 1001 1334 1036 τε
1358 983 1407 1043 τας
1431 988 1572 1055 μακαρίας
1595 981 1685 1038 αὐτῶν
1704 978 1796 1051 ψυχάς

90 1065 149 1121 imo
182 1065 270 1136 ipsius
299 1066 461 1121 Bellarmiui
499 1067 546 1123 lib.
578 1069 614 1122 dc
646 1070 742 1139 script.
778 1069 929 1125 ecclesiast.
961 1076 987 1121 ct
1016 1068 1112 1121 beatas
1151 1085 1247 1123 sorum
1275 1069 1387 1124 animas
1426 1069 1568 1123 honorare
1599 1071 1731 1139 (interpes
1758 1067 1794 1123 ds

90 1167 157 1223 pag.
175 1156 231 1209 113.
246 1156 275 1207 et
287 1151 401 1207 Beronii
413 1154 443 1208 in
457 1154 655 1210 annalibnsad
673 1152 830 1230 ann.48.§
846 1161 886 1212 19.
902 1163 930 1209 et
957 1170 1007 1209 suo
1034 1153 1144 1208 addidit
1176 1171 1295 1223 quorum
1324 1155 1521 1210 intercessione
1546 1159 1588 1210 ad
1617 1158 1711 1210 Deum
1738 1172 1794 1210 non

92 1242 136 1295 2³.
169 1237 248 1292 Idem
262 1237 399 1310 judicium
415 1245 475 1295 esto
494 1239 529 1296 de
548 1241 670 1310 ephrata
684 1240 812 1296 Cornelii
822 1259 930 1311 papae,
953 1258 1058 1309 parum
1075 1240 1180 1309 juvari
1200 1243 1395 1313 profitemur).
1439 1242 1501 1306 Quo
1526 1241 1581 1296 fine
1605 1242 1642 1296 ad
1667 1241 1794 1310 sepulcra

93 1339 167 1393 quae
191 1324 317 1394 ejusdem
336 1341 399 1380 cnm
418 1325 530 1398 reliquis
555 1326 741 1383 decretalibus
760 1334 789 1384 et
805 1327 930 1398 epistolis
957 1330 1110 1396 martyrum
1130 1342 1163 1382 eo
1181 1334 1305 1398 tempore
1323 1329 1516 1395 convenerint,
1543 1328 1657 1398 exponit
1677 1326 1794 1382 ecclesia

92 1415 137 1465 est
164 1410 353 1480 auctoritatis3
377 1412 413 1467 de
434 1430 561 1468 sumone
577 1415 716 1484 Oppriani
739 1417 775 1468 ds
801 1415 885 1469 stella
904 1421 930 1468 et
957 1412 1131 1480 Smyruensis
1157 1414 1186 1466 in
1205 1414 1323 1483 epistola
1343 1414 1378 1470 de
1395 1415 1528 1485 martyrio
1546 1412 1696 1483 Polycarpi
1715 1413 1792 1484 apud

95 1496 205 1565 Μαρια,
223 1496 272 1567 qui
291 1496 321 1552 in
340 1497 463 1567 antiquis
481 1515 594 1570 operum
608 1499 741 1570 Cypriani
762 1499 929 1555 editionibus
957 1497 1106 1552 Eusebium
1132 1498 1149 1552 l.
1178 1505 1201 1556 t.
1229 1499 1292 1554 hist.
1318 1500 1386 1557 eccl.
1413 1517 1473 1571 cap.
1498 1507 1534 1556 15.
1560 1500 1691 1554 videlicet
1707 1505 1737 1554 ut
1754 1499 1791 1553 ad

93 1599 150 1638 non
178 1581 306 1653 habetur,
337 1583 366 1637 in
393 1583 584 1640 Pameliniana
608 1586 680 1641 inter
712 1586 849 1657 asscripta
874 1585 928 1657 Cy·
956 1600 1052 1653 parem
1080 1585 1264 1639 constantiam
1293 1585 1455 1656 superstites
1484 1586 1677 1640 excitarentur.
1725 1587 1792 1638 Non

92 1668 192 1739 priano
215 1677 389 1738 recensetum
417 1671 452 1727 de
477 1673 599 1727 lamento
622 1675 679 1727 siva
706 1674 780 1728 libro
800 1673 930 1741 Oripcnis
958 1673 1042 1734 decer,
1059 1670 1099 1725 ait
1117 1672 1236 1726 Basilius
1255 1671 1284 1725 iu
1304 1672 1431 1726 asceticis
1450 1688 1511 1742 cap.
1532 1679 1574 1728 to.
1613 1672 1791 1727 Christianos

93 1757 130 1810 ae
145 1756 337 1827 poenitentia,
356 1757 404 1828 qui
428 1775 451 1812 c.
471 1758 574 1814 Sancta
593 1759 719 1813 Romana
736 1764 790 1815 etc.
803 1760 865 1815 dist.
889 1767 929 1817 15.
958 1758 1046 1810 alium
1073 1758 1107 1812 oh
1133 1775 1248 1811 causam
1269 1758 1298 1811 in
1317 1767 1471 1826 martyrum
1490 1758 1633 1812 memoriis
1652 1767 1702 1812 ant
1720 1759 1792 1813 loeis

92 1841 166 1897 inter
193 1843 356 1914 apocrypho.
379 1853 551 1914 recensetur,
586 1845 660 1916 quod
687 1844 822 1915 probetur
847 1845 929 1899 etiam
956 1844 1057 1897 ricinis
1075 1860 1247 1913 comparere,
1271 1862 1354 1914 quom
1373 1852 1404 1897 ut
1415 1852 1567 1913 precentur
1586 1853 1613 1898 st
1627 1861 1683 1912 per
1700 1860 1792 1898 rmor-

94 1928 217 1984 Baronio
232 1944 296 1985 uun.
314 1933 372 1985 att.
395 1928 423 2002 ξ.
446 1935 502 1986 1,·8.
521 1931 556 1985 de
575 1932 782 1986 commentariis
802 1932 929 1999 circadam
957 1931 1098 1983 dationem
1122 1939 1295 1997 sanctorum,
1320 1948 1404 1998 quam
1427 1931 1475 1984 illi
1490 1930 1597 1985 scitica
1613 1948 1669 2000 pro
1685 1929 1883 2001 piscarentur.
1898 1934 1944 1976 Μ·

93 2014 249 2086 inJohum,
269 2015 317 2086 qui
336 2016 613 2072 scatentAriuniemo
633 2034 684 2071 nec
696 2018 808 2087 sapiunt
828 2016 930 2086 stylum
957 2019 998 2069 aci
1016 2024 1129 2069 mortem
1150 2033 1236 2084 risque
1254 2024 1411 2070 constantes
1425 2017 1556 2085 suerint,
1575 2019 1616 2069 ad
1632 2014 1796 2085 hujusmodi

95 2100 239 2172 Origenis,
261 2102 336 2156 unde
356 2101 540 2172 reprobantur
563 2120 580 2156 a
600 2104 677 2157 Sixto
696 2103 811 2159 Senensi
837 2103 884 2159 lib.
904 2110 928 2158 4.
956 2103 1011 2156 reli
1037 2101 1223 2156 imitationem
1247 2103 1405 2158 incitentur.
1449 2103 1532 2160 Item:
1557 2103 1643 2157 Alius
1658 2120 1716 2173 pro
1734 2103 1794 2155 alio

70 2200 73 2207 ·
93 2185 222 2241 biblioth.
249 2186 278 2240 in
297 2204 365 2243 voce
384 2188 512 2259 Origenis
532 2205 595 2260 pag.
615 2195 674 2246 281.
693 2193 728 2243 cle
745 2191 792 2244 lih.
813 2192 930 2243 medita·
955 2197 1105 2257 precentur
1124 2196 1150 2241 et
1167 2205 1228 2241 oum
1247 2189 1347 2242 multia
1363 2190 1484 2242 adorent
1496 2195 1523 2242 et
1537 2187 1796 2257 implorentDaum

94 2273 202 2327 monum
222 2280 248 2326 et
271 2275 445 2327 sermonibus
469 2277 625 2344 Aupusts’ni
647 2282 699 2332 etc.
748 2278 929 2332 hireneus
958 2283 984 2328 ct
1000 2282 1118 2346 propter
1138 2283 1259 2345 peecata
1282 2276 1395 2344 quidem
1418 2276 1550 2344 placent,
1571 2281 1693 2343 propter
1714 2273 1794 2327 bene-

95 2358 259 2430 angelorum
282 2359 484 2416 invocationem
508 2361 537 2415 in
564 2361 711 2416 haereticis
731 2369 844 2428 taxans,
876 2379 932 2433 qua
951 2362 1024 2428 sicia
1041 2377 1108 2414 ciero
1128 2361 1177 2415 illi
1194 2362 1306 2428 pretias
1324 2369 1429 2429 apant5
1449 2360 1497 2415 ubi
1516 2361 1604 2414 solum
1617 2360 1709 2415 Deum
1721 2360 1796 2415 circa

94 2443 220 2498 veritatis
246 2446 339 2517 specie
364 2452 523 2502 sauctorum
548 2445 742 2501 detunctorum
760 2448 930 2502 invocationi
959 2452 1111 2517 martyrum
1135 2447 1295 2514 memorias,
1322 2464 1377 2501 non
1395 2454 1486 2501 eutem
1504 2446 1580 2516 ipsos
1599 2454 1735 2516 martyres
1755 2445 1795 2500 in·

85 2525 189 2584 iuvere
217 2530 392 2586 censendus?
428 2531 521 2587 Verba
547 2532 620 2601 ipsa,
654 2550 726 2604 quae
748 2533 931 2587 Bellarminus
958 2533 1095 2588 vocandos
1114 2550 1174 2588 esse
1192 2534 1281 2587 docet.
1319 2530 1399 2596 Quod
1419 2538 1488 2588 orat.
1502 2532 1530 2585 in
1550 2538 1583 2588 ⁴0
1601 2539 1735 2602 martyres
1753 2531 1794 2586 di·

93 2629 146 2685 pro
178 2632 230 2670 sua
258 2617 389 2687 opinione
417 2618 545 2689 adducit,
575 2620 615 2673 sic
643 2619 760 2674 hebent:
794 2619 930 2682 Quemnct·
958 2621 1007 2673 cit:
1029 2620 1083 2682 Qui
1102 2620 1254 2688 asstipitur,
1284 2621 1387 2672 adeas
1405 2620 1569 2688 οο-ιιῐιιρίοι,
1598 2621 1648 2688 qui
1665 2620 1797 2685 iactatur,

95 2703 209 2756 modum
226 2704 291 2757 Εοα
310 2721 366 2773 per
390 2706 547 2772 anpelicum
570 2723 724 2760 sermonem
748 2708 865 2759 accincta
883 2714 930 2770 est,
958 2710 999 2760 acl
1027 2724 1073 2760 eos
1100 2707 1247 2773 decurrat,
1276 2705 1305 2758 in
1332 2721 1364 2759 eo
1392 2706 1477 2760 seculi
1498 2706 1541 2760 sui
1566 2704 1796 2760 consuetudinem

93 2795 127 2840 ut
152 2788 287 2858 effuparet
303 2791 397 2843 Deum
417 2792 623 2861 praevaricata
647 2794 758 2845 vcrhum
784 2793 859 2861 ejus,
890 2792 930 2845 ita
954 2794 1080 2863 jamdum
1110 2791 1277 2845 invalescere
1301 2791 1478 2862 incipientem
1503 2792 1642 2847 describit.
1682 2790 1753 2845 Nam
1768 2790 1797 2844 in

94 2880 122 2927 st
140 2874 210 2928 haec
225 2892 282 2947 per
307 2877 463 2944 anpeiicnm
486 2896 639 2934 sermonem
663 2880 856 2948 eraripelisata
883 2886 931 2946 est,
958 2879 1068 2934 Graeco
1097 2878 1183 2933 verba
1208 2878 1247 2931 sic
1275 2878 1392 2946 habent,
1425 2878 1439 2933 ὁ
1467 2877 1633 2951 θλιβόμενος
1661 2878 1708 2930 ini
1735 2877 1798 2937 roric

93 2967 126 3014 ut
154 2969 285 3031 portarat
310 2965 404 3017 Deum
430 2965 560 3019 obediens
584 2967 645 3035 ejus
669 2966 769 3035 νοιοο,
804 2973 830 3019 et
860 2967 932 3018 sicut
958 2962 1166 3031 τεσσαράκοντα
1185 2960 1358 3035 καταφεύγει
1377 2966 1520 3036 confiipit,
1547 2980 1603 3017 non
1622 2968 1715 3017 autem
1733 2980 1797 3017 con·

94 3044 150 3100 itta
170 3049 290 3103 seducta
310 3057 358 3116 eat,
375 3058 406 3104 ut
425 3053 558 3121 effugaret
577 3053 678 3114 Deum,
700 3053 741 3105 sic
759 3052 828 3105 haec
845 3069 931 3105 suasa
957 3052 1060 3120 fngiat,
1083 3049 1099 3104 ὁ
1126 3049 1347 3125 εὐφραινόμενος
1371 3047 1412 3106 ἐπ’
1436 3048 1536 3112 αὐτοὺς
1553 3049 1716 3122 ἀποτρέχει,
1747 3051 1795 3102 do·

96 3141 136 3186 est
165 3134 279 3189 obedire
302 3137 382 3205 Deo,
407 3138 449 3190 uti
475 3137 595 3206 sirpinc's
621 3141 699 3192 Euae
724 3140 804 3208 sirpo
828 3139 932 3193 Maria
958 3139 1054 3202 currit,
1075 3155 1130 3192 non
1150 3144 1243 3191 autem
1261 3140 1403 3194 decurrat.
1440 3143 1464 3197 9.
1481 3136 1568 3191 Aliud
1587 3142 1630 3191 eet
1645 3153 1695 3206 per
1709 3153 1794 3205 pros-

96 3222 176 3284 fisret
205 3224 361 3287 aciuocata,·
391 3231 418 3276 et
441 3227 675 3292 ιμιοιααάαιοιίιιαι
700 3227 867 3279 adstrictum
892 3233 931 3278 cst
958 3214 1124 3294 opapocinm
1152 3223 1303 3278 oratoribus
1321 3223 1451 3278 usitatam
1478 3239 1511 3277 ac
1534 3239 1585 3293 per
1600 3223 1791 3292 apostrophen

96 3307 185 3360 morti
205 3323 293 3376 penus
310 3311 461 3364 humanum
480 3328 536 3380 per
558 3311 709 3380 uirginem,
734 3312 863 3366 sonetur
876 3328 932 3382 per
957 3311 1126 3365 rhetoricam
1143 3310 1264 3381 aliquem
1284 3315 1316 3364 ut
1333 3316 1508 3381 praesentem
1527 3309 1700 3379 compellare,
1718 3308 1793 3364 aliud

97 3394 249 3462 airpinsm,
276 3413 367 3466 αοοιια
395 3399 478 3452 lance
501 3398 641 3467 disposita
667 3398 819 3468 cirpinah‘s
840 3398 931 3452 inohs·
958 3413 1023 3451 vero
1048 3396 1191 3466 religiose,
1221 3395 1384 3466 suppliciter
1406 3411 1439 3449 ac
1463 3394 1631 3450 fiducialiter
1656 3395 1793 3449 invocare.

97 3481 222 3535 disntiae
243 3499 299 3552 per
316 3484 485 3552 virginalem
502 3485 689 3539 obedientiam
707 3492 757 3538 etc.
800 3485 854 3538 Hic
872 3484 930 3555 qui·
960 3483 1040 3537 Prius
1068 3483 1193 3538 iecerunt
1220 3483 1433 3545 Nazianzenus,
1463 3482 1608 3549 Basilius,
1629 3481 1795 3535 Ambrosius

95 3567 165 3624 libet
188 3562 277 3639 videt,
312 3587 369 3624 non
395 3571 429 3625 de
455 3570 664 3635 intercessione,
694 3572 742 3625 sed
762 3571 931 3625 redemtione
958 3576 1010 3626 etc.
1039 3569 1088 3622 scd
1119 3569 1256 3638 posterius
1284 3567 1392 3621 faciunt
1419 3566 1567 3622 Pontificii.
1602 3566 1739 3622 Concedit
1764 3566 1794 3620 id

94 3655 241 3711 Irenaeum
267 3673 359 3728 agere.
389 3657 495 3721 Quodsi
519 3673 585 3728 crgo
610 3657 639 3711 in
656 3657 748 3712 verbis
767 3658 855 3722 ipsius
875 3657 928 3710 vim
959 3655 1160 3725 quodammodo
1190 3654 1248 3723 ipse
1275 3652 1477 3717 Bellarminus,
1510 3652 1621 3724 quando
1649 3652 1684 3708 de
1708 3658 1793 3708 sanct.

94 3742 187 3798 facem
205 3741 331 3807 velimus,
360 3759 532 3814 consequens
548 3743 641 3811 fuerit,
660 3743 777 3797 Mariam
799 3760 858 3797 esse
876 3758 930 3796 me·
959 3740 1055 3797 beatit.
1085 3757 1146 3809 cap.
1169 3745 1208 3796 tu.
1235 3736 1264 3813 ξ.
1289 3743 1332 3795 lt.
1356 3737 1397 3795 sic
1415 3739 1524 3794 scribit:
1547 3741 1641 3794 Porro
1660 3740 1795 3793 Brentiua

96 3827 240 3883 diatricem
257 3828 332 3883 Evae
349 3846 404 3884 non
425 3836 533 3883 tantum
551 3829 765 3895 intercessionis,
784 3830 928 3883 sedetiam
959 3844 1021 3896 cap.
1040 3830 1081 3882 24.
1105 3827 1181 3890 conf.
1205 3825 1336 3881 Wirtenh.
1360 3826 1455 3879 amnia
1472 3835 1591 3880 conatur
1608 3827 1722 3882 eludam
1742 3843 1795 3894 per

96 3913 275 3970 redemtionis
294 3921 430 3985 respectu.
469 3914 524 3969 Sed
542 3915 565 3969 si
585 3932 698 3985 scopum
717 3916 826 3970 irenaei
846 3915 929 3985 respi-
952 3917 1076 3983 flpuram
1090 3913 1324 3983 mosapopoaiae.
1359 3912 1442 3966 Dicit
1461 3915 1542 3982 enim,
1563 3922 1661 3984 patres
1680 3912 1710 3966 in
1727 3929 1793 3966 con·

95 4016 158 4056 cere
184 4000 314 4069 velimus,
335 4001 512 4055 manifestum
532 4001 595 4068 erit,
617 4001 692 4071 quod
710 4001 826 4055 hiarium
851 4009 931 4056 vocet
958 4001 1083 4054 cionihus
1113 4001 1243 4053 invocare
1269 3999 1368 4053 solitos
1398 4016 1457 4053 esse
1483 4001 1596 4054 nomina
1613 4007 1793 4066 mortuorum,

95 4087 173 4142 Evae
195 4088 359 4143 advocatam
393 4104 427 4141 eo
453 4103 536 4142 sensu
568 4104 601 4142 ac
626 4096 770 4158 respectu,
801 4089 867 4161 quia
902 4089 931 4142 in
958 4104 992 4140 αο
1017 4087 1046 4140 si
1069 4087 1208 4153 virerent,
1232 4086 1304 4139 sicut
1321 4086 1465 4139 interdum
1484 4086 1559 4139 inter
1576 4086 1793 4139 declamandum

96 4174 225 4247 virginali
253 4191 304 4228 suo
328 4179 406 4228 utero
427 4174 555 4245 concepit
573 4181 600 4230 et
620 4174 649 4229 in
666 4175 757 4230 lucem
777 4176 865 4229 edidit
885 4192 931 4246 gc·
957 4174 1130 4242 alloquimur
1149 4173 1255 4226 coelum
1273 4171 1318 4225 asi
1336 4181 1442 4225 tsrrom
1460 4172 1505 4225 ael
1524 4179 1648 4225 manuos
1660 4171 1794 4242 homines,

97 4261 170 4316 neris
192 4260 306 4315 humani
325 4261 515 4330 redemtorem,
533 4278 583 4331 per
603 4279 684 4332 quem
704 4268 851 4331 peccatum
870 4279 932 4333 pro·
959 4277 1028 4329 quos
1045 4266 1102 4312 tum
1122 4267 1195 4312 certa
1212 4258 1315 4312 ιοίιαιιι
1332 4275 1388 4311 non
1406 4257 1520 4313 audire.
1557 4258 1597 4310 At
1614 4256 1665 4311 hoo
1676 4258 1794 4325 figmen-

95 4346 279 4418 toplastorum
290 4345 505 4417 fnitexpiatum,
524 4347 732 4418 sicqucbonum
743 4347 864 4402 humano
884 4365 931 4420 ge·
959 4354 1016 4399 tum
1041 4345 1173 4414 inprimis
1199 4345 1227 4398 si
1249 4344 1339 4398 ullum
1361 4344 1476 4398 haberet
1501 4344 1608 4412 lacum,
1636 4344 1727 4397 soleam
1744 4345 1793 4398 ha·

96 4432 156 4487 neri
179 4450 230 4503 per
249 4432 354 4488 Mariae
380 4433 561 4488 ministerium
590 4432 705 4487 allatum
722 4432 839 4503 opponit
858 4434 931 4488 malo
960 4432 1034 4486 heret
1061 4430 1091 4485 in
1112 4430 1276 4485 testimoniis
1295 4429 1405 4483 Basriii
1430 4437 1456 4482 et
1477 4429 1654 4483 Nazianreni
1682 4437 1709 4484 st
1728 4448 1794 4502 puo-

95 4536 146 4591 per
163 4519 410 4591 musgressionem
429 4520 505 4575 Evae
525 4519 613 4574 eidem
631 4519 839 4590 superinducto.
877 4520 932 4577 Ne·
958 4518 1081 4571 rundam
1104 4517 1239 4579 aliarum,
1270 4516 1322 4585 qui
1341 4514 1415 4568 inter
1441 4514 1665 4569 concionandum
1681 4524 1794 4572 sanatos

97 4622 236 4677 quaquam
260 4622 325 4660 vero
355 4608 522 4660 advocatam
547 4611 628 4660 vocat
653 4604 705 4659 hoc
729 4622 826 4676 sensu,
857 4607 931 4678 quod
959 4605 1123 4658 invocarunt
1150 4609 1203 4658 etc.
1249 4602 1347 4672 Neque
1371 4617 1435 4655 vero
1464 4600 1522 4657 ulla
1552 4601 1677 4656 veritatis
1701 4603 1794 4673 specie

98 4707 153 4746 una
172 4708 236 4745 enm
256 4690 366 4746 Christo
386 4690 469 4745 unico
486 4690 638 4746 mediatore
657 4697 750 4761 partes
767 4692 850 4748 hasce
869 4711 931 4763 pro·
959 4691 1011 4745 hoc
1035 4690 1132 4761 negari
1150 4694 1255 4760 potest,
1280 4705 1342 4743 cum
1362 4687 1437 4758 apud
1454 4695 1561 4742 veteres
1583 4687 1667 4760 hujus
1687 4689 1793 4762 figurae

97 4776 253 4849 pitiatorias
285 4777 322 4830 ad
348 4793 378 4831 se
400 4777 574 4831 transtulerit
597 4793 630 4831 ac
661 4777 777 4847 proinde
804 4778 932 4850 religiose
964 4777 1096 4834 sermonis
1123 4775 1241 4846 piurima
1264 4779 1411 4830 occurrant
1436 4774 1568 4844 exempla.
1595 4774 1747 4846 Dionysius
1765 4775 1793 4829 in

97 4881 114 4918 a
143 4863 224 4918 nobis
251 4861 394 4917 adoranda
425 4862 467 4916 sit.
523 4862 557 4917 ln
590 4862 699 4918 Graeco
729 4868 806 4918 textu
836 4868 933 4935 procul
958 4863 1093 4923 hierarch.
1113 4863 1180 4920 eccl.
1197 4878 1257 4931 cap.
1279 4867 1303 4918 3.
1320 4877 1429 4916 sacrum
1448 4877 1551 4916 coenae
1567 4863 1732 4932 mysterium
1751 4861 1791 4916 sic

100 4949 186 5005 dubio
205 4949 259 5003 init
276 4966 375 5004 nomeu
391 4950 575 5027 παράκλητος,
594 4950 669 5021 quod
688 4957 716 5005 et
728 4952 894 5006 advocatum
908 4962 933 5006 et
959 4951 1057 5007 adorat
1075 4956 1103 5006 et
1120 4956 1282 5004 veneratur:
1304 4948 1328 5002 0
1348 4948 1472 5001 <licinum
1485 4949 1601 5017 penitus
1617 4956 1796 5017 caenumque

98 5037 303 5093 consolatorem
315 5035 462 5107 significat,
480 5045 513 5092 ut
530 5037 682 5104 sitiemus,
700 5037 932 5107 quemadmodum
961 5038 1135 5107 mysterium,
1170 5037 1289 5090 obducta
1317 5035 1369 5088 tihi
1390 5052 1446 5104 per
1476 5035 1560 5105 ripna
1587 5034 1795 5101 obscuritatum,

98 5122 160 5177 Eva
177 5122 272 5193 generi
292 5122 413 5178 humano
431 5122 485 5177 tuit
502 5123 531 5177 in
548 5122 671 5189 exitium,
690 5123 730 5177 ita
744 5122 776 5177 Β.
789 5123 932 5196 Virginem
945 5091 949 5155 1
961 5123 1046 5195 quasi
1063 5124 1126 5177 aeia
1144 5130 1170 5178 et
1189 5124 1386 5193 intepumenta,
1412 5120 1565 5189 patefacta
1581 5121 1731 5189 perspicue
1746 5137 1795 5173 no·

100 5209 190 5265 eidem
213 5208 300 5264 fuisse
318 5210 347 5264 in
366 5209 506 5275 solatium,
530 5215 666 5279 quatenus
685 5208 827 5263 Christum
846 5211 934 5265 omnis
961 5213 1003 5265 his
1026 5210 1139 5266 οιιοαάι
1164 5208 1317 5279 mentisque
1345 5215 1459 5261 nostras
1486 5207 1582 5260 oculos
1604 5206 1749 5274 ainpulari
1770 5213 1796 5258 et

101 5294 194 5350 eolatii
218 5294 324 5351 fontem
345 5294 375 5349 in
393 5294 522 5367 virginali
539 5312 589 5350 suo
607 5300 686 5348 utero
704 5295 840 5365 concepit
864 5296 934 5351 Con·
962 5297 1122 5353 clarissima
1148 5294 1209 5349 luce
1228 5295 1337 5363 ohteps,
1362 5291 1484 5364 inques
1505 5290 1591 5346 verba
1609 5290 1794 5361 Pachymeres

100 5382 142 5438 ier
167 5380 320 5436 Gallesium
355 5383 384 5439 in
415 5382 488 5438 notis
526 5382 563 5437 ad
599 5381 744 5437 Irenaeum
781 5399 845 5454 pag.
876 5388 935 5440 399.
962 5383 1086 5439 Graecus
1103 5379 1264 5436 scholiastes
1282 5378 1323 5433 sic
1341 5382 1557 5434 commentatur:
1584 5377 1702 5446 Apatur
1719 5375 1796 5429 illuct

101 5473 127 5525 8.
147 5469 266 5523 Eusetii
290 5469 431 5524 Emisseni
447 5469 635 5527 testimonium
654 5468 716 5524 libr.
732 5473 769 5524 13.
788 5470 823 5524 de
840 5486 934 5541 praep.
962 5478 1094 5541 tanquam
1113 5484 1172 5520 rem
1191 5467 1354 5536 animatam,
1373 5472 1400 5520 st
1424 5465 1537 5534 merito,
1561 5463 1795 5534 quemadmodum

100 5570 199 5636 evang.
213 5552 418 5635 reputabat.
431 5555 697 5629 vsng'uspuuntii
710 5559 752 5612 est
765 5562 934 5628 corruptum.
963 5563 989 5613 st
1016 5553 1158 5623 mselopus
1176 5568 1292 5623 mapnus
1314 5550 1473 5624 θιαροτίιιι
1494 5552 1548 5607 ait.
1574 5551 1750 5621 Omapnum
1769 5556 1796 5604 st
