4104 6014
241 319 303 377 328
833 299 955 358 locus
973 295 1181 355 vlcusmtts
1199 297 1347 356 SEXTUS

242 483 299 535 osea
316 467 443 533 deamat,
470 482 541 517 untes
559 463 632 516 enim
651 463 746 522 Dosse,
766 474 838 512 uuus
856 455 995 511 mediator
1017 450 1075 504 Dei
1101 450 1224 522 litatem,
1251 460 1325 507 certe
1349 454 1394 508 uir
1411 455 1509 523 justus
1532 460 1592 506 erat
1615 459 1641 504 et
1667 467 1800 520 mapnus,
1827 448 1878 518 qui
1901 450 1938 502 de

243 563 270 608 et
289 553 437 651 lominum,
454 552 535 649 bomo
559 548 686 608 Christus
703 547 795 599 Jeem
834 541 957 596 Ibidem:
972 539 1074 639 Homi-
1097 546 1210 607 perure
1235 539 1356 593 Domini
1378 539 1573 607 mysteriorum
1597 544 1705 591 secreto
1728 535 1850 599 bibebat,
1879 534 1939 602 tlte,

242 727 316 793 suis,
341 740 399 793 pro
423 740 477 791 orso
503 729 596 774 αιιιιιι
621 720 717 773 nullus
740 715 917 785 interpellat,
947 715 998 766 sed
1016 710 1076 780 ipae
1101 712 1231 768 ructavit.
1268 712 1306 767 In
1329 713 1474 782 principio
1507 721 1568 765 erat
1600 711 1732 777 Verbum,
1762 715 1788 762 et
1821 709 1938 763 Verbum

242 830 299 882 pro
325 810 460 877 omnibus,
479 808 524 862 bic
543 825 616 860 unus
634 821 769 873 remaque
788 803 928 856 mediator
946 807 995 853 ιιι.
1012 796 1076 866 (Ει-
1105 806 1170 852 erut
1194 801 1275 868 apud
1292 801 1394 854 Deum.
1430 799 1487 853 Ille
1511 799 1578 851 talis
1601 797 1646 851 uir
1668 815 1724 852 non
1746 796 1828 861 dicit,
1852 797 1938 851 adeo·

241 897 310 968 cipit
327 895 509 951 Bellarminus
528 910 587 964 cap.
609 898 651 948 20.
673 907 744 963 resp.
766 888 848 944 adu.
890 884 1076 955 Aupustinnm
1103 892 1196 937 catum
1214 885 1321 939 bebetis
1338 887 1419 955 apud
1436 886 1559 952 Patrem,
1578 885 1630 938 sed
1647 882 1674 937 si
1690 883 1754 952 quis
1768 882 1939 952 peccauerit,

242 985 323 1052 loqui
345 985 381 1036 de
404 982 560 1035 mediatore
584 977 767 1033 redemtionis
791 994 826 1029 ac
845 974 986 1028 Christum
1011 969 1077 1024 isleo
1104 972 1271 1024 aduocatum
1288 971 1428 1038 babemus,
1448 971 1547 1041 inquit,
1563 986 1622 1022 noa
1640 969 1713 1023 dicit
1730 969 1846 1022 lrabetis
1879 969 1939 1022 Nee

242 1087 344 1124 vocare
368 1087 454 1122 renum
477 1067 674 1132 mediatorem,
703 1064 772 1133 quia
796 1047 883 1116 solues
900 1061 942 1115 ita
967 1066 1006 1112 ert
1024 1073 1077 1110 me·
1104 1071 1147 1110 me
1169 1056 1278 1111 babetis
1303 1059 1377 1112 diets
1394 1074 1444 1112 nec
1462 1059 1555 1127 ipsum
1574 1056 1714 1110 Cimbtum
1732 1056 1840 1110 habetis
1858 1054 1940 1120 ateis,

243 1155 351 1222 diator,
382 1163 412 1208 ut
437 1171 493 1206 nan
520 1152 648 1222 indipeat
673 1151 733 1204 alio
753 1151 919 1203 mediatore.
952 1145 1078 1214 Respon·
1103 1144 1156 1196 sed
1176 1151 1202 1196 et
1221 1141 1361 1197 C'ltristum
1380 1144 1493 1213 poterit,
1517 1161 1573 1198 non
1589 1159 1635 1208 ιι,
1662 1151 1689 1196 ιι
1705 1142 1836 1196 tutemus
1857 1141 1939 1206 dizit,

244 1243 356 1297 demus:
383 1241 443 1295 Imo
460 1255 525 1294 vero
543 1238 573 1292 in
591 1253 692 1310 genere
709 1243 807 1308 negat,
833 1251 894 1290 esse
911 1232 1004 1304 plures
1023 1245 1078 1284 me·
1104 1247 1160 1283 non
1188 1229 1302 1285 ιαιιιίι.
1340 1230 1448 1284 Maluit
1474 1248 1504 1284 ss
1518 1247 1625 1300 ponere
1642 1231 1673 1283 in
1699 1245 1813 1283 numero
1838 1245 1939 1298 pecca·

244 1330 375 1396 diatones,
399 1343 433 1381 aa
459 1325 586 1396 disputat
613 1330 710 1380 conns
734 1339 794 1387 eos,
814 1321 861 1393 qui
878 1320 1034 1376 iohannem
1051 1322 1079 1372 et
1104 1322 1203 1385 torum,
1220 1323 1251 1369 ut
1268 1317 1383 1370 baberet
1395 1319 1562 1371 weocamm
1571 1315 1720 1380 Obristum,
1738 1332 1822 1384 quam
1833 1331 1939 1384 ponere

243 1415 363 1469 Paulum
388 1412 528 1467 vocabant
550 1409 721 1465 mediatores.
756 1408 796 1463 At
820 1423 901 1462 nemo
926 1411 994 1460 tunc
1016 1403 1079 1459 illos
1104 1417 1134 1454 se
1157 1419 1213 1471 pra
1242 1401 1355 1458 Cbristo
1383 1404 1558 1458 adnomtum.
1602 1401 1703 1458 Confer
1731 1407 1812 1460 aaut
1840 1406 1882 1457 22.
1912 1399 1941 1453 in

246 1501 344 1556 babuit
370 1516 422 1569 pro
447 1494 645 1554 mediatoribus
664 1493 857 1558 redemtionis,
883 1491 931 1547 sed
951 1506 1002 1561 pro
1023 1505 1078 1544 me·
1105 1486 1171 1542 Joh.
1193 1502 1245 1542 ser.
1265 1493 1306 1543 55.
1332 1488 1367 1544 de
1391 1487 1467 1544 verb.
1494 1488 1575 1543 Dom.
1598 1493 1627 1542 st
1646 1488 1807 1544 Anselmum
1832 1487 1861 1542 in
1885 1503 1941 1542 ma·
1954 1502 2034 1544 xvuu

247 1587 399 1643 diatoribus
427 1582 633 1639 intercessionis
659 1581 772 1652 quidam
803 1596 849 1634 eos
873 1578 1008 1631 honorare
1033 1592 1079 1629 vo·
1106 1571 1297 1643 ditationibus,
1315 1574 1521 1629 Theodoretum
1540 1574 1611 1633 inl.
1630 1574 1746 1631 Timr.

246 1675 370 1740 luerunt,
392 1687 509 1742 quorum
533 1684 652 1723 errorem
672 1664 818 1737 improbat.
856 1663 1008 1719 Testautur
1027 1658 1079 1715 hoc

247 1760 336 1830 ipsum
362 1757 467 1811 diserta
484 1753 635 1826 Augustini
653 1751 752 1817 verba,
781 1752 856 1823 qnod
877 1750 912 1804 de
928 1748 1080 1803 mediatore
1141 1751 1201 1802 tet.
1241 1744 1353 1801 Sextum
1371 1745 1486 1802 classem
1504 1745 1710 1818 assignabimus
1728 1746 1810 1802 dictis
1828 1746 1893 1816 illis,
1913 1746 2047 1804 insuere

246 1843 450 1900 intercessionis
471 1848 552 1914 agat,
578 1841 619 1896 sic
644 1839 716 1896 enim
742 1837 851 1894 scribit:
880 1837 914 1891 Si
934 1834 1080 1888 dobannes
1107 1831 1207 1903 quibus
1228 1833 1344 1902 docent,
1363 1833 1417 1904 piis
1434 1835 1469 1887 ad
1490 1834 1581 1889 Deum
1599 1841 1627 1890 et
1643 1833 1823 1890 Christum'
1802 1852 1862 1891 stne
1879 1806 1990 1898 aliis-u
1956 1817 2046 1901 ,piem

247 1935 365 1999 ἀίιιιιι,
392 1930 575 1984 mediatorem
595 1944 638 1982 ms
659 1927 766 1981 iubetis
785 1926 866 1994 apud
884 1924 1013 1985 Putrem,
1032 1936 1080 1988 eno
1106 1918 1332 1974 intercessoribus
1361 1918 1550 1975 immediatum
1583 1926 1678 1991 patere
1709 1936 1865 1990 ιιιιιιιιιιι,
1906 1938 1940 1977 ax
1956 1915 2048 2012 mhi

247 2035 332 2074 ssoro
347 2013 539 2088 propeccatis
553 2014 668 2078 uestris
690 2014 752 2083 quis
770 2028 832 2065 eum
850 2010 959 2077 ferreti
991 2007 1081 2061 Verba
1108 2021 1163 2075 quo
1188 2020 1360 2078 consequens
1386 2012 1442 2076 est,
1464 2006 1689 2063 intercessionem
1707 2013 1866 2063 saucmrum
1885 2025 1942 2063 non

247 2106 314 2174 illo,
337 2121 395 2173 pro
413 2118 467 2171 quo
485 2101 582 2154 nulius
601 2099 777 2170 interpellat,
803 2097 884 2150 sed
872 2111 932 2165 spse
947 2111 1004 2166 pra
1023 2110 1082 2146 om-
1107 2090 1264 2146 necessario
1288 2090 1316 2145 in
1341 2091 1472 2162 precibus
1496 2094 1597 2148 noenu
1621 2093 1734 2166 requiri.
1775 2093 1942 2150 Ambrosius

247 2192 327 2244 nibus
354 2189 399 2243 bic
422 2205 496 2242 unus
522 2204 658 2256 uerusque
684 2185 826 2238 mediator
852 2188 906 2246 ιιι,
934 2196 991 2234 nou
1018 2184 1082 2233 sunt
1108 2177 1137 2231 in
1164 2193 1263 2232 comm.
1282 2177 1398 2237 Roman.
1426 2185 1448 2235 l.
1475 2184 1541 2234 tom.
1568 2186 1591 2237 5.
1615 2179 1663 2236 tol.
1683 2185 1747 2237 stt:
1776 2181 1827 2235 Ad
1849 2182 1944 2236 Deum

246 2277 414 2342 limitatiea,
441 2274 521 2347 quasi
539 2272 666 2327 Christus
694 2286 730 2326 ea
754 2270 889 2324 duntaxat
917 2265 1023 2321 ratione
1046 2265 1082 2319 sit
1107 2264 1298 2334 suffruuutore
1335 2284 1391 2318 non
1427 2272 1469 2319 est
1505 2284 1591 2335 opus,
1623 2269 1675 2320 sed
1712 2274 1802 2320 mente
1832 2270 1944 2322 ιιιιοια.

247 2371 275 2420 ιι
299 2363 408 2418 dicatur
430 2361 504 2416 solus
528 2358 677 2425 mediator,
704 2355 771 2428 quia
795 2372 845 2426 pro
870 2353 998 2408 omnibus
1020 2353 1081 2424 ipse
1108 2349 1323 2420 chrysostomus
1342 2351 1371 2405 in
1389 2351 1483 2408 homil.
1504 2353 1539 2408 de
1550 2353 1678 2423 profectu
1689 2353 1827 2425 evangelii
1839 2359 1906 2413 tom.
1919 2362 1944 2411 ι.

246 2449 406 2520 interpellat
430 2454 458 2503 et
474 2446 567 2501 nullus
583 2462 634 2515 pro
653 2461 700 2511 ιο,
722 2442 771 2498 sed
789 2445 855 2497 sunt
870 2440 1080 2506 ratiocinativa,
1107 2436 1155 2492 fol
1182 2440 1248 2493 428:
1280 2438 1330 2492 Vis
1352 2438 1475 2505 ἀιιιιιι,
1504 2441 1581 2510 quod
1607 2440 1692 2493 etiam
1711 2456 1769 2510 per
1794 2459 1846 2496 nos
1867 2443 1946 2513 ι’ριοι

247 2537 390 2592 Christum
413 2534 471 2590 scil
497 2533 564 2588 inde
587 2536 672 2603 atque
698 2530 760 2585 ideo
787 2544 848 2585 esse
867 2526 957 2583 solum
975 2534 1004 2582 et
1021 2525 1081 2580 uni·
1109 2531 1222 2577 arantes
1236 2525 1305 2594 plus
1324 2527 1405 2594 apud
1424 2527 1518 2579 Deum
1538 2525 1682 2596 efficimus,
1702 2544 1786 2597 quam
1806 2529 1873 2582 dum
1891 2529 1947 2584 alii

248 2641 310 2680 cum
330 2620 509 2676 mediatorem
527 2624 587 2673 tum
604 2615 782 2672 redemtionis
795 2621 855 2671 tum
866 2612 1081 2675 intercessionis,
1104 2611 1257 2682 pronubis
1277 2615 1380 2667 oranti
1398 2611 1538 2666 Clamauit
1552 2612 1707 2668 Cananaea
1727 2622 1753 2668 et
1766 2624 1942 2672 mutarerunt

248 2709 315 2781 quia
338 2709 398 2778 ipse
424 2705 499 2760 solus
522 2719 574 2775 pro
599 2701 728 2757 omnibus
747 2700 912 2772 interpellat
949 2697 1082 2765 Quamvis
1109 2697 1256 2766 stampati,
1276 2705 1303 2752 et
1316 2699 1358 2753 ad
1373 2698 1441 2753 illos
1457 2699 1570 2768 quidem
1581 2700 1671 2755 aute.-
1690 2702 1831 2756 Nonsum
1844 2703 1946 2758 missus

249 2795 322 2852 enim
348 2791 497 2849 Christiani
523 2805 585 2845 sese
615 2787 734 2843 invicem
761 2787 955 2842 commendent
982 2784 1082 2841 oratio·
1109 2785 1166 2838 nisi
1182 2785 1225 2838 ad
1233 2785 1368 2855 perditas
1386 2802 1450 2841 oues
1462 2788 1562 2842 domus
1573 2787 1677 2845 Israd.
1717 2786 1837 2850 Quando
1851 2797 1946 2844 ιιιιιιιι

249 2880 331 2935 uibus
348 2878 420 2949 suis,
441 2883 534 2932 mmeu
553 2892 609 2930 non
626 2880 692 2928 sunt
709 2873 762 2929 sibi
782 2873 901 2928 invicem
919 2871 1083 2928 mediatores
1109 2871 1229 2942 ipsamet
1256 2873 1387 2942 ιιιιιιιι,
1419 2881 1484 2927 tunc
1512 2874 1672 2934 beneficium
1711 2876 1798 2932 dedit.
1850 2877 1945 2946 Vides,

249 2965 468 3032 intercessionis,
487 2963 536 3018 sed
554 2961 601 3016 hic
621 2958 707 3015 honor
727 2959 778 3015 soli
798 2959 909 3015 Christo
926 2958 1081 3030 relinquen·
1110 2960 1248 3028 utromodo
1279 2959 1391 3029 repulit,
1418 2978 1480 3014 cum
1509 2960 1564 3013 alii
1581 2969 1783 3029 precarentur,
1811 2964 1861 3017 ubi
1877 2980 1945 3017 aera

250 3054 316 3121 dus,
346 3053 375 3106 id
400 3050 473 3123 quod
500 3065 535 3104 ex
557 3047 619 3102 aliis
642 3045 794 3117 Augustini
817 3045 897 3100 dictis
919 3045 972 3100 erit
997 3044 1082 3099 muni·
1109 3044 1230 3114 meamet
1252 3062 1338 3099 orans
1357 3045 1498 3114 clamauit,
1522 3047 1630 3100 annuit.
1675 3046 1743 3102 Cum
1761 3049 1830 3104 baec
1849 3051 1945 3104 omnia

249 3140 366 3206 festius.)
395 3139 424 3193 in
454 3153 546 3192 enam.
574 3140 598 3191 t.
624 3133 728 3189 Psalm.
756 3139 804 3190 ιιι
834 3133 950 3187 Dictum
978 3140 1020 3186 ιιι
1048 3132 1084 3184 ab
1109 3148 1165 3185 non
1189 3131 1361 3200 ipnorensus,
1393 3132 1459 3186 licat
1476 3140 1641 3202 peccatores
1666 3134 1753 3188 simas
1779 3143 1806 3189 et
1823 3136 1945 3206 indipni,

250 3227 380 3296 apostolo
405 3225 490 3279 etiam
521 3229 589 3294 post
606 3221 838 3275 resurrectionem
857 3218 978 3273 Domini
993 3219 1085 3272 nostri
1110 3218 1175 3272 licet
1200 3217 1256 3272 sali
1279 3218 1365 3272 simus
1389 3227 1416 3272 et
1438 3221 1670 3274 intercessoribus
1693 3238 1855 3293 careamus,
1887 3242 1945 3278 non

249 3314 321 3366 Jesu
341 3311 457 3380 Cbristi,
475 3310 525 3379 qui
540 3310 618 3362 sedet
635 3309 677 3362 ad
695 3310 823 3361 deutrum
842 3305 908 3370 Dei,
930 3305 981 3374 qui
1000 3305 1083 3358 etiam
1111 3305 1337 3374 despondeamus
1378 3306 1509 3359 animum.
1557 3305 1680 3362 Ibidem:
1725 3308 1853 3362 Ceterum
1887 3327 1946 3364 non

251 3399 414 3469 interpellat
429 3415 486 3468 pro
503 3396 591 3452 nebu.
632 3394 723 3467 Quare
743 3391 906 3462 interpellat
914 3391 1084 3460 pronubis!
1111 3408 1182 3461 opus
1202 3397 1241 3444 est
1255 3391 1390 3461 patronis
1410 3395 1491 3462 apud
1503 3395 1605 3462 Deum,
1624 3410 1712 3464 neque
1730 3395 1790 3448 ullo
1804 3396 1946 3467 discmu,

251 3486 319 3554 quia
344 3484 484 3538 mediator
507 3499 566 3536 esse
590 3481 724 3551 dienatm
742 3488 791 3536 est.
832 3480 909 3543 Quid
924 3487 964 3533 est
979 3479 1083 3532 media·
1110 3485 1140 3530 ut
1166 3476 1317 3530 biandiare
1339 3478 1420 3544 aliis,
1449 3481 1502 3532 sed
1523 3480 1588 3533 licct
1611 3480 1689 3535 solus
1713 3482 1753 3534 ιιι
1768 3491 1947 3553 patronoque

253 3581 341 3626 torem
367 3586 426 3624 esse
449 3569 523 3623 inter
539 3571 632 3622 Deum
651 3573 677 3621 ιι
691 3567 838 3620 borsines!
866 3584 921 3620 non
939 3566 1013 3619 inter
1027 3565 1085 3618 Pa·
1112 3579 1211 3618 careas
1237 3571 1263 3617 et
1285 3581 1341 3634 per
1367 3572 1393 3617 te
1423 3566 1516 3633 ipsum
1539 3568 1633 3620 Deum
1654 3569 1798 3637 maenis,
1833 3571 1947 3625 omnino

255 3666 325 3712 ιιιιιι
355 3664 380 3710 et
410 3655 548 3722 homines,
583 3656 635 3707 sed
665 3654 738 3707 inter
770 3655 863 3707 Deum
896 3660 922 3706 et
952 3652 1083 3706 homines.
1111 3658 1204 3704 tamen
1228 3650 1287 3704 uoti
1313 3667 1425 3721 compos
1451 3653 1516 3707 eris.
1552 3655 1650 3722 Neque
1678 3654 1751 3707 enim
1773 3637 1830 3708 tans
1854 3649 1946 3720 facile

255 3743 331 3814 Quid
348 3750 389 3796 ιιι
408 3742 509 3795 Dosse!
536 3741 637 3806 Pater,
664 3739 758 3794 lilirss
776 3747 802 3794 et
820 3739 946 3808 Spiritus
963 3745 1084 3793 sancitis.
1114 3738 1192 3790 Deus
1218 3737 1333 3801 annuit,
1361 3754 1422 3790 cum
1447 3738 1502 3791 alii
1522 3757 1579 3808 pro
1606 3740 1686 3793 nobis
1710 3748 1806 3805 orant,
1829 3749 1861 3794 ut
1883 3759 1946 3796 cum

255 3826 333 3893 stid
358 3834 422 3881 sunt
447 3825 591 3880 homines!
622 3831 797 3893 peccatores,
826 3825 916 3893 impii,
942 3825 1084 3882 mortales.
1112 3825 1223 3894 r'psimet
1240 3839 1361 3889 mamus,
1387 3825 1497 3878 etiamsi
1511 3824 1645 3894 plrsrimis
1653 3826 1842 3896 plenisumus
1852 3828 1945 3882 mulsi.

253 3916 335 3973 luter
365 3913 448 3968 illam
476 3911 643 3965 Trinitatem
671 3917 698 3964 et
728 3910 867 3964 botninum
896 3911 1086 3975 infimitatem
1111 3909 1184 3964 hom.
1202 3916 1227 3966 b.
1247 3909 1276 3963 in
1290 3908 1401 3967 Mosen:
1424 3910 1458 3964 st
1476 3920 1563 3965 mente
1581 3912 1736 3983 uiuamus,
1753 3914 1840 3968 multo
1854 3915 1945 3985 mapis

256 4009 282 4058 et
317 3999 495 4069 iniquitatem
529 3997 669 4051 mediator
706 3997 804 4060 factus
839 4006 880 4050 est
907 3997 997 4061 bomo,
1030 4015 1087 4052 non
1110 4002 1208 4050 nostro
1235 4012 1319 4065 quam
1349 3995 1443 4049 alieno
1471 3997 1526 4050 tuti
1547 4014 1605 4051 esse
1627 4015 1776 4069 passumus
1796 4001 1944 4069 suffrapio.

253 4089 380 4159 iniquus,
420 4088 473 4140 sed
505 4091 598 4138 tamen
629 4083 770 4152 infirmus,
806 4089 836 4136 ut
864 4100 897 4136 ee
928 4099 973 4152 eo,
1011 4088 1088 4154 prod
1111 4083 1188 4135 Nam
1211 4090 1239 4135 et
1257 4083 1339 4136 Deus
1363 4083 1482 4136 salutem
1506 4091 1633 4139 nostram
1651 4102 1707 4138 non
1726 4092 1783 4138 tam
1802 4086 1871 4139 aliis
1887 4106 1944 4155 pro

253 4193 307 4231 non
326 4175 448 4243 iniquus,
465 4172 593 4239 imperet
612 4176 637 4222 te
654 4170 731 4234 Deo,·
749 4185 781 4221 en
801 4185 841 4239 eo,
860 4170 937 4239 quod
950 4169 1087 4235 infimus,
1111 4169 1191 4223 nobis
1206 4169 1370 4239 rorantibus
1387 4170 1447 4223 uult
1465 4171 1574 4224 donare
1590 4188 1675 4239 quam
1686 4172 1773 4226 nobis.
1807 4173 1856 4227 Sic
1870 4173 1943 4227 enim

247 4261 457 4330 propinquaret
466 4256 525 4325 tibi,
535 4264 617 4323 atque
630 4255 671 4309 ita
683 4255 795 4308 utinter
805 4257 900 4308 Deum
912 4257 1085 4310 etbominem
1111 4264 1136 4310 et
1154 4255 1336 4310 Cananaeam
1353 4256 1434 4310 illam
1455 4257 1604 4311 miseratus
1624 4266 1676 4326 est,
1693 4259 1735 4312 sic
1752 4259 1837 4312 etiam
1856 4276 1943 4314 mere·

252 4349 391 4401 mediator
417 4344 566 4399 easisteret.
609 4342 725 4396 Verbum
746 4358 815 4396 caro
840 4344 950 4406 factam
972 4350 1028 4411 cst,
1052 4345 1086 4397 id
1111 4344 1178 4398 trici
1199 4343 1314 4397 donauit
1331 4345 1437 4410 fidem,
1459 4343 1501 4397 sic
1527 4344 1647 4414 denique
1668 4345 1807 4398 latronem
1824 4363 1844 4399 a
1860 4364 1942 4401 cruce

253 4441 302 4501 ιιι,
327 4432 445 4485 Verbum
468 4431 548 4485 boma
560 4429 676 4496 sactum
704 4436 752 4482 cst.
789 4430 839 4490 (At
855 4428 924 4484 haec
941 4430 1012 4484 ratio
1029 4448 1084 4485 nou
1110 4428 1140 4483 in
1166 4430 1338 4499 paradisum
1365 4429 1511 4483 transtulit
1542 4430 1649 4484 nudius
1669 4432 1804 4499 patroni,
1835 4433 1944 4486 nulline

252 4517 382 4574 convenit
419 4516 535 4581 sanctis,
574 4515 622 4570 sed
659 4514 709 4569 soli
739 4513 870 4582 Christo.)
907 4514 936 4568 in
967 4522 1084 4573 enarrat.
1108 4516 1239 4585 precibus
1264 4517 1431 4570 mediatoris
1457 4516 1585 4580 interra.
1626 4515 1731 4570 Eadem
1757 4518 1816 4574 tere
1841 4519 1943 4589 repetit

252 4603 354 4658 Psalm.
375 4606 421 4657 ιιι
440 4603 465 4654 O
475 4600 594 4670 popule,
619 4601 704 4654 talem
726 4600 798 4668 elipe
817 4603 1005 4671 sacerdotem,
1029 4620 1084 4672 pro
1110 4603 1181 4657 hom.
1200 4608 1241 4658 lt.
1268 4602 1297 4656 in
1316 4601 1386 4659 Gen.
1411 4603 1440 4656 in
1458 4602 1576 4672 praefat.
1595 4602 1697 4659 Psalm.
1718 4610 1740 4659 t.
1764 4603 1839 4663 bom.
1858 4612 1882 4662 4.
1908 4606 1944 4662 de

253 4708 307 4761 quo
327 4705 383 4742 non
400 4687 513 4755 caparis
533 4703 632 4754 orare,
661 4688 713 4739 sed
733 4688 768 4740 de
789 4688 870 4757 cujus
888 4687 1014 4742 orations
1029 4707 1085 4759 pro
1111 4689 1213 4760 poenit.
1239 4695 1268 4745 et
1292 4689 1321 4744 iu
1337 4689 1410 4743 hom.
1432 4695 1472 4744 12.
1492 4689 1527 4743 de
1547 4689 1662 4744 muliere
1680 4689 1829 4747 Cananaea
1847 4692 1946 4749 scribit

253 4786 280 4831 te
304 4792 418 4829 securus
446 4789 505 4826 esee
527 4773 630 4842 passu.
668 4773 735 4842 Ipse
758 4780 799 4826 est
823 4775 965 4828 Dominus
992 4784 1085 4830 noster
1110 4780 1173 4831 tom.
1199 4782 1222 4832 2.
1245 4775 1292 4832 iol.
1313 4781 1361 4832 38:
1394 4776 1464 4830 Vide
1485 4777 1671 4846 prudentiam
1694 4779 1831 4832 mulieris.
1875 4782 1943 4835 Non

253 4865 337 4918 Jesus
365 4859 507 4926 Christus,
532 4875 605 4911 unus
630 4859 770 4913 mediator
796 4860 857 4913 Dei
881 4868 907 4914 et
934 4861 1083 4918 bominum.
1110 4871 1191 4931 repat
1219 4863 1370 4931 Jacobum,
1408 4880 1464 4915 non
1495 4863 1621 4917 obsecrat
1649 4864 1820 4931 dobannem,
1856 4883 1943 4937 nsque

253 4950 282 5004 in
298 4966 386 5005 enarr.
405 4945 505 5001 Psalm.
525 4949 572 4999 et:
598 4944 633 4997 su·
648 4947 822 4999 sacerdotem
840 4947 979 5016 requiras,
999 4966 1084 5022 super
1105 4949 1202 5018 perpit
1239 4951 1280 5002 ad
1310 4951 1443 5017 Petrum,
1478 4966 1565 5020 neque
1597 4949 1718 5004 inteuds't
1748 4953 1943 5020 apostolorum

253 5037 344 5091 coelos
361 5042 415 5102 est,
439 5030 602 5100 interpellat
616 5047 672 5099 pra
692 5039 730 5100 te,
751 5031 801 5100 qui
815 5032 845 5085 in
864 5039 942 5087 terra
960 5042 1085 5090 mortuus
1109 5037 1235 5106 eborum,
1267 5053 1321 5090 non
1350 5037 1487 5106 quaesiuit
1509 5037 1705 5107 mediatorem,
1731 5040 1783 5092 sed
1805 5056 1860 5109 pra
1884 5058 1942 5094 orn·

254 5131 293 5178 est
316 5140 373 5195 pra
399 5129 436 5177 te.
462 5118 489 5172 in
517 5117 620 5170 Psalm.
651 5121 713 5172 108:
739 5119 805 5172 Non
827 5127 866 5172 est
883 5119 966 5188 justa
992 5123 1084 5176 oratio
1109 5123 1190 5177 nibus
1208 5123 1269 5178 illis
1283 5123 1485 5192 poenitentiam
1505 5123 1610 5193 accipit
1630 5123 1770 5193 camitem,
1797 5142 1869 5196 pisae
1890 5129 1943 5181 ad·

253 5209 309 5263 nebi
321 5225 377 5278 per
395 5206 543 5262 Christum.
581 5202 680 5257 Oratio
698 5211 799 5272 autem,
821 5220 892 5275 qssae
911 5224 966 5262 uon
983 5208 1015 5273 tt
1031 5225 1085 5277 per
1107 5210 1201 5264 coemi
1225 5210 1316 5264 locum
1336 5210 1469 5281 impleut,
1498 5216 1526 5263 et
1551 5209 1594 5263 sie
1618 5210 1661 5263 ad
1682 5227 1816 5266 summum
1833 5213 1944 5279 fantem

254 5295 406 5360 Christum,
429 5311 485 5348 non
509 5292 600 5346 sotum
623 5307 678 5342 non
699 5298 791 5359 potest
815 5292 910 5345 delere
931 5303 1084 5362 peceatum,
1104 5296 1239 5367 persenit.
1275 5296 1447 5366 Propterea,
1475 5296 1578 5365 inquit,
1606 5299 1763 5366 descendit,
1790 5307 1944 5371 propterea

252 5383 408 5436 sedetiam
426 5381 490 5450 ipsa
508 5382 539 5446 fit
557 5379 587 5432 in
601 5381 755 5448 peccatum.
774 5383 854 5434 tract.
878 5384 900 5434 1.
918 5379 947 5433 in
970 5386 991 5435 t.
1004 5380 1084 5451 epist.
1108 5400 1221 5439 carnem
1246 5382 1377 5439 assumsit
1396 5389 1423 5436 et
1442 5383 1521 5437 tomo
1533 5384 1635 5452 factus
1654 5390 1709 5454 est,
1738 5392 1767 5438 ut
1784 5401 1835 5452 eqo
1853 5389 1941 5442 aude·

252 5469 318 5527 doh.
350 5484 411 5538 cap.
439 5473 468 5522 2:
502 5465 616 5529 mono,
647 5464 813 5518 aduocatum
842 5466 973 5520 babemus
1004 5471 1085 5537 apud
1107 5488 1154 5524 am
1178 5468 1227 5524 dli
1246 5469 1332 5538 loqui.
1368 5467 1490 5524 Ibidem:
1518 5468 1623 5538 Ubique
1642 5472 1723 5524 Deus
1736 5487 1873 5540 praesens
1891 5482 1943 5545 est,

252 5557 376 5610 Patrem
421 5552 516 5608 Videte
540 5552 631 5624 ipsum
648 5549 808 5604 domnam
823 5559 977 5608 sanantem
995 5553 1082 5611 tunt·
1107 5574 1163 5613 non
1186 5555 1330 5611 clauditur
1353 5556 1432 5626 loeo,
1453 5556 1595 5611 invocanti
1618 5556 1702 5623 eut,
1725 5559 1835 5615 adsum.
1876 5558 1942 5621 Ubi-
