4104 6014
215 284 273 362 ,11
828 276 948 333 nocue
966 274 1170 332 VIGESIMUS
1186 277 1333 335 sexsus

234 429 385 497 parficulss
398 431 426 485 in
445 431 560 487 diversis
579 432 646 487 loeis
665 432 819 497 monstrari,
836 438 869 487 11
882 430 1068 488 necessarium
1093 433 1201 485 ratoris
1219 439 1308 486 matre
1325 434 1438 488 inuenta
1457 436 1612 505 antiquitus
1640 437 1806 490 credebatur
1833 444 1859 488 et
1877 437 1929 488 ad·

233 513 283 584 sit,
317 516 345 569 in
375 516 445 571 loeis
475 519 664 590 compluribus
696 538 746 590 pro
775 519 900 591 reliqniis
926 517 1067 573 hominnm
1094 517 1251 572 huchodie
1277 537 1346 573 erus
1373 523 1471 575 eadem
1489 522 1696 590 Hierosolymis
1716 522 1928 586 neceruditur,

233 608 392 656 sanctorum
420 603 496 657 oanis
521 609 570 658 aut
592 604 672 659 rituli
701 607 798 661 dentes
828 612 878 659 111
894 622 957 660 ossa
975 610 1068 658 osten·
1094 621 1177 673 01011
1196 613 1288 659 tamen
1307 605 1419 659 Helena
1435 607 1532 660 diuisit
1548 616 1598 661 etc.
1616 609 1679 676 ejus
1696 615 1753 661 tam
1771 608 1929 659 innumera·

202 763 204 767 .
232 688 300 756 tari,
329 691 447 760 siquod
467 691 691 747 scelestissimum
710 700 765 760 est,
789 692 826 745 sd
845 691 1002 762 religiosam
1022 707 1067 745 ve·
1093 689 1163 743 biles
1180 692 1327 759 portiones
1350 700 1377 745 et
1388 695 1491 760 smssta
1509 693 1620 761 passim
1647 693 1676 746 in
1705 692 1834 746 uniusne
1859 693 1925 747 orbe

232 775 403 831 neralionem
423 777 560 847 prostitui.
606 777 781 832 Chemnieius
808 784 880 848 part.
906 785 929 832 1.
950 777 1067 833 examin.
1093 777 1123 828 in
1141 778 1266 830 omnibus
1291 778 1402 846 templis
1426 786 1452 831 et
1478 779 1659 833 monasteriis
1676 780 1875 841 ostenduntur,
1895 785 1926 830 ut

233 877 293 930 esp.
317 860 352 916 de
370 862 448 933 reliq.
467 880 533 934 pag.
555 869 596 921 20.
615 870 757 931 memorat,
776 864 918 918 Andresm
938 862 1067 918 abbatem
1094 878 1127 914 ec
1144 863 1182 915 iis
1196 866 1403 932 propemodum
1426 873 1571 918 sexcentae
1595 882 1692 918 cruces
1710 865 1791 929 effici
1805 864 1927 934 possint.

232 946 537 1005 Amelunxbornensem
581 949 670 1004 virum
712 950 851 1005 eruditum
888 966 921 1004 ao
955 965 1067 1020 gravem
1096 946 1227 1001 Clanium
1253 949 1360 1002 Christi
1377 953 1480 1019 forma
1498 951 1596 1004 Remis
1624 951 1654 1003 in
1671 951 1771 1020 lapide
1797 968 1931 1019 supressa

232 1050 344 1088 namare
367 1034 492 1103 solitum,
520 1035 588 1105 quid
616 1035 748 1089 Eduardo
772 1035 926 1107 Anglorum
951 1034 1011 1105 regi
1034 1051 1067 1089 ex
1093 1041 1280 1103 maiestratur,
1307 1053 1392 1104 quiam
1414 1053 1475 1088 cum
1496 1035 1625 1089 Christus
1647 1037 1810 1106 lapidicida
1833 1038 1929 1101 factrus

233 1118 361 1173 dentibus
384 1119 520 1176 laboranti
544 1121 610 1175 olim
632 1122 774 1180 acciderit.
820 1122 890 1177 (lum
918 1122 991 1178 enim
1019 1120 1067 1176 ille
1092 1127 1172 1180 esset,
1190 1121 1330 1189 senipetam
1349 1128 1500 1190 nupantur.
1537 1123 1659 1176 Tolosae
1676 1122 1824 1191 inscriptio
1837 1120 1929 1174 erucis

232 1205 400 1274 mandasset,
420 1208 591 1275 Apolloniae
609 1207 716 1277 dentes,
736 1225 809 1279 quse
826 1208 930 1278 ubique
947 1207 976 1260 in
987 1206 1065 1278 regni
1094 1206 1201 1260 Chresti
1216 1205 1334 1260 retineri
1348 1215 1487 1278 putatur,
1506 1207 1614 1261 Romae
1635 1209 1665 1260 in
1687 1207 1715 1261 S.
1738 1207 1837 1260 Crucis
1856 1209 1928 1261 aede

231 1291 274 1345 sni
293 1291 405 1362 templis
428 1293 501 1348 inter
516 1294 649 1365 reliquias
666 1295 862 1360 servabantur,
880 1294 916 1348 ad
934 1311 964 1348 se
983 1293 1064 1356 mitti,
1092 1294 1209 1345 eandem
1242 1293 1367 1361 reperiri
1401 1296 1528 1350 tradunt.
1595 1295 1679 1350 Clavi
1717 1303 1788 1359 tres,
1829 1294 1929 1362 quibus

231 1380 273 1430 tot
293 1393 325 1431 ex
349 1377 431 1431 unius
454 1379 534 1450 regni
552 1380 676 1452 reliquiis
699 1381 865 1452 Apolloniae
890 1381 986 1435 1111111
1004 1396 1065 1433 eoa·
1094 1378 1222 1431 Christus
1247 1379 1396 1442 emendans
1417 1387 1472 1444 est,
1494 1379 1631 1448 plurimis
1648 1381 1676 1432 in
1694 1381 1766 1434 locis
1784 1380 1930 1433 manuari

232 1463 336 1516 servati
364 1463 490 1529 fuerunt,
519 1471 586 1535 quot
615 1466 723 1536 aliquot
752 1473 855 1521 tonnae
884 1482 984 1535 capere
1009 1481 1066 1519 non
1092 1466 1231 1520 dieumr.
1260 1466 1527 1520 Mediolanensem
1540 1465 1825 1537 Carpentoractenses
1842 1485 1929 1519 unum

231 1555 390 1618 potuerunt.
432 1551 585 1605 Veronicae
603 1553 695 1616 facies
721 1551 786 1621 (hoo
812 1558 856 1607 est
874 1553 966 1624 imago
985 1550 1066 1606 feeiei
1094 1569 1126 1604 ea
1144 1552 1206 1605 illis
1233 1552 1289 1605 sibi
1313 1553 1476 1613 vendicant,
1506 1555 1564 1606 duo
1581 1561 1733 1622 praeterea
1753 1554 1872 1621 Hamae,
1899 1553 1929 1605 in

167 1700 172 1711 ι
232 1634 379 1689 10111110
404 1636 464 1706 ipso
492 1638 529 1691 ad
549 1638 684 1708 passionis
702 1639 794 1694 locum
814 1637 934 1694 abducto
953 1637 1066 1692 sudario
1092 1639 1194 1707 templo
1203 1638 1328 1692 Helenae
1340 1638 1559 1703 alter,aiterad
1573 1639 1602 1693 S.
1618 1639 1928 1707 Omrceminueniuntur,

232 1719 365 1793 impresse
390 1739 423 1776 se
443 1722 597 1778 Veronieae
620 1725 696 1789 dats)
725 1735 882 1780 asservatur
907 1723 1013 1778 Romae
1035 1724 1065 1777 in
1091 1726 1156 1778 item
1173 1743 1246 1779 unus
1268 1725 1364 1794 Senis,
1381 1727 1457 1780 alius
1482 1725 1621 1791 Venetiis,·
1645 1728 1732 1779 etiam
1749 1725 1805 1779 alii
1822 1728 1879 1779 duo
1896 1726 1928 1778 in

231 1807 301 1863 aede
320 1808 394 1863 Petri
417 1816 446 1864 et
470 1810 572 1879 populo
598 1810 739 1866 adoranda
765 1810 868 1865 ibidem
888 1816 1064 1865 monsbsbrr.
1095 1811 1260 1875 Gerneans'a,
1279 1811 1353 1864 alter
1372 1810 1518 1880 Coloniae,
1535 1813 1609 1866 alter
1632 1812 1759 1865 Treuiris
1776 1819 1928 1874 assantes

232 1893 288 1949 Sed
308 1893 411 1948 Lucius
430 1895 570 1949 Murineus
591 1896 701 1950 Siculus
721 1896 960 1968 historiographus
978 1896 1063 1966 impe·
1090 1898 1215 1952 Parisiis
1249 1898 1280 1951 in
1319 1899 1425 1952 secedo
1465 1907 1625 1952 sanctorum
1668 1916 1740 1951 nnus
1781 1899 1926 1964 creditur,-

230 1982 365 2051 peraboris
386 1981 480 2037 Caroli
497 1982 532 2037 V.
553 1981 600 2037 lib.
621 1989 644 2038 5.
670 1983 705 2038 de
720 1983 778 2038 reb.
800 1982 918 2054 Hispan.
935 1982 1063 2037 illumin
1092 1984 1263 2039 Carmelitae
1293 2001 1401 2053 quoque
1432 2003 1517 2037 unum
1547 1984 1663 2049 habent,
1690 1985 1720 2038 in
1740 1984 1769 2040 S.
1790 1983 1927 2050 Dionysii

230 2065 368 2136 Hispania
391 2084 452 2123 esse
475 2068 582 2125 assent.
623 2069 657 2122 In
674 2067 839 2123 lectionibus
864 2067 1062 2123 memorabilib.
1090 2069 1192 2138 templo
1215 2069 1333 2124 Galliae
1361 2069 1460 2122 itidem
1486 2087 1574 2137 unus,
1603 2069 1680 2123 alius
1704 2088 1777 2122 unus
1798 2069 1926 2136 Drapui·

230 2151 338 2208 Wolffii
365 2161 435 2211 cent.
462 2161 502 2210 16.
529 2172 557 2225 p.
579 2159 638 2210 233.
668 2160 759 2209 exstat
788 2155 859 2210 liber
887 2156 923 2208 de
952 2154 1063 2222 spoliis,
1088 2157 1206 2220 nianae,
1236 2156 1300 2209 dem
1329 2156 1406 2210 alius
1436 2158 1467 2209 in
1491 2157 1622 2220 abbatia,
1663 2174 1735 2225 quae
1765 2174 1784 2208 a
1814 2155 1927 2224 forpice

230 2239 378 2293 1111111111
400 2241 531 2310 reliquiis
549 2250 709 2296 serratorum
739 2241 830 2296 editus
855 2241 931 2295 eirea
959 2258 1063 2295 annum
1089 2243 1238 2305 aurifabri
1251 2258 1352 2295 nomen
1367 2243 1450 2295 habet
1468 2260 1530 2295 cum
1547 2243 1723 2296 uenumione
1743 2249 1926 2310 asseruntur;

232 2331 306 2381 1525.
326 2325 355 2379 in
373 2343 428 2397 quo
447 2326 528 2381 inter·
547 2333 642 2381 cetera
666 2327 707 2381 sie
724 2327 858 2382 habetur:
880 2327 1064 2382 6111101111-
1090 2329 1238 2400 Bituripes
1260 2346 1290 2382 ss
1313 2346 1422 2399 quoque
1444 2346 1531 2383 mrum
1553 2329 1656 2382 habere
1674 2336 1829 2384 amumont.
1870 2327 1925 2381 Cu·

229 2429 273 2465 see
291 2414 421 2467 monachi
448 2416 556 2478 denus,
584 2415 676 2468 crines
703 2433 738 2467 ac
757 2415 939 2483 praeputium
959 2413 1065 2468 Christi
1088 2416 1148 2485 spis
1161 2416 1296 2485 sarissas,
1315 2433 1372 2484 qua
1383 2416 1458 2469 latus
1474 2415 1578 2469 Christi
1590 2417 1788 2485 transfossum,
1801 2422 1921 2482 quatuor

229 2499 398 2567 haminibus,
420 2508 452 2552 ut
468 2509 664 2566 reversantur,
692 2502 855 2569 ostendunt,
881 2500 1063 2570 mamutium
1089 2502 1120 2555 in
1150 2501 1221 2555 locis
1243 2503 1365 2569 Romae,
1394 2501 1520 2554 Parisiis
1550 2502 1580 2554 in
1605 2501 1774 2554 monasteria
1804 2501 1926 2569 forpicia

229 2586 305 2638 idem
322 2587 428 2640 Romae
449 2587 478 2638 in
499 2587 601 2655 templo
621 2588 810 2642 lateranensi
828 2594 992 2640 asservatur
1010 2592 1062 2640 ete.
1090 2589 1245 2656 aurifabri,
1271 2589 1352 2660 apud
1369 2588 1515 2641 Xarstoaes
1534 2595 1560 2640 et
1578 2586 1679 2640 Salvae
1701 2602 1795 2654 prope
1814 2587 1927 2639 Burde-

229 2671 273 2726 De
315 2672 451 2742 sanguine
494 2671 597 2727 Christi
641 2673 726 2742 paulo
768 2673 895 2744 superius
938 2672 1064 2726 diximus.
1090 2675 1170 2744 polin
1188 2675 1281 2729 adhinc
1298 2682 1488 2729 corsseroatur.
1521 2672 1629 2742 espissia
1649 2689 1756 2725 cororm
1778 2672 1882 2724 Christi
1896 2672 1927 2725 in

231 2758 373 2827 Praeceps
405 2759 466 2826 ep'us
495 2759 604 2812 Romae
634 2759 665 2812 in
694 2760 764 2813 aede
790 2760 908 2813 Mariae
936 2759 1064 2827 Majcris
1091 2777 1184 2815 omnes
1201 2761 1329 2830 reqiones
1355 2759 1508 2832 dispertita
1530 2768 1585 2826 est,
1613 2759 1741 2812 Parisiis
1759 2760 1843 2812 tertia
1863 2759 1926 2826 ejus

230 2851 417 2912 uenerantur;
445 2845 475 2897 in
492 2844 583 2898 Pauli
599 2847 669 2898 aede
687 2845 791 2899 ibidem
815 2855 841 2898 et
858 2853 889 2899 ut
908 2847 938 2899 in
956 2846 1064 2913 Haps-
1089 2865 1168 2917 pars,
1183 2848 1291 2899 11111111
1302 2862 1406 2916 nsapna
1422 2863 1493 2914 pars
1512 2846 1677 2911 mestoditur,
1699 2845 1787 2910 Senis,
1811 2845 1926 2898 Vincen-

231 2929 281 2984 nia
297 2931 328 2983 in
353 2930 513 2985 Solemnis
536 2932 639 3000 templo
655 2932 764 2985 10111111
787 2929 896 2985 Christi
917 2932 1063 2999 habentur,
1090 2934 1160 3000 tiae,
1178 2935 1259 3002 apud
1274 2933 1436 3000 Bituriqes‚
1471 2930 1606 2995 Vesontii,
1626 2933 1656 2985 in
1677 2932 1869 2998 Montereqio,
1895 2932 1926 2984 in

231 3016 296 3069 item
316 3017 457 3070 cunabula
476 3026 502 3071 et
520 3019 636 3071 inducia
655 3020 722 3087 ejus.
765 3019 873 3072 Romae
898 3019 939 3070 ad
959 3017 1065 3071 Jacobi
1090 3019 1237 3089 Hispania
1255 3018 1461 3087 Compostellae
1479 3026 1505 3070 et
1521 3018 1551 3070 in
1568 3019 1670 3087 templo
1694 3018 1868 3079 Saloutaria,
1894 3018 1924 3069 in

231 3102 334 3156 eolitssr
351 3105 462 3173 altare,
490 3105 518 3157 in
538 3122 592 3174 que
616 3105 767 3158 sistebatur
794 3104 927 3170 Christus,
951 3121 1013 3157 cum
1034 3106 1064 3156 in
1091 3106 1229 3169 Heluetia,
1250 3105 1380 3172 Tolosae,
1394 3105 1602 3171 Manlisconae,
1620 3104 1778 3167 Charrouii,
1793 3102 1924 3173 Cleriaci,

231 3189 333 3258 templo
353 3193 518 3261 offerretur,
550 3192 748 3259 columnaque,
777 3209 833 3260 qius
853 3191 1004 3259 disputans
1034 3189 1064 3241 in
1092 3191 1260 3261 Sanjloridi‚
1281 3191 1430 3245 amacina·
1446 3192 1477 3244 in
1495 3190 1663 3257 Provincia,
1683 3190 1799 3255 Saliae,
1819 3190 1924 3242 Nouio·
2031 3193 2033 3197 ’

231 3276 335 3345 templo
345 3278 495 3331 nitebatur.
520 3278 651 3344 Hydriae
662 3277 732 3330 illae
740 3293 788 3330 ses
796 3277 940 3342 habentur,
950 3275 1064 3343 aliqsme
1092 3280 1182 3341 duno,
1208 3275 1349 3338 (Coloniae
1372 3275 1556 3347 Agrippinae)
1584 3285 1610 3329 et
1632 3274 1703 3330 alibi
1725 3277 1802 3328 rami
1828 3277 1863 3328 de
1890 3292 1925 3328 ea

232 3364 394 3427 Rauennae,
413 3365 504 3432 Pisis,
532 3364 673 3432 cluniaci,
700 3364 851 3433 Andeqaei
867 3370 893 3415 et
909 3364 940 3415 in
956 3362 1064 3430 Hispa·
1092 3372 1141 3417 aut
1159 3364 1213 3417 toti
1236 3362 1373 3428 fiiscicub
1391 3363 1489 3432 potius
1513 3363 1612 3416 nidum
1635 3363 1809 3415 ciconiarum
1841 3379 1925 3429 quam

230 3450 280 3502 ssia
304 3450 334 3502 in
363 3451 467 3519 templo
495 3451 655 3504 Salvatoris
678 3448 877 3520 (Magdebnrgi
900 3448 1063 3512 111111111-
1091 3467 1223 3504 emonam
1248 3449 1402 3513 efficientes
1433 3456 1566 3516 tanquam
1590 3465 1637 3502 res
1666 3465 1752 3501 sacra
1775 3455 1801 3500 et
1827 3449 1926 3500 divina

231 3535 313 3607 burgi
331 3536 360 3589 in
378 3538 470 3606 petria
493 3554 555 3592 mea
573 3537 602 3590 in
621 3535 797 3605 Germanis),
817 3536 950 3589 Aureliae
970 3536 1064 3589 misum
1091 3538 1230 3591 coluntur.
1267 3535 1404 3604 Purpura
1422 3533 1528 3587 Chresti
1552 3551 1684 3602 respersa
1701 3534 1847 3600 conquiris
1864 3543 1925 3602 qut·

231 3640 263 3675 ev
296 3640 373 3690 aqua
402 3625 512 3687 factum
543 3631 741 3687 cameratum
775 3623 865 3676 calcei
895 3619 1003 3675 Christi
1034 3623 1064 3674 in
1090 3623 1157 3676 tulis
1174 3621 1247 3674 alibi
1263 3621 1354 3674 adhuc
1371 3628 1513 3690 remarset5
1542 3621 1638 3673 tunica
1662 3621 1724 3688 ejus
1747 3620 1925 3674 inconsutilis

233 3708 337 3762 Sancto
362 3717 524 3762 sanctorum
544 3711 649 3763 Rornae
665 3709 817 3772 haberetur,-
841 3724 961 3775 mensae,
978 3724 1064 3777 snper
1091 3712 1120 3762 in
1146 3725 1222 3777 papo
1246 3708 1433 3777 Arpenteliae
1458 3725 1549 3776 prope
1574 3707 1715 3761 Lutetiam
1735 3707 1923 3776 Parisiorum,

231 3813 288 3864 qua
325 3795 454 3850 Christus
492 3812 606 3849 coenam
642 3794 864 3860 adosinistrauit‚
899 3795 929 3847 in
961 3794 1062 3862 templa
1089 3796 1155 3849 item
1172 3795 1309 3862 Treuiris,
1328 3794 1392 3848 111111
1410 3795 1440 3846 in
1454 3794 1561 3847 'I'urcia
1578 3812 1597 3845 a
1610 3793 1818 3847 Mahametistie
1834 3802 1924 3846 111111-

231 3883 418 3935 Laterancnsi
436 3883 544 3935 Rornae
569 3881 659 3935 honor
682 3880 872 3948 impenditur,·
888 3880 976 3949 panis
992 3897 1062 3948 par-
1090 3883 1177 3939 dhar.
1216 3882 1396 3935 Tesserarum
1415 3880 1535 3934 militum
1554 3880 1650 3933 altera
1671 3880 1809 3947 Treuiris,
1830 3881 1924 3935 altera

232 3968 334 4037 ticula,
359 3985 439 4037 qssem
463 3967 609 4021 distribuit
636 3966 788 4036 apostolis,
820 3969 850 4020 in
870 3967 1013 4036 Hispania
1033 3968 1063 4019 in
1089 3969 1120 4022 in
1139 3968 1281 4039 Hispania
1299 3968 1330 4021 in
1348 3968 1450 4036 templo
1473 3967 1632 4020 Saloutaria
1650 3966 1724 4020 uelut
1740 3976 1924 4020 sacrosancta

232 4055 334 4124 templo
367 4054 527 4110 &lectoris
552 4071 602 4108 ceu
632 4056 712 4108 Deus
736 4055 884 4111 eduntur.
937 4055 1063 4108 Treuiris
1089 4071 1135 4108 res
1154 4062 1325 4109 1111110111.
1361 4053 1518 4108 Sudarinm
1539 4053 1646 4108 Christi
1660 4054 1802 4117 Nicaeae,
1832 4055 1924 4122 Aquas

231 4141 366 4208 cultrum,
393 4159 447 4210 que
461 4159 550 4209 aquus
570 4141 719 4210 paschalis
743 4140 949 4204 dissecabatur,
974 4156 1063 4193 asser
1089 4142 1119 4194 in
1142 4141 1313 4205 Germania,
1341 4141 1467 4209 trajicit
1491 4148 1518 4194 et
1541 4139 1677 4205 Vocontii,
1704 4140 1841 4203 Cedonii,
1870 4143 1922 4194 Le·

93 4235 160 4280 xvii.
173 4235 217 4278 111.
230 4236 305 4284 eant.
345 4229 442 4294 Prope
462 4229 631 4295 Luqdunum
648 4228 679 4280 in
699 4228 802 4296 templo
821 4226 938 4280 Mariae
955 4227 1062 4281 insula·
1091 4227 1193 4282 mouioi
1209 4229 1240 4281 in
1259 4227 1447 4294 Letharinqia
1473 4235 1500 4281 et
1517 4228 1626 4281 Romae
1643 4227 1674 4279 in
1696 4226 1849 4280 Vestalium
1869 4229 1922 4281 ali·

230 4331 298 4383 ane,
327 4316 393 4368 item
416 4315 445 4368 in
472 4315 605 4368 Helvetia
628 4314 659 4367 in
678 4312 949 4381 Anqustinianorum
968 4312 1064 4381 aliquo
1090 4331 1144 4384 quc
1162 4314 1333 4367 monasterio
1352 4315 1448 4367 1111011
1465 4329 1485 4364 0
1497 4313 1581 4382 plebe
1596 4312 1760 4369 bonoratur.
1800 4316 1923 4381 Arursdo,

233 4402 404 4454 monasterio
434 4401 511 4455 colia
537 4400 588 4455 elle
608 4401 713 4454 Chresti
741 4399 891 4468 descipulis
912 4416 974 4451 cum
998 4416 1064 4452 san·
1090 4415 1161 4468 quae
1182 4398 1293 4452 Christo
1307 4416 1366 4468 pro
1385 4406 1497 4468 seeptro
1514 4399 1649 4466 (11111111,
1668 4400 1774 4454 nomm
1793 4400 1824 4453 in
1840 4402 1922 4454 Late·

232 4487 317 4556 quine
333 4495 491 4557 porrectus,
509 4488 668 4556 quiunicus
680 4495 788 4541 tantum
803 4492 872 4554 erat,
891 4486 1046 4540 ostenditur
1051 4507 1063 4556 ,·
1088 4487 1203 4539 ranensi
1222 4485 1323 4554 ternplo
1340 4493 1365 4539 et
1384 4485 1504 4554 sponqia
1522 4486 1553 4538 in
1572 4486 1642 4538 aede
1660 4485 1690 4541 S.
1707 4487 1807 4541 Crucis
1825 4504 1923 4556 super·

233 4574 340 4628 Romae
372 4581 398 4624 rt
432 4572 547 4627 Gortuae
577 4582 603 4627 et
620 4574 757 4627 Arelatae
773 4573 902 4642 patinam
919 4572 988 4641 aqui
1007 4589 1062 4640 pa·
1089 4579 1137 4627 est.
1168 4572 1300 4641 Triqinta
1312 4571 1409 4624 Judae
1427 4571 1554 4638 arqentei
1568 4573 1607 4638 (11
1622 4571 1705 4641 lunis,
1722 4590 1776 4644 quo
1789 4590 1818 4627 se
1832 4577 1922 4642 ipsum

232 4659 339 4713 scholis
351 4659 463 4712 unicam
475 4676 504 4713 se
517 4660 618 4713 habere
632 4662 766 4728 1111111111
784 4674 940 4729 supparum
959 4659 1065 4713 Christi
1089 4656 1284 4728 anangulsvit)
1301 4657 1434 4726 relipiose
1453 4657 1545 4710 adhuc
1556 4667 1755 4724 ‘mennonium
1793 4658 1921 4713 Caudam

231 4747 289 4800 sive
308 4747 431 4810 linteum,
451 4763 506 4815 quo
521 4747 727 4816 dicipulorum
741 4747 830 4818 pedes
843 4753 911 4815 post
930 4746 1063 4799 lotionem
1088 4745 1173 4813 asini,
1190 4760 1270 4812 quem
1287 4743 1452 4812 inequitavit
1470 4742 1608 4813 Christus,
1630 4743 1746 4800 Genuae
1765 4748 1920 4799 ostendunt.

232 4832 377 4896 0101111111,
407 4833 514 4886 Romae
539 4833 670 4900 templum
688 4835 877 4887 lateranense
895 4832 951 4884 sibi
968 4833 1063 4886 veredi·
1089 4832 1182 4886 Piscis
1211 4831 1388 4899 particulam
1416 4829 1528 4885 Christo
1559 4847 1578 4884 a
1609 4834 1696 4886 Petro
1728 4832 1828 4900 oblati,
1856 4834 1921 4886 111111

232 4927 292 4984 cat,
320 4920 396 4972 111111
423 4918 506 4972 etiam
530 4919 605 4971 Aehi
628 4919 686 4971 siue
703 4919 795 4987 Aquis
822 4918 862 4970 ad
886 4915 1012 4973 Cornelii
1034 4919 1064 4971 in
1088 4917 1208 4986 uestiqia
1228 4916 1334 4970 Christi
1358 4916 1482 4985 aliquot,
1512 4917 1576 4970 item
1600 4918 1744 4986 lacrpmas
1768 4917 1877 4972 Christi
1895 4928 1922 4973 et

236 5007 392 5062 Germania
411 5012 591 5067 asservatur,
612 5021 674 5057 cnm
691 5005 828 5073 impresso
848 5003 964 5072 vestiqio
980 5004 1063 5071 pedis
1088 5004 1252 5072 sanquinem
1271 5010 1320 5056 aut
1347 5019 1379 5056 es
1397 5003 1512 5072 hostiis,
1535 5013 1584 5057 aut
1606 5023 1639 5058 en
1663 5004 1834 5071 imaqinibus
1850 5023 1922 5074 pro-

232 5095 338 5151 Jadcc.
379 5093 512 5146 Frentum
536 5091 657 5160 quinque
681 5107 789 5157 panum
813 5091 921 5143 Romae
944 5088 973 5140 in
990 5106 1063 5142 noua
1084 5093 1193 5161 flumem
1211 5090 1308 5143 divino
1322 5107 1446 5158 prorsam
1464 5091 1541 5143 cultu
1560 5091 1700 5154 afficiunt.
1738 5089 1837 5160 Neque
1856 5108 1921 5147 vero

235 5180 352 5234 Mariae
389 5180 476 5246 aede,
512 5179 596 5232 aliud
627 5178 751 5241 frustum
788 5177 818 5230 in
850 5176 994 5247 Hispania
1033 5175 1064 5228 in
1090 5176 1212 5246 reliquiis
1254 5175 1357 5230 Christi
1394 5177 1515 5231 contenti
1554 5183 1632 5240 sunt,
1670 5177 1719 5230 sed
1757 5185 1789 5231 ut
1824 5178 1921 5233 merito

236 5266 396 5321 &lectoris
429 5266 501 5318 aede
527 5269 711 5330 monstratur,
738 5268 768 5314 ut
796 5271 823 5314 et
840 5263 957 5331 palma,
980 5279 1064 5331 quam
1090 5261 1193 5317 Christi
1216 5262 1315 5316 merita
1341 5261 1446 5317 Mariae
1476 5261 1590 5332 virginis
1618 5277 1651 5315 so
1680 5269 1852 5327 sanctorum,
1882 5264 1922 5318 ila

233 5352 447 5421 Hierosolymas
480 5351 630 5406 adueniens
659 5356 783 5418 pestasse
817 5349 940 5417 dicitur;
977 5355 1064 5417 terra,
1090 5365 1200 5421 quoque
1216 5347 1319 5403 Christi
1346 5348 1470 5420 reliquiis
1500 5349 1606 5404 Mariae
1630 5353 1659 5403 et
1679 5355 1837 5404 sanctorum
1856 5350 1921 5405 reli-

232 5439 280 5493 cui
315 5439 417 5491 institit
447 5440 588 5492 Lanarum
617 5436 803 5498 remaritans,
838 5434 948 5504 passim
978 5451 1064 5488 saera
1091 5435 1170 5505 quina
1187 5434 1304 5490 laciniae
1320 5435 1408 5489 instar
1435 5442 1558 5490 1111111.
1605 5436 1721 5489 hieriae
1740 5437 1823 5489 lactes
1843 5444 1921 5492 101110

232 5524 358 5581 habetur.
395 5525 472 5580 Orus
490 5523 598 5578 Christi
612 5523 650 5577 ab
663 5521 774 5576 Helena
794 5520 968 5575 Constantini
977 5521 1064 5591 impe·
1091 5521 1174 5591 copia
1184 5523 1296 5594 passim
1313 5522 1431 5588 colitur,
1454 5529 1485 5576 ut
1506 5521 1596 5576 multa
1617 5521 1782 5605 mulctraiia
1801 5539 1833 5577 so
1850 5541 1922 5578 com·
