4104 6014
891 325 944 382 DE
961 323 1100 382 Monuit.
1779 329 1840 388 2³3

152 487 266 543 tundit
292 505 311 542 o
333 493 421 542 morte
440 485 471 541 s'n
496 486 594 541 ritum.
640 483 716 556 Ergo
734 482 843 539 animae
860 479 984 536 fidelium
1013 482 1150 537 cutionom
1187 499 1219 537 en
1249 484 1329 553 Deo,
1350 482 1494 554 habemus,
1532 482 1643 536 domum
1669 496 1727 533 non
1757 495 1843 531 monn

152 573 246 630 stetim
271 578 393 629 emente
411 576 556 628 nmmum
577 570 614 626 nd
630 570 717 626 ritum
735 574 891 636 aeteruum,
913 583 985 639 quse
1010 570 1133 638 focum,
1166 577 1310 625 ostemmn
1332 569 1361 622 in
1388 569 1482 626 coelis.
1501 586 1527 624 v.
1546 573 1569 624 2.
1597 568 1673 622 Noni
1689 574 1716 620 st
1741 566 1771 619 in
1791 564 1843 619 ioc

152 660 181 715 iu
216 658 370 730 Scripturis
406 657 535 714 definitur
569 655 747 713 inenerrabili
784 654 918 710 felicitate
952 668 985 707 nc
1011 656 1232 725 inqernisoimus,
1259 656 1460 710 habitationem
1477 662 1615 723 nostrum,
1640 669 1713 722 quos
1731 651 1840 706 orosio

152 745 268 803 laetitio.
310 744 416 817 Ecquis
439 744 512 801 euim
531 749 649 808 statuet,
674 741 861 798 conditionem
879 756 912 795 nc
930 745 985 793 stn-
1012 749 1061 811 est,
1080 743 1249 812 superindui
1269 743 1425 812 cupienten·
1451 758 1477 795 v.
1495 746 1520 799 3.
1543 742 1570 795 si
1594 748 1687 795 tumen
1704 738 1799 794 uestiti
1816 743 1843 791 st

153 838 213 888 mm
229 832 340 905 piorum
363 836 428 902 post
451 837 567 887 mortem
596 829 718 885 omnium
741 828 876 884 mulorum
902 825 985 881 finem
1012 846 1068 883 non
1085 830 1156 884 nudi
1171 829 1361 899 inveniamur,
1390 845 1416 883 v.
1439 834 1465 884 4.
1492 846 1558 882 nom
1584 836 1610 882 ct
1635 826 1684 897 oui
1700 842 1795 879 minus
1813 825 1844 878 in

153 919 234 975 reddi
252 917 436 977 deteriorem?
471 918 538 975 lum
562 934 628 974 vero
646 917 797 973 etiamnum
814 914 842 969 in
858 913 912 969 hec
928 902 1064 986 vitellios
1093 916 1290 980 tabernaculo,
1318 915 1522 984 inosnissinus
1553 914 1667 983 proruti
1692 929 1737 981 so,
1767 914 1844 981 quod

154 1006 306 1081 πράγενοιν
328 1010 457 1060 oeternne
482 1003 623 1060 felicitatis
642 1002 781 1070 sentiunt,
805 1000 901 1072 utique
919 1013 986 1068 ergo
1012 1004 1141 1058 nolumus
1155 1003 1319 1072 exspoliari,
1336 1004 1388 1056 sed
1398 1001 1590 1070 supervestiri,
1608 1009 1639 1054 ut
1650 999 1843 1061 absorbentur,

154 1092 192 1149 eb
214 1109 249 1147 ee
266 1097 460 1163 postmortem
481 1108 537 1145 nou
561 1090 758 1155 excluduntur,
787 1088 836 1143 red
853 1085 986 1158 primitis·
1013 1089 1331 1159 praemonerentur
1347 1088 1414 1144 citu
1433 1106 1458 1142 v.
1471 1094 1494 1144 6.
1512 1090 1656 1142 Audentes
1672 1087 1757 1154 ipitw
1776 1102 1843 1140 sem·

154 1178 258 1234 rumim
275 1178 329 1235 hec
346 1177 405 1233 vite
416 1181 594 1248 acceptarum
606 1175 729 1231 decimes
747 1181 776 1231 et
788 1174 987 1229 incrementum
1010 1194 1063 1246 per
1080 1183 1106 1231 et
1131 1177 1261 1245 scientos,
1287 1176 1420 1245 quonium
1444 1177 1512 1229 dum
1533 1192 1628 1229 sumus
1656 1174 1687 1226 in
1717 1188 1843 1243 corpore,

154 1264 340 1336 largissimum
360 1269 572 1335 comoqunntur.
607 1261 672 1318 Joh.
693 1267 734 1327 14,
751 1279 777 1317 v.
797 1266 827 1317 2:
846 1261 884 1313 Iso
904 1261 986 1314 dorne
1010 1264 1228 1336 persprs'namur
1258 1280 1277 1316 a
1305 1262 1439 1331 Domino,
1467 1278 1492 1317 v.
1521 1267 1546 1319 7,
1575 1276 1629 1330 por
1652 1261 1739 1329 fidem
1771 1259 1845 1312 enim

154 1353 254 1407 Putris
271 1352 326 1407 rnsi
349 1352 509 1406 νιαιιοίοιιιν
534 1350 639 1404 multoe
661 1357 740 1418 sunt,
763 1349 791 1403 si
812 1365 867 1416 quo
888 1347 988 1411 ninus,
1014 1351 1188 1405 ambulamus
1201 1357 1227 1403 et
1238 1366 1295 1404 non
1309 1366 1364 1419 per
1375 1349 1505 1420 speeiem.
1522 1366 1547 1403 v.
1561 1353 1584 1404 8.
1597 1348 1740 1402 Audemus
1752 1352 1845 1399 autern

156 1439 290 1493 damnem
307 1439 393 1506 uobis,
410 1437 479 1507 quio
491 1437 774 1506 uodopurureuobis
794 1435 900 1505 tooure
920 1451 946 1490 ν.
964 1437 987 1487 3.
1014 1445 1040 1490 et
1064 1437 1164 1491 bonam
1187 1435 1358 1491 rolnsntctom
1384 1436 1517 1489 hebernus
1543 1435 1636 1504 mapis
1661 1431 1847 1503 pereprinori

155 1533 181 1580 ct
202 1526 229 1579 si
252 1525 347 1582 οὸίιιο
370 1532 396 1579 st
415 1540 629 1594 praeparavero
652 1523 730 1577 robis
756 1522 860 1590 losum,
887 1521 987 1575 uuum
1014 1542 1033 1577 ο
1060 1539 1178 1593 corpore
1202 1530 1227 1576 et
1245 1530 1410 1592 praesentes
1432 1538 1489 1576 esse
1515 1523 1558 1575 ool
1575 1520 1736 1576 Dominum.
1778 1517 1845 1584 Qui·

155 1611 263 1665 omium
282 1619 309 1665 st
326 1611 464 1680 compium
489 1627 538 1663 uos
555 1612 597 1663 od
613 1625 656 1663 me
675 1609 780 1678 ιὀιιιοι,
805 1615 836 1662 ut
861 1606 910 1659 ubi
926 1623 987 1659 sum
1015 1610 1080 1664 dem
1102 1608 1176 1664 hunc
1194 1609 1286 1664 locum
1309 1612 1453 1678 exponunt
1472 1608 1507 1663 de
1528 1614 1652 1679 tempore
1669 1604 1845 1662 resumcctio·

158 1713 221 1767 σου,
246 1704 272 1750 st
297 1714 348 1750 uos
364 1697 435 1751 sitis.
493 1695 656 1752 Gousoletur
684 1693 810 1749 Christus
848 1692 987 1764 apostolos
1014 1696 1056 1750 nis
1074 1702 1103 1750 et
1116 1695 1232 1767 judicii,
1261 1695 1325 1750 ideo
1349 1711 1399 1764 per
1426 1696 1539 1749 domum
1563 1701 1722 1748 terrestrem
1742 1692 1845 1748 dissol-

157 1783 288 1840 udversus
307 1781 372 1837 odie
399 1799 433 1837 ec
452 1782 658 1855 persecutiones
675 1781 784 1846 mundi,
807 1780 837 1836 in
856 1796 912 1851 quo
933 1796 987 1833 nou
1013 1784 1132 1836 rendam
1148 1781 1308 1852 intelligunt
1325 1780 1458 1835 mundum
1476 1780 1504 1835 in
1523 1779 1578 1835 flue
1597 1781 1684 1836 seculi
1701 1780 1844 1836 destruen-

157 1876 236 1927 erent
252 1869 336 1927 fixum
353 1869 526 1938 solubilem
544 1870 638 1924 sedem
656 1867 787 1935 habituri,
804 1883 838 1922 nc
854 1866 990 1937 promittit
1014 1869 1096 1937 dum,
1124 1884 1175 1940 per
1199 1870 1312 1922 dominu
1344 1875 1485 1921 aotmsorn
1518 1875 1544 1921 et
1574 1867 1720 1922 coelerum
1746 1884 1845 1939 eorpus

158 1956 231 2028 ipsis,
252 1956 328 2028 quod
343 1956 372 2012 in
393 1959 475 2011 domo
489 1956 587 2028 putris
602 1957 656 2024 rui,
674 1955 763 2010 idest
782 1954 811 2008 in
828 1953 915 2016 coelo,
933 1953 989 2008 siut
1013 1954 1168 2010 immortale
1197 1959 1226 2009 et
1252 1952 1453 2025 glorificatum,
1481 1970 1538 2025 que
1561 1955 1668 2008 ratione
1698 1953 1744 2008 hic
1768 1954 1845 2010 locus

157 2043 259 2098 nnus
299 2043 470 2111 monnones,
513 2059 568 2097 nou
617 2040 759 2112 tuguriolo
801 2038 989 2095 commorandi
1014 2039 1182 2110 apostolicus
1208 2057 1264 2095 nou
1293 2039 1330 2095 <le
1359 2043 1436 2094 statu
1455 2039 1609 2095 nuimtrum
1636 2045 1699 2111 post
1720 2046 1844 2109 mortem,

159 2129 293 2185 cantune
311 2144 396 2185 conss
419 2144 562 2195 concesse,
585 2128 635 2183 sed
656 2126 817 2182 hubitnculu
839 2142 874 2181 uc
897 2124 987 2180 teber-
1014 2143 1109 2182 rerum
1128 2126 1164 2181 de
1181 2125 1271 2199 glorie
1289 2127 1397 2196 piorum
1414 2132 1479 2196 post
1495 2125 1721 2181 resumptionem
1741 2131 1845 2198 egeret

156 2215 257 2271 noculo
275 2222 396 2283 nurus,
415 2215 445 2270 in
465 2231 596 2287 queeeos
614 2213 739 2285 nudique
756 2213 887 2268 emundo
905 2210 986 2283 fugu-
1014 2211 1070 2269 Sed
1099 2229 1200 2282 scopin
1234 2218 1319 2285 etque
1356 2213 1465 2283 integer
1495 2217 1639 2268 contextus
1676 2211 1846 2268 conuitium

157 2308 201 2357 tos
229 2302 321 2359 stetim
352 2307 417 2372 post
446 2306 561 2357 mortem
591 2301 714 2372 recipere
738 2300 814 2356 velit
860 2298 987 2355 Christus
1014 2298 1143 2354 ostendit.
1173 2297 1228 2354 Per
1248 2298 1374 2370 ἐπίγειον
1391 2301 1483 2354 οὶκίαν
1502 2302 1552 2353 τοῦ
1570 2295 1687 2367 σκήνους
1702 2299 1844 2369 spostolus

158 2389 232 2445 enim
247 2389 322 2443 venit
339 2387 376 2442 ed
392 2403 443 2442 nos
459 2404 494 2443 sc
512 2403 562 2442 nos
580 2387 618 2441 nd
635 2404 665 2443 se
683 2387 797 2459 recipit,
824 2403 880 2442 non
899 2385 987 2440 solum
1014 2386 1145 2457 iutelligit
1162 2401 1262 2454 corpus
1279 2384 1332 2441 hoc
1348 2385 1479 2450 mortulo,
1505 2385 1578 2441 sieut
1600 2386 1717 2456 ipsemet
1734 2384 1846 2455 exponit

159 2476 188 2530 iu
201 2479 321 2530 exuemo
335 2473 451 2547 Judicio,
469 2474 582 2546 quaudo
600 2489 717 2544 corpore
735 2478 830 2529 nostru
847 2490 880 2528 ex
898 2478 988 2528 terreo
1014 2490 1040 2527 v.
1058 2478 1084 2530 c.
1104 2475 1171 2527 dum
1188 2489 1282 2525 sumus
1301 2472 1331 2526 in
1347 2488 1479 2543 corporo,
1504 2477 1537 2527 ut
1563 2478 1592 2528 et
1616 2472 1685 2527 Jobi
1705 2478 1729 2540 4,
1758 2490 1784 2526 r.
1807 2477 1846 2529 19.

158 2561 274 2633 pulvere
296 2561 428 2616 suscitate
451 2561 481 2614 in
507 2560 615 2616 coelum
633 2559 804 2629 introducet,
831 2560 880 2615 sed
904 2560 988 2615 etium
1015 2559 1113 2616 eedem
1142 2557 1305 2628 metephore
1335 2556 1460 2614 hominen
1486 2558 1516 2612 iu
1547 2558 1600 2614 hec
1628 2559 1687 2614 vitu
1717 2558 1847 2614 dicuutur

159 2648 188 2703 iu
205 2647 273 2702 hore
293 2647 402 2715 mortis,
426 2647 538 2718 quondo
555 2645 662 2701 mimas
680 2653 788 2701 nostres
806 2662 856 2717 per
874 2646 987 2718 angelos
1015 2646 1173 2701 inhabitare
1200 2646 1299 2699 domos
1324 2646 1432 2714 ίιιίοοι,
1456 2659 1490 2699 ec
1507 2644 1608 2699 Petrus
1631 2651 1745 2700 mortem
1768 2662 1847 2700 snum

158 2735 188 2790 iu
203 2733 296 2788 unum
311 2750 390 2788 suum
409 2733 552 2789 transferri
570 2740 656 2788 curet.
697 2733 772 2803 lisgo
797 2732 845 2787 ubi
864 2731 989 2788 Christus
1015 2736 1097 2786 vocet
1119 2728 1256 2786 ἀπόθεσιν
1279 2733 1330 2784 τοῦ
1354 2727 1529 2802 οκηνώμοτος
1556 2735 1581 2787 i.
1605 2730 1685 2801 epist
1705 2737 1731 2799 1,
1758 2749 1783 2785 v.
1805 2738 1845 2788 14.

160 2825 213 2888 αἴ,
243 2818 284 2874 ibi
310 2820 427 2890 spctlcli
460 2826 489 2876 ot
517 2835 612 2876 omnes
642 2834 707 2875 vere
733 2817 772 2888 pii
805 2817 900 2873 stetim
926 2822 990 2890 post
1016 2818 1088 2873 sicut
1104 2816 1236 2872 hocloco
1256 2815 1362 2871 Paulus
1385 2813 1535 2872 neritum
1552 2817 1600 2883 τῆς
1616 2820 1740 2887 ἐπιγείου
1760 2822 1848 2880 οἰκίας

160 2912 275 2962 mortem
298 2918 360 2960 esse
382 2904 525 2977 incipiunt
565 2903 631 2960 lum
655 2903 862 2961 runcinatur
895 2905 989 2960 estin
1015 2909 1065 2960 νοῦ
1103 2903 1230 2972 σκήνους.
1288 2902 1371 2958 Retio
1411 2902 1589 2975 metaphorae
1617 2910 1660 2960 est
1692 2905 1846 2961 mnuiiestu

163 2992 253 3065 glorie
271 2996 300 3046 et
316 2988 487 3045 beatitudine
500 2989 622 3059 coelesti,
642 2996 674 3045 ut
685 2995 802 3047 comtet
820 3007 880 3063 cup.
893 2991 989 3047 eodem
1018 2992 1126 3063 Corpus
1157 2989 1230 3045 enim
1260 2988 1412 3045 humsnum
1445 2996 1488 3044 est
1515 3007 1549 3045 ex
1573 2996 1649 3046 terre
1678 2990 1784 3046 fuctum
1814 3008 1848 3047 ec

159 3081 235 3152 Ergo
253 3095 278 3136 ν.
302 3084 348 3134 te:
371 3077 485 3145 Ropubo
504 3078 635 3143 Putrem,
659 3087 685 3134 et
703 3079 793 3133 otiien
811 3081 989 3149 paracletum
1016 3077 1132 3150 proinde
1151 3076 1252 3148 iregile
1269 3083 1298 3132 et
1317 3076 1453 3132 onducum
1472 3077 1561 3132 instes
1573 3076 1753 3147 tubernaculi,
1772 3078 1847 3149 qnod

162 3167 241 3221 dubit
259 3164 344 3231 vobis,
360 3170 391 3217 ut
407 3170 517 3216 monent
533 3161 671 3220 vobiscum
687 3166 718 3219 in
734 3174 884 3221 acernum.
915 3167 990 3238 Ergo
1017 3165 1073 3219 cito
1093 3168 1185 3235 potest
1204 3162 1266 3218 loco
1283 3163 1395 3219 moveri.
1434 3161 1538 3218 Anime
1554 3162 1584 3216 iu
1608 3180 1721 3233 corpore
1739 3163 1848 3221 habitet

162 3249 347 3320 apostolorum
372 3249 478 3304 uuimce
504 3248 588 3307 etum
612 3252 675 3318 post
699 3258 814 3308 mortem
832 3260 991 3309 munierunt
1017 3250 1142 3305 velutin
1163 3249 1260 3314 domo,
1276 3249 1332 3304 imo
1350 3248 1470 3303 velutin
1489 3248 1681 3316 telemacum,
1706 3248 1799 3306 idest
1819 3251 1848 3306 in

160 3336 319 3392 hubitscnln
339 3343 368 3390 et
393 3336 496 3408 templs
515 3334 633 3405 spiritus
658 3335 757 3404 suncti,
779 3339 903 3406 ejusdem
928 3340 990 3397 luce
1017 3336 1183 3407 temporario
1202 3336 1324 3407 quodum
1336 3335 1502 3407 habitaculo,
1523 3337 1596 3392 sicut
1607 3336 1710 3393 milites
1722 3342 1848 3410 tempore

161 3421 330 3491 muniunto,
347 3421 417 3476 olins
431 3421 504 3477 enim
515 3419 633 3491 Spiritus
647 3427 759 3476 senetur
772 3438 828 3476 uon
845 3426 991 3482 mansisset
1017 3423 1083 3480 belli
1099 3423 1136 3478 nd
1153 3430 1263 3494 tempus
1281 3423 1310 3477 in
1334 3422 1521 3479 tubunecnlis
1545 3431 1754 3480 commorentur.
1792 3427 1848 3484 Per

161 3526 224 3565 cum
246 3508 315 3579 ipsis
341 3508 370 3563 in
401 3516 550 3565 ueternum.
598 3507 677 3573 Quae
704 3523 769 3563 vero
796 3508 990 3578 apostolorum,
1016 3509 1170 3584 οἰκοδομὴν
1187 3512 1216 3563 ἐκ
1236 3512 1320 3576 θεοῦ,
1338 3515 1430 3564 οίκίον
1448 3508 1667 3583 ἀχειροποίητον,
1686 3510 1800 3568 αἰώνιον
1817 3515 1848 3570 ἐν

163 3595 258 3651 eaden
276 3595 360 3650 etiem
379 3595 502 3649 omnium
519 3611 584 3650 vere
600 3593 708 3665 piorum
723 3594 777 3648 hcc
795 3593 914 3664 luparie
931 3612 990 3650 sors
1017 3602 1073 3656 τοῖς
1091 3595 1221 3666 οὐρανοῖς
1237 3598 1284 3648 sol
1310 3594 1339 3649 ιὸ
1358 3591 1514 3667 οἰκητήριον
1530 3595 1561 3649 τὸ
1582 3597 1611 3660 ἐξ
1629 3596 1751 3672 οὐρανοῦ
1768 3600 1847 3656 intel·

162 3687 205 3739 cst
226 3686 252 3738 et
267 3677 397 3735 conditio.
431 3679 494 3737 Joh.
517 3686 562 3747 lt,
593 3698 617 3735 v.
645 3685 693 3735 24:
726 3680 830 3749 Peter,
856 3696 923 3748 quos
943 3682 991 3735 ds·
1016 3681 1080 3748 tigit
1100 3680 1304 3737 beatitudinem
1324 3697 1358 3736 ec
1377 3681 1464 3736 vitem
1480 3687 1638 3753 aeternum,
1657 3684 1687 3740 in
1706 3702 1789 3757 quum
1808 3686 1848 3758 pii

163 3769 233 3824 dicti
248 3764 324 3832 niti,
344 3763 419 3830 nolo,
434 3775 465 3816 ut
482 3768 531 3820 nbi
548 3783 598 3834 opo
611 3783 681 3834 sum,
700 3774 726 3820 et
740 3765 787 3819 elli
803 3765 859 3819 sint
878 3783 990 3830 meeum,
1018 3772 1081 3836 post
1107 3773 1223 3821 mortem
1254 3766 1451 3839 suscipiuntur.
1501 3769 1656 3825 Probemus
1687 3772 1739 3828 hoc
1765 3779 1787 3829 1.
1814 3791 1848 3828 oto

163 3864 195 3909 ut
219 3855 331 3908 cidem
358 3849 531 3918 olurs'tutem,
559 3870 644 3916 mium
670 3852 775 3906 deds'sti
791 3850 867 3905 milti.
916 3850 992 3922 Ergo
1016 3853 1212 3921 praecedentis
1222 3854 1327 3923 sopitis
1339 3855 1516 3910 conclusimso
1530 3874 1555 3912 v.
1572 3862 1611 3912 lt.
1626 3860 1702 3927 quod
1718 3860 1748 3912 in
1762 3876 1847 3928 proe-

165 3938 270 3994 nnimse
285 3937 408 4008 piorum,
440 3948 512 4005 quie
538 3940 604 3989 sunt
620 3950 685 3988 cum
702 3937 825 4002 christo,
853 3953 908 3992 nou
928 3942 993 3992 sunt
1019 3938 1089 3989 senti
1104 3945 1145 3992 ost
1163 3947 1382 3994 momentaneum
1401 3949 1428 3995 st
1448 3943 1506 3996 leue
1525 3944 1717 3998 tribulationis
1734 3955 1848 4000 nostroe

29 4039 110 4087 xrln.
124 4037 153 4078 tt.
166 4024 269 4081 otiosae
285 4022 330 4079 vel
344 4037 439 4076 somno
456 4019 573 4090 sopitae,
590 4020 641 4074 sed
653 4020 748 4078 vident
761 4022 863 4078 cnunc
876 4022 992 4092 glorium
1018 4036 1107 4088 supro
1122 4027 1235 4078 nodum
1252 4026 1283 4080 in
1301 4027 1471 4082 usblinituts
1489 4037 1633 4084 oeternum
1653 4032 1764 4100 plurios
1775 4050 1848 4101 pon·

166 4127 199 4166 uc
230 4108 383 4165 cluritstem
409 4113 489 4162 etex
519 4105 571 4161 hnc
594 4105 699 4161 risione
716 4105 821 4175 lucem,
847 4109 992 4179 justitium,
1019 4108 1073 4159 dus
1087 4113 1318 4182 ορινιιίιινιιοοει,
1337 4117 1849 4189 v,1s,n0n00mmpza„r;1,m‚w

166 4196 252 4251 vitum
269 4202 296 4249 Oi
311 4193 444 4250 iwiifiilm
457 4191 626 4263 percipiunt.
655 4190 718 4248 Aci.
732 4198 756 4261 l,
773 4210 799 4249 v.
818 4199 858 4249 55.
878 4191 992 4264 Stepha-
1018 4193 1157 4258 videniur,
1175 4196 1225 4245 ml
1242 4212 1314 4262 quae
1334 4217 1389 4255 non
1409 4201 1563 4271 videntur,-
1577 4219 1648 4270 quae
1663 4204 1736 4256 onim
1753 4205 1848 4260 viden.

166 4299 218 4336 uus
236 4281 381 4336 moriturus
399 4278 478 4332 videt
497 4278 589 4333 coelos
606 4286 734 4348 opertos,
752 4279 813 4333 Dei
827 4280 949 4347 plurium
968 4288 994 4336 st
1019 4287 1066 4333 tur
1097 4277 1264 4346 temporalia
1294 4291 1372 4349 sunt,
1407 4303 1478 4354 quas
1501 4296 1593 4342 autern
1625 4307 1680 4343 non
1709 4291 1848 4360 ridentur,

166 4369 273 4423 Filium
289 4366 405 4422 lerninis
422 4372 540 4419 struem
558 4382 579 4418 u
597 4366 703 4419 deruis
723 4366 795 4434 Dei,
813 4365 943 4421 nimirum
963 4374 995 4422 ut
1022 4373 1137 4418 αοίονιια
1159 4369 1231 4415 sunt.
1281 4365 1351 4421 Cum
1382 4366 1458 4422 hisce
1485 4389 1541 4427 uon
1565 4373 1655 4429 solum
1682 4375 1848 4449 immediate,

167 4453 348 4524 intelligeret,
375 4451 482 4508 coelum
507 4450 561 4506 sibi
576 4452 637 4522 jem
660 4457 770 4523 putere,
797 4464 883 4523 seque
902 4453 994 4507 stetim
1021 4450 1070 4506 sed
1100 4449 1182 4504 etiem
1206 4465 1257 4519 per
1282 4452 1446 4520 perticulam
1471 4455 1689 4515 mtiociuetivem
1706 4460 1762 4537 γάρ
1782 4480 1846 4520 οοο-

168 4559 187 4596 e
208 4539 328 4595 Domino
355 4537 384 4591 iu
409 4537 557 4592 coelestem
582 4538 699 4610 glorium
722 4554 781 4593 csse
799 4537 995 4608 recipiendum,
1018 4535 1147 4607 jungitur
1175 4534 1328 4605 apostolice
1354 4536 1403 4590 ille
1432 4542 1602 4614 consolatio,
1632 4548 1734 4602 scimus
1765 4551 1846 4620 onim,

167 4627 241 4682 unde
257 4626 343 4682 ctiam
357 4640 391 4679 ex
407 4621 463 4678 fide
475 4630 542 4679 oret
560 4640 585 4679 v.
601 4629 648 4680 58:
665 4625 788 4679 Domine
801 4624 873 4678 Jesu
887 4625 995 4695 euripo
1022 4623 1153 4692 quonium
1177 4622 1204 4674 si
1228 4621 1369 4676 terrestris
1393 4624 1491 4676 domus
1519 4638 1616 4684 nostro
1636 4633 1720 4703 liujus
1740 4635 1846 4691 inbitu-

167 4714 298 4783 spiritum
317 4726 416 4778 ossum,
442 4713 575 4778 tanquam
593 4711 750 4782 depositum
768 4710 887 4766 fideliter
905 4719 995 4767 custo
1021 4709 1105 4763 tionis
1131 4706 1309 4776 dissolvitur,
1343 4709 1419 4776 quod
1456 4708 1679 4777 aedificationem
1715 4738 1748 4771 sn
1783 4725 1847 4778 000

170 4798 301 4854 diensium
319 4813 353 4853 ec
365 4793 516 4852 constituto
535 4801 659 4868 tempore
678 4796 863 4863 reddendum,
881 4797 995 4870 perinde
1021 4795 1164 4857 totunm,
1187 4799 1330 4848 eeurnum
1352 4792 1455 4850 scilicet
1478 4793 1549 4850 illud
1573 4812 1606 4851 ec
1629 4797 1768 4855 invisibile
1787 4818 1847 4859 coe·

168 4892 201 4940 ut
227 4885 311 4941 etium
330 4882 455 4940 Christus
485 4877 632 4937 moriturus
659 4883 786 4955 spiritum
812 4903 893 4941 suum
917 4886 995 4942 Petri
1020 4881 1095 4937 lestis
1112 4879 1215 4952 gloriae
1233 4879 1349 4950 pondus.
1387 4882 1470 4935 alie
1486 4882 1668 4953 oppositione.
1706 4884 1844 4942 Aedifiou

168 4971 254 5027 trudit
272 4971 388 5040 docens,
413 4965 506 5024 omnin
530 4969 651 5038 corporis
677 4971 721 5025 sui
744 4971 853 5042 mystici
872 4973 996 5030 membru
1019 4968 1121 5024 tionem
1140 4966 1213 5022 euim
1224 4966 1301 5022 illem
1313 4983 1347 5022 ex
1359 4965 1428 5031 Deo,
1445 4969 1557 5024 domum
1574 4986 1630 5025 nou
1650 4971 1846 5043 mmufsonm,

170 5058 283 5115 eundem
292 5074 355 5113 cum
363 5058 425 5129 ipso
435 5049 647 5109 consolationem
656 5055 684 5110 in
692 5065 779 5112 morte
789 5057 994 5132 hubereetspi-
1020 5062 1159 5111 ueternum
1188 5052 1217 5107 in
1241 5051 1326 5108 coelis
1345 5052 1546 5124 elegentissime
1571 5057 1687 5129 opponit
1703 5058 1845 5128 apostolus

173 5144 238 5199 ritus
252 5143 374 5199 omnium
385 5156 448 5196 rere
466 5138 574 5211 piorum
584 5155 726 5212 ecorpore
738 5143 911 5201 discedentes
917 5147 994 5202 velut
1020 5148 1128 5197 terreno
1145 5139 1268 5195 mortalis
1285 5138 1406 5210 corporis
1423 5141 1508 5196 nostri
1521 5141 1708 5220 tabernaculo.
1739 5143 1846 5215 Corpus

176 5231 326 5303 lepositum
347 5244 366 5280 s.
387 5226 449 5282 Deo
474 5223 576 5294 suscipi
599 5231 628 5280 et
652 5226 681 5281 in
707 5229 853 5284 coelestem
877 5232 993 5301 glorium
1020 5227 1135 5282 mortulo
1151 5232 1234 5282 vocet
1252 5225 1362 5281 domum
1381 5226 1501 5297 ἐπίγειον
1519 5235 1578 5283 tum
1593 5230 1702 5283 rotrone
1720 5231 1847 5301 oripinis,

172 5317 307 5373 nnsimri
337 5319 358 5370 l.
378 5311 453 5368 Petr.
483 5319 513 5377 ί,
533 5328 557 5366 v.
587 5317 624 5368 te.
672 5313 838 5386 Cumprimis
867 5333 934 5374 vero
956 5318 992 5372 dn
1019 5313 1085 5385 quie
1104 5318 1147 5368 est
1167 5329 1200 5368 ex
1217 5320 1292 5368 terre
1306 5311 1422 5383 fectum,
1440 5318 1498 5368 tum
1515 5317 1624 5370 ratione
1641 5317 1805 5372 nutritionis
1819 5326 1846 5373 st
1859 5330 1935 5376 xvim
1948 5330 1981 5374 tt

170 5408 240 5458 stetu
254 5399 405 5458 numerum
423 5399 531 5468 piarum
550 5397 705 5469 emphatice
716 5399 840 5471 loquitur
851 5401 991 5471 spostolus
1020 5400 1190 5469 habitaculi,
1215 5400 1281 5470 quin
1298 5399 1435 5456 fructibus
1455 5419 1488 5457 ex
1508 5409 1583 5458 terre
1599 5404 1778 5459 nascentibus
1796 5406 1845 5460 uli-

165 5494 190 5546 2.
205 5488 264 5545 Cor.
278 5492 304 5556 5,
320 5503 345 5541 v.
367 5491 394 5541 l:
414 5484 531 5555 Scimus,
551 5485 682 5556 quonum
700 5485 728 5538 si
739 5487 880 5540 terrestris
894 5489 991 5544 domus
1018 5492 1063 5542 tur
1081 5491 1228 5542 ulterram
1245 5487 1397 5557 inhabitat,
1413 5496 1473 5544 tum
1492 5490 1602 5545 ratione
1627 5491 1755 5555 lumini,
1779 5492 1846 5564 quie

163 5581 260 5631 nom
278 5572 362 5642 huius
386 5573 570 5631 Minionis
587 5573 773 5640 diuolrmur,
797 5575 874 5642 qnod
889 5576 989 5641 usdili·
1017 5573 1156 5629 luterum
1171 5573 1285 5630 undem
1296 5574 1357 5632 ubit
1367 5576 1571 5648 ecroeclriturt
1583 5578 1633 5633 sed
1645 5576 1844 5638 morimumeu
