4104 6014
948 280 1000 335 DE
1020 279 1158 339 MORTE.
1859 286 1896 342 73

202 442 341 512 offeratur
367 442 448 511 Deo,
479 440 529 509 qui
561 455 608 493 eos
637 447 664 492 et
694 438 819 492 bominss
846 445 872 491 st
898 444 1036 505 martyres
1063 438 1229 492 sanctitatis.
1249 435 1390 492 Honorius
1398 436 1481 492 etiam
1494 432 1897 504 ac'lheodosiusimpsratcres

202 528 285 595 fecit,
310 536 337 580 et
354 528 463 580 sanctis
482 528 542 580 suis
561 526 670 595 anqelis
689 525 803 578 coelati
820 526 925 579 bonore
946 523 1038 577 socia·
1062 523 1081 578 l.
1091 529 1115 580 t.
1125 522 1157 581 C.
1171 524 1206 579 de
1217 540 1318 579 sacros.
1327 523 1425 580 eccles.
1445 521 1591 594 prohibent
1602 527 1755 592 martyrum
1766 517 1897 589 reliquias

87 614 256 681 ¹illliluit,
287 621 319 667 nt
351 630 385 667 ea
419 613 581 667 celebritate
610 620 636 665 et
665 613 728 666 Deo
757 627 823 665 sero
853 613 889 664 de
922 610 1038 664 illorum
1063 610 1199 666 vendere:
1224 612 1314 664 Nemo
1334 617 1471 678 martyres
1491 606 1640 674 intrabat,
1657 625 1736 661 nemo
1753 613 1897 662 mercetur.

204 700 331 754 actoriis
357 700 468 767 pretias
497 715 628 767 aperires,
661 705 688 750 et
718 714 770 750 nos
794 698 836 750 ad
856 697 1039 750 imitationem
1101 703 1158 754 103.
1196 700 1238 752 10.
1258 698 1304 750 Ea
1321 697 1472 757 fraudibus
1490 704 1517 749 et
1536 695 1706 765 imposturis,
1728 710 1799 764 qnae
1818 693 1896 747 circa
1911 685 1943 729 ¹⁰·
1959 687 1993 728 ¹⁴²¹

205 788 304 842 talium
322 803 491 839 cannarum
509 793 592 853 atque
607 784 771 854 palmarum
791 785 889 836 eodem
908 784 1038 836 inuocato
1064 784 1202 854 reliquiae
1219 784 1434 838 committuntur.
1471 782 1541 837 Illae
1566 785 1761 853 sarapropter
1779 740 2026 839 veneta-iiiiii

206 877 235 927 in
254 873 392 929 auxilium
410 888 442 925 ea
460 888 555 925 eorum
567 870 718 925 memoriae
735 871 915 925 renovatione
935 869 1039 923 adlim-
1065 875 1122 923 tem
1142 887 1196 924 non
1215 875 1331 940 pomum
1353 885 1449 924 omues
1468 868 1636 936 enumerari,
1662 874 1775 938 propter
1791 864 1897 920 calidi-
1910 846 2040 943 affin„

205 962 319 1014 temari
339 959 524 1027 Qrmeeunque
537 957 624 1027 iqitur
642 957 811 1011 adhibentur
828 957 960 1025 obsequia
973 955 1039 1009 reli·
1066 960 1150 1011 tatem
1184 956 1327 1010 hominum
1358 972 1404 1012 eas
1436 954 1665 1010 committentium
1699 953 1744 1007 rix
1779 946 2021 1040 possuntfssssff'gss¹

205 1048 346 1115 piosorum
366 1047 394 1098 in
411 1054 565 1114 martyrum
589 1044 666 1112 locis,
684 1051 846 1098 ornamenta
859 1052 924 1097 sunt
940 1058 1040 1094 memo·
1066 1042 1200 1113 indagari.
1250 1042 1355 1112 Ecquis
1389 1041 1462 1095 enim
1491 1039 1568 1095 brevi
1600 1039 1724 1094 oratione
1751 1036 1897 1108 complecti
1910 1054 1994 1089 cuntur.

205 1134 327 1194 sianum,
341 1149 396 1186 non
413 1148 498 1185 sacra
517 1130 897 1196 selsacrifieiamcrtuorum
907 1137 1040 1197 tanquam
1067 1132 1159 1199 potest
1189 1127 1318 1183 fabulosa
1349 1127 1398 1182 illa
1428 1127 1574 1199 figmenta,
1607 1142 1679 1197 quae
1708 1125 1743 1179 de
1775 1124 1899 1195 reliquiis

206 1221 327 1274 rismum.
360 1218 520 1287 Quicunque
539 1218 623 1270 etiam
638 1217 737 1287 epulas
761 1233 829 1269 snas
848 1232 880 1270 eo
899 1216 1040 1279 defannt,
1068 1214 1186 1285 simplici
1216 1214 1378 1286 plebeculae
1404 1214 1480 1270 inere
1506 1212 1666 1268 inculcata?
1705 1211 1808 1283 Ecquis
1836 1227 1901 1265 con-

206 1306 410 1376 quapridem
430 1321 449 1356 a
470 1304 639 1359 Cbristianis
655 1303 817 1357 melioribus
836 1320 892 1355 non
909 1302 948 1370 fii,
966 1309 992 1353 el
1011 1300 1042 1352 in
1068 1300 1247 1357 tradictionee
1272 1308 1301 1356 et
1317 1301 1483 1372 imposturas
1512 1300 1625 1355 istorum
1644 1314 1813 1369 mangonum
1832 1297 1900 1351 satis

202 1392 348 1463 plerisque
372 1398 512 1443 senarum
537 1391 632 1451 nulla,
646 1390 715 1443 tales
735 1397 775 1441 est
795 1389 964 1443 consuetudo
992 1385 1043 1453 (in-
1069 1388 1154 1461 digne
1166 1404 1336 1460 exaggerare
1356 1386 1466 1458 potest?
1510 1386 1686 1458 Augustinus
1710 1385 1736 1440 d.
1756 1385 1773 1438 l.
1791 1385 1827 1440 de
1844 1401 1901 1438 mo·

207 1478 333 1533 talanat
359 1475 405 1530 hic
432 1491 491 1530 mos
515 1476 663 1547 praecipue
687 1475 717 1529 in
738 1474 852 1529 Africae
876 1472 1042 1545 quibusdam
1070 1476 1165 1530 naohis
1191 1475 1368 1546 reliquiarum
1392 1472 1624 1529 nundinatoribus
1653 1487 1824 1541 conquerens
1853 1488 1903 1542 per

209 1564 290 1631 locis,
318 1563 413 1620 sedin
431 1561 493 1616 eliis
506 1562 659 1632 provinciis
676 1560 799 1632 episcopi
818 1577 880 1615 eum
901 1557 1043 1623 taxabant,
1071 1563 1210 1634 quandam
1240 1558 1437 1632 ἐπανόρθωσιν
1465 1560 1623 1631 subjungit,
1661 1559 1689 1613 si
1718 1559 1800 1613 modo
1840 1565 1904 1612 sunt

208 1650 283 1705 unde
299 1667 362 1705 cum
381 1649 491 1704 Menios
509 1648 662 1721 Augustini
686 1654 774 1702 mater
794 1646 931 1702 referente
946 1645 1043 1701 eodem
1070 1658 1226 1717 martyram
1243 1647 1385 1718 reliquiae,
1405 1654 1436 1701 ιιι
1453 1645 1599 1714 significet,
1614 1644 1741 1715 jamdum
1764 1660 1815 1698 suo
1835 1650 1902 1698 tem·

210 1735 259 1792 lib.
290 1741 313 1791 6.
345 1735 462 1791 confess.
492 1751 552 1806 cap.
583 1740 607 1789 2.
637 1734 674 1788 ad
706 1732 853 1789 memoriae
884 1737 1043 1786 sanctorum
1069 1751 1137 1806 pore
1155 1734 1304 1789 invaluisse
1321 1733 1424 1789 abusus
1449 1738 1477 1788 et
1493 1733 1659 1804 imposturae
1676 1736 1750 1788 circa
1762 1728 1904 1802 reliquias.

212 1820 362 1876 Mediolani
386 1821 478 1891 pultes
504 1826 533 1875 et
554 1835 653 1891 panem
674 1826 703 1875 et
728 1834 833 1874 merum
852 1817 990 1873 attulisset
1010 1833 1043 1870 ec
1070 1822 1258 1877 Persuadetur
1284 1819 1401 1887 stolidus
1433 1820 1569 1890 populus,
1600 1818 1763 1890 sanguinem
1793 1816 1904 1887 Christi,

210 1906 321 1962 ostiario
340 1906 474 1975 dedisset,
502 1904 665 1960 Ambrosius
684 1904 713 1958 ld
731 1903 790 1959 fieri
807 1903 911 1968 vetuli,
932 1918 968 1956 ne
985 1901 1044 1956 ulla
1070 1909 1118 1981 qui
1136 1909 1171 1963 de
1189 1909 1249 1978 gjuq
1267 1908 1353 1963 latere
1373 1907 1401 1960 in
1421 1922 1504 1961 cruce
1523 1905 1670 1976 profluxit,
1690 1905 1782 1960 adhuc
1801 1904 1831 1959 in
1849 1910 1903 1960 tgr.

210 1993 318 2048 occasio
344 1993 457 2047 sursum
484 1991 599 2046 ebriosis
633 2007 663 2046 so
688 1990 895 2062 ingurgitandi,
923 1997 951 2044 a
977 1988 1043 2071 quis
1070 1995 1107 2049 ris
1128 1996 1292 2058 conservari,
1311 2012 1362 2050 nes
1381 1994 1469 2049 solum
1485 1996 1592 2047 ennae
1612 1993 1640 2047 in
1658 1993 1774 2048 antesin
1789 1991 1901 2047 Laura

210 2079 259 2134 illa
276 2080 355 2150 quasi
382 2078 538 2150 parentalia
563 2077 753 2149 superstitioni
780 2075 925 2148 gentilium
952 2078 1045 2130 essem
1071 2082 1149 2136 nensi
1182 2081 1317 2136 contineri
1348 2080 1449 2135 dicitur
1478 2092 1507 2134 et
1540 2079 1586 2135 dis
1619 2078 1767 2151 paschatos
1799 2078 1902 2149 populo

210 2165 374 2234 simillima),
403 2173 496 2219 tanen
514 2164 669 2235 qstcanqus
690 2163 723 2216 id
739 2163 864 2230 saarim,
895 2179 964 2232 quas
983 2178 1044 2213 sum
1071 2167 1230 2222 adorandm
1249 2167 1418 2235 ostenditur,
1444 2172 1514 2222 teste
1537 2165 1615 2221 Biele
1638 2165 1701 2221 leet.
1730 2171 1768 2220 ιο.
1795 2164 1823 2217 in
1842 2180 1893 2219 can

210 2253 404 2323 apposuerint,
427 2258 510 2305 oram
530 2258 557 2303 et
577 2253 727 2317 auferunt,
741 2257 771 2302 nt
787 2257 935 2303 vescantur
952 2247 996 2301 vel
1013 2263 1046 2300 ct
1071 2255 1183 2320 missae,
1216 2254 1265 2308 sed
1298 2254 1381 2309 etiam
1411 2252 1473 2307 aliis
1506 2253 1535 2307 in
1561 2252 1630 2307 locis
1660 2267 1744 2323 quam
1769 2250 1903 2321 plurimis.

212 2339 252 2392 eis
272 2339 357 2391 etiam
379 2337 568 2405 indiqentibus
601 2337 778 2404 larqiantur,
806 2334 981 2400 sanctificari
1006 2334 1046 2387 ibi
1069 2342 1139 2396 Tros
1168 2341 1295 2414 guttulas
1324 2341 1353 2395 in
1389 2339 1598 2396 circumcisione
1634 2339 1741 2394 effusae
1775 2343 1903 2392 osteum
1918 2340 1983 2383 ΠΗ.
1998 2338 2042 2383 tta

212 2442 261 2477 ‘⁰⁸
278 2425 374 2478 'mlum
386 2441 441 2494 PC?
458 2424 559 2477 ’'imi“
576 2431 732 2492 mmmm
754 2424 784 2474 in
801 2423 911 2476 ”omine
929 2418 1047 2472 D0m2'm'
1072 2428 1137 2481 clim
1155 2425 1268 2481 fuerunt
1288 2427 1475 2497 Argentinae,
1500 2426 1573 2481 aliae
1598 2425 1633 2481 de
1653 2442 1734 2480 cruce
1752 2441 1802 2495 per
1820 2423 1903 2480 Nico·

213 2521 376 2579 mmtmum.
451 2511 517 2564 Non
563 2517 654 2563 nutem
700 2511 756 2562 istc
799 2524 858 2563 esse
903 2506 1045 2576 saonfiria
1073 2513 1147 2568 demi
1177 2512 1362 2568 chirothecam
1394 2520 1526 2583 exceptae
1557 2512 1739 2567 ostenduntur
1767 2510 1904 2582 Rupellas

213 2606 365 2666 martanam
390 2597 480 2659 ccvii·
503 2597 553 2665 qui
574 2594 649 2650 novit
671 2613 770 2664 vestm,
795 2596 872 2664 quod
897 2595 960 2646 Deo
983 2592 1046 2645 illic
1072 2599 1229 2668 Pictonum,
1247 2599 1348 2670 plenae
1363 2598 1474 2669 phialae
1492 2598 1633 2668 Mantuae,
1652 2597 1775 2670 liquidus
1792 2598 1820 2651 in
1839 2614 1905 2654 vase

214 2685 345 2754 offertum
380 2683 552 2748 mortitium
592 2681 823 2738 Ulrltlt'amm·
862 2680 923 2733 N⁰⁸
950 2679 1046 2746 fluant
1073 2686 1234 2758 crystallino
1255 2685 1459 2740 demonstratur
1477 2684 1579 2740 Bilioni
1598 2685 1627 2739 in
1647 2685 1785 2753 Aternia,
1803 2700 1905 2755 coagu-

214 2778 351 2838 martprss
380 2768 485 2823 diuinis
513 2767 666 2822 bonoribus
691 2784 747 2821 non
776 2766 893 2820 colimus
915 2771 965 2820 stc·
996 2781 1046 2817 uec
1073 2771 1147 2827 letus
1166 2772 1193 2826 in
1214 2771 1275 2825 vico
1294 2771 1429 2841 proximo,
1447 2771 1537 2841 plenis
1555 2770 1659 2840 pateris
1678 2770 1782 2826 effusus
1799 2771 1906 2825 Romae

213 2857 404 2911 conaitssimus
435 2855 610 2921 sacerdotes,
643 2870 693 2907 nec
722 2853 864 2923 offerimus
895 2851 1046 2917 amiticia,
1073 2859 1109 2913 ad
1137 2858 1295 2926 Eustachii3
1325 2857 1438 2929 sanguis
1470 2874 1503 2912 ex
1529 2873 1644 2928 corpore
1671 2857 1799 2924 exanimi,
1818 2856 1905 2927 prios-

213 2943 282 3012 quia
306 2944 503 3011 inconqruum,
535 2940 702 3005 indebitam,
731 2938 862 2992 illicitum
891 2945 934 2991 est
964 2945 1047 3006 atqua
1074 2961 1157 3017 quam
1177 2944 1358 3015 sepeliretur,
1381 2949 1507 2998 extensus
1538 2943 1640 3013 Brugis
1663 2943 1692 2997 in
1710 2943 1842 2998 Flundria
1868 2943 1906 2997 ad

213 3030 264 3082 uni
274 3031 338 3082 Deo
356 3028 546 3081 Mamucio
563 3027 692 3081 ἀιὸιιιιπι.
711 3024 760 3082 lib.
774 3025 810 3079 ds
830 3023 926 3081 morib.
949 3024 1047 3081 eccles·
1074 3031 1185 3099 Basilii,
1211 3046 1299 3102 aquae
1317 3030 1457 3084 admixtus
1475 3035 1508 3084 ut
1525 3045 1559 3084 ex
1576 3028 1662 3084 latere
1681 3028 1773 3093 fluxit,
1801 3029 1907 3083 Romae

213 3115 314 3171 semol.
333 3131 356 3169 ιι.
376 3119 423 3169 341
442 3113 538 3168 Nolite
557 3114 715 3166 consectari
731 3113 827 3166 turbat
845 3111 1047 3181 imperitorum,
1074 3118 1110 3172 gd
1128 3117 1265 3172 ,Iohannis
1284 3115 1481 3171 Lateranensis
1497 3123 1549 3172 ete,
1575 3116 1624 3172 sed
1641 3115 1763 3171 Thomu
1791 3120 1863 3186 part,
1882 3119 1905 3170 3,

215 3205 263 3272 qui
277 3203 307 3255 in
324 3202 388 3271 ipsa
406 3216 473 3253 nera
492 3199 629 3267 religione
645 3198 840 3268 superstitiosi
855 3205 926 3251 sunt.
963 3198 1047 3266 Noui,
1074 3223 1100 3276 q,
1121 3210 1161 3259 54,
1185 3209 1236 3258 nrt,
1263 3208 1285 3258 2,
1319 3210 1403 3256 iotam
1435 3200 1542 3256 Carmei
1571 3203 1734 3273 sanquinem
1766 3203 1795 3255 in
1824 3218 1907 3255 aare

215 3290 314 3343 multos
334 3304 393 3341 esse
415 3288 606 3356 sepulcrorum
635 3292 660 3339 et
674 3287 853 3354 picturarum
869 3285 1047 3347 adoratores,
1075 3293 1191 3361 effessum
1209 3290 1330 3343 rediisse
1350 3289 1380 3342 in
1403 3305 1509 3358 corpas
1534 3288 1650 3357 eremit,
1673 3304 1707 3341 ae
1733 3288 1907 3358 sanquinem,

215 3375 281 3427 twvt'
300 3374 409 3436 mullo&
430 3371 480 3442 φῖ
499 3389 560 3424 tvm
580 3371 800 3425 limrivtt'ttt'mt
820 3376 906 3439 διψῶ·
926 3375 1047 3424 mortuos
1076 3377 1171 3447 quiin
1191 3377 1356 3445 quibusdam
1381 3375 1505 3430 antestis
1525 3392 1582 3444 pro
1606 3374 1736 3443 reliquiis
1761 3390 1908 3427 conserua-

216 3461 308 3514 bibant
343 3467 368 3514 et
388 3458 489 3528 milles
522 3458 708 3511 cadaverinis
729 3457 885 3512 exhibentes
903 3474 987 3526 super
1006 3473 1048 3509 ιι·
1074 3471 1128 3533 tur,
1146 3481 1202 3517 non
1217 3463 1334 3532 placasse
1353 3464 1388 3515 de
1414 3461 1522 3516 Christi
1540 3461 1642 3529 latere,
1661 3462 1714 3514 sed
1738 3460 1908 3515 miraculose

215 3548 312 3617 pultos
341 3563 370 3599 se
402 3547 479 3616 ipsos
511 3544 655 3613 sepeliant.
711 3543 833 3615 (Excipit
864 3542 1049 3599 Bellarmiuue
1075 3550 1135 3604 diei
1154 3550 1296 3614 effloruisse
1314 3549 1349 3601 de
1373 3550 1498 3617 quartam
1522 3548 1645 3614 imoqins
1672 3548 1780 3603 Christi
1792 3565 1907 3620 paene-

216 3634 403 3701 Aaqustinurn
422 3632 490 3685 baec
502 3630 651 3698 scripsisse
671 3631 753 3685 ins'tio
770 3631 960 3685 conversionis
972 3648 1048 3694 suae,
1074 3654 1116 3694 sn.
1162 3634 1341 3690 innocentius
1373 3650 1447 3704 papa
1476 3634 1511 3687 de
1539 3633 1592 3687 hac
1618 3633 1780 3704 quaestione
1806 3633 1907 3689 dubius

213 3721 392 3793 postmodnm
409 3725 504 3771 autem
522 3717 736 3785 reprehendisse
755 3719 869 3786 quidesse
888 3718 968 3771 illam
986 3734 1049 3770 eon·
1074 3729 1134 3786 est,
1174 3729 1206 3775 ut
1240 3720 1334 3776 videre
1370 3719 1437 3775 licet
1472 3719 1519 3774 lib.
1557 3725 1581 3775 l.
1625 3736 1685 3790 cap.
1724 3725 1765 3776 ³0,
1800 3726 1829 3775 et
1864 3725 1905 3776 31.

217 3807 404 3872 suetudinem,
431 3805 481 3873 qni
498 3804 668 3861 sacrificium
687 3804 775 3873 panis
794 3811 821 3857 et
838 3803 899 3857 sini
914 3803 1048 3857 aliarum·
1075 3806 1231 3863 Forchemii
1271 3807 1299 3860 in
1347 3806 1503 3860 Franconia
1545 3806 1729 3860 ostenduntur
1774 3805 1907 3878 reliquiae

217 3910 269 3963 qus
289 3892 437 3962 epularum
455 3890 582 3943 mnnibm
601 3890 800 3953 defunctorum
818 3891 978 3960 offerebant,
997 3892 1049 3944 sed
1075 3911 1138 3948 eum
1183 3892 1361 3964 inscriptions
1406 3892 1567 3945 sanctuarii
1605 3892 1702 3960 iqnoti.
1765 3890 1907 3948 lohannes

217 3997 273 4032 non
293 3987 424 4048 tanquan
444 3976 652 4031 idololatriam.
697 3975 919 4046 Respondemus:
946 3975 1050 4031 sufficit
1077 3980 1222 4045 Bocatius,
1253 3979 1301 4050 qui
1327 3978 1421 4034 floruit
1453 3995 1517 4033 auu.
1543 3983 1616 4036 1³13.
1639 3978 1669 4032 in
1687 3995 1737 4033 suo
1755 3977 1907 4032 Decamero

217 4064 304 4130 nobis,
323 4063 398 4136 qnod
416 4067 445 4118 et
463 4059 627 4116 Ambrosius
645 4067 674 4116 et
691 4060 866 4132 Augustinus
880 4063 1049 4133 superstitio·
1075 4066 1182 4121 inducit
1199 4066 1380 4129 monachum,
1406 4065 1453 4136 qui
1472 4064 1540 4120 mire
1552 4063 1680 4136 'magitat
1696 4063 1841 4134 reliquias,
1870 4065 1910 4119 ait

218 4168 280 4207 nem
300 4151 375 4204 iilam
395 4164 429 4203 ex
448 4147 606 4220 gentilismo
619 4153 707 4203 ortam
724 4148 870 4204 manifeste
882 4149 1049 4219 improbant,
1077 4154 1164 4222 enim,
1196 4168 1225 4206 ss
1253 4152 1382 4205 attulisse
1408 4168 1441 4204 es
1460 4152 1574 4204 Oriente
1602 4168 1658 4204 non
1684 4149 1755 4204 nibil
1784 4167 1817 4202 es
1840 4166 1909 4204 sono

219 4237 350 4310 quodque
367 4234 550 4290 Bellerminus
570 4233 705 4303 concedit,
728 4236 844 4289 nimium
862 4237 965 4289 cultum
982 4238 1050 4291 reli·
1077 4258 1294 4312 campanarum,
1326 4255 1397 4309 qtae
1430 4244 1512 4291 erant
1542 4237 1571 4289 in
1606 4236 1709 4304 templo
1739 4235 1908 4304 Salomonis,

219 4325 350 4394 quierem
368 4322 434 4391 jure
451 4319 648 4390 reprehensum
671 4336 741 4383 aas,
769 4321 837 4393 quid
860 4339 927 4378 vero
951 4323 1004 4380 hac
1022 4324 1050 4379 iu
1078 4328 1178 4384 deinde
1199 4332 1230 4381 ut
1247 4325 1381 4381 ementita
1398 4321 1538 4377 Francieci
1558 4321 1690 4394 stigmata
1702 4320 1909 4393 perstringeret,

219 4427 249 4465 re
267 4410 304 4464 sit
320 4407 435 4462 nimium
458 4413 487 4461 et
509 4405 779 4477 reprehendendum,
811 4408 878 4479 quid
897 4410 1050 4479 legitimum
1078 4414 1185 4469 inducit
1204 4413 1319 4468 eundem
1345 4410 1511 4465 monachum
1535 4425 1585 4479 pro
1611 4406 1743 4462 concione
1763 4406 1908 4474 dicentem,

219 4505 247 4554 et
265 4494 490 4564 concedendum,
512 4494 634 4548 omnium
650 4493 754 4565 optime
771 4512 805 4548 ex
824 4494 983 4566 Scripturas
1005 4498 1051 4551 de·
1077 4501 1178 4568 capelo
1207 4498 1365 4568 Serapbino
1392 4496 1528 4549 excidisse
1552 4494 1662 4564 aliquot
1686 4493 1821 4563 capillos,
1848 4512 1910 4547 enm

219 4583 343 4638 linitione
361 4580 418 4652 peti
435 4583 548 4652 potest.)
575 4580 622 4635 lib.
646 4581 683 4636 de
708 4597 792 4652 opere
818 4581 944 4638 monach.
967 4600 990 4636 c.
1009 4589 1051 4640 28.
1080 4587 1233 4639 Francisco
1253 4582 1435 4653 apparuisset
1453 4581 1586 4648 stigmata
1602 4579 1805 4649 impressurus,
1823 4596 1910 4649 quare

219 4668 397 4741 conqueritur
422 4666 457 4723 de
475 4667 617 4722 monachis
636 4669 731 4723 otiosis
749 4683 782 4722 ac
804 4669 883 4739 vagis
899 4673 1051 4740 martyrum
1079 4688 1108 4725 se
1126 4671 1194 4725 illas
1215 4670 1336 4740 capillos
1356 4669 1428 4721 inter
1443 4665 1519 4720 alias
1536 4666 1674 4736 reliquias
1693 4667 1786 4721 adbuc
1800 4667 1909 4721 labere.

220 4755 351 4827 reliquiae
369 4752 568 4817 vendentibus:
589 4755 614 4808 O
632 4754 707 4807 serni
728 4756 791 4823 Dei,
813 4755 917 4808 milites
936 4756 1052 4824 Christi,
1082 4758 1150 4820 Quis
1167 4774 1224 4810 non
1242 4756 1330 4822 sidet,
1356 4754 1396 4808 ait
1420 4752 1570 4824 Vergerius
1587 4754 1616 4809 in
1636 4759 1759 4809 mactat.
1777 4753 1814 4807 ad
1834 4757 1910 4806 cata·

220 4844 296 4896 nane
319 4842 506 4896 dissimulatis
531 4841 713 4894 callidissimi
736 4842 822 4895 bostis
841 4842 977 4905 insidias,
1004 4843 1055 4911 qui
1078 4844 1134 4914 log.
1152 4842 1283 4896 haeretic.
1301 4847 1366 4896 tom.
1390 4848 1410 4896 1.
1435 4857 1509 4911 oper.
1527 4858 1554 4911 p,
1573 4846 1630 4896 256.
1653 4858 1783 4910 quornm
1803 4856 1911 4908 compo·

221 4930 320 4984 bonam
336 4930 446 4993 famam
465 4934 599 4994 cestram,
623 4934 679 4981 tam
699 4927 798 4981 bonum
819 4928 922 4981 Cbristi
938 4929 1053 4982 odorem
1079 4939 1129 4983 nat
1147 4945 1244 4982 sonum
1269 4944 1472 5000 campanarum
1489 4945 1552 4980 cum
1570 4926 1744 4995 stipantibus
1763 4925 1913 4980 blancisci

221 5018 297 5072 omni
321 5017 404 5071 modo
429 5014 544 5084 cupiens
564 5013 732 5077 obscurare,
752 5014 901 5084 putoribus
918 5015 978 5068 suis
995 5022 1053 5069 tam
1080 5024 1106 5070 et
1126 5033 1188 5069 eum
1218 5013 1354 5084 cappillis
1383 5013 1500 5083 anqelit
1524 5012 1656 5066 nimirum
1678 5012 1746 5080 quia
1769 5019 1798 5064 ut
1816 5011 1911 5065 nullus

220 5104 322 5159 multoe
339 5103 500 5174 bqpocritas
529 5101 578 5153 sub
610 5099 706 5153 babitu
735 5101 932 5155 monaeborum
955 5094 1136 5173 usque-lfait
1154 5103 1184 5156 in
1211 5101 1314 5171 templo
1347 5096 1509 5154 Memoris
1531 5115 1734 5167 campanorum
1759 5115 1838 5166 usus,
1863 5097 1914 5166 qui

221 5208 362 5263 quaquam
389 5188 526 5258 dispersit
533 5229 540 5253 ,
568 5185 768 5239 stratam-nas
786 5188 960 5256 ρνουίιιείαε,
989 5176 1234 5264 nus-{admodum
1261 5203 1358 5240 reeens
1386 5193 1440 5255 est,
1469 5187 1510 5239 ita
1534 5184 1677 5254 fabulosa
1713 5200 1822 5254 quoque
1847 5184 1912 5251 sint,

222 5295 304 5348 quam
332 5276 445 5342 missos,
474 5289 611 5343 autetiam
641 5272 730 5338 βίοι,
768 5288 905 5341 essequam
943 5270 1152 5346 nantcaiqrme
1173 5276 1210 5328 de
1228 5273 1329 5340 anquis
1353 5272 1521 5342 Serapbino,
1540 5270 1737 5340 quodecilieet
1758 5269 1912 5324 lianciwo

222 5379 360 5434 nusquam
377 5360 509 5428 sedentes,
527 5357 583 5411 alii
601 5357 723 5451 nqembra
737 5364 899 5429 mammen,
916 5362 943 5412 ei
961 5344 1189 5441 tamenlOiristi
1216 5359 1335 5413 vulnera
1365 5356 1553 5428 impresserit,
1584 5356 1614 5409 in
1641 5356 1770 5410 Romana
1795 5355 1913 5410 scenae

223 5457 393 5518 martyrum,
410 5447 555 5499 venditant
568 5451 593 5497 et
606 5458 700 5496 omnes
713 5451 820 5513 patrant,
838 5448 1241 5521 mnsesses'quntlcreduntnr.
1289 5443 1392 5516 Negari
1422 5443 1500 5497 nulla
1527 5441 1652 5497 cadmus
1688 5441 1781 5512 specie
1812 5447 1912 5513 potest,

223 5541 272 5589 ant
288 5542 394 5588 rumim
407 5529 686 5599 lucrosasepestatis,
704 5537 754 5583 aut
766 5529 916 5584 annuns
932 5534 1052 5603 pretinm
1066 5526 1163 5591 lunius
1188 5531 1277 5587 sancti
1304 5547 1367 5586 ossa
1390 5530 1434 5585 vel
1459 5527 1583 5584 membra
1612 5527 1656 5583 vel
1674 5528 1779 5584 laceras
1797 5530 1913 5586 vasum
