4104 6014
873 274 926 331 DE
951 274 1092 334 MORTE.
1772 283 1831 341 153

130 432 201 486 dari
215 433 395 503 iniqnitatnm
413 439 439 485 et
457 433 609 487 recordari
626 433 812 501 justitiarum.
862 432 967 488 111111-
981 425 984 509 l
996 453 1021 489 v.
1043 439 1066 490 1.
1088 452 1145 505 per
1161 449 1243 505 passm
1265 448 1406 487 occasum
1424 432 1557 487 habemas
1575 433 1632 496 fide
1649 433 1692 485 ad
1707 430 1833 501 praciam

131 518 192 573 dari
211 518 391 589 iniquitatum
410 526 453 573 cst
472 519 571 590 punire
588 525 720 588 peccata,
753 518 892 573 recordari
917 519 967 589 ju·
996 523 1092 587 illam,
1116 520 1147 574 in
1167 539 1224 590 qna
1248 528 1354 575 damus
1375 527 1400 574 et
1425 519 1584 588 ploriamnr
1603 518 1634 572 in
1654 534 1704 587 spe
1721 517 1832 587 plorioe

131 605 271 659 stitiarum
295 610 337 658 est
361 604 530 659 remunerari
555 605 681 675 justitias
706 606 764 659 sive
785 604 859 659 bona
876 621 968 675 opera,
981 660 982 681 ,
995 608 1117 670 filioram
1137 607 1197 660 Dei
1201 627 1213 676 ,-
1241 604 1381 660 Christum
1409 621 1469 659 esse
1488 603 1666 660 credentibus
1678 603 1832 672 justitiam,

132 690 207 760 quod
226 706 276 744 nos
295 690 412 745 libenter
430 691 624 756 concedimus,
649 691 753 762 quippe
778 691 825 760 qui
851 707 884 745 ex
903 688 1247 771 spo-{eanodrioationem
1264 708 1299 745 ac
1319 690 1520 745 redemtionem
1550 696 1571 745 1.
1597 689 1661 746 Cor.
1684 695 1713 755 l,
1741 707 1768 743 r.
1787 693 1830 745 30.

134 774 209 831 stolo
227 775 384 838 didicimus,
400 777 538 845 pietatem
556 777 800 846 babereprnemia
808 777 970 846 praesentis
995 780 1077 833 Nihil
1100 777 1292 832 damnationis
1309 792 1370 830 esee
1389 777 1420 828 in
1435 776 1486 845 iis,
1512 775 1562 844 qui
1578 782 1642 828 sant
1668 775 1700 828 in
1718 773 1831 828 Christo

130 869 156 914 et
176 867 301 931 jutnrae
325 863 399 915 citae
424 861 586 928 111111,
615 879 642 919 v.
668 868 683 919 8
710 862 760 916 sed
778 879 811 916 ex
835 878 868 916 eo
885 845 1073 926 nimiisom.
1102 870 1133 933 8,
1163 881 1190 916 v.
1224 870 1246 919 1.
1271 864 1325 917 aed
1352 878 1402 931 epe
1430 862 1497 916 illos
1520 862 1616 915 seinos
1643 876 1702 914 esse
1733 862 1829 926 factos

130 945 211 1018 large
236 948 323 1003 111111
339 947 545 1016 Bellarminus,
574 948 822 1003 remunerationem
845 947 967 1017 justitia·
980 936 983 1025 Ξ
994 969 1018 1004 v.
1039 957 1079 1007 21.
1098 966 1149 1006 nec
1169 966 1335 1021 quemquam
1354 964 1422 1016 esse,
1442 948 1556 1020 quiens
1575 954 1688 1001 aocmet
1702 948 1746 1000 vel
1764 963 1829 1001 con-

130 1050 191 1087 rum
219 1032 279 1089 fieri
311 1050 345 1086 es
362 1034 475 1094 merito,
506 1032 578 1086 sicut
610 1049 699 1103 pocnn
728 1033 904 1103 iniquitatum
934 1028 1105 1121 cridemnet
1133 1055 1159 1095 v,
1178 1042 1220 1091 33.
1244 1041 1274 1090 11
1294 1041 1335 1091 31.
1358 1051 1421 1089 cum
1446 1033 1514 1089 certi
1538 1032 1595 1088 siut
1624 1035 1660 1086 de
1681 1035 1778 1101 pratia
1803 1041 1831 1086 et

132 1117 230 1173 merito
247 1117 392 1189 infligitur,
411 1123 454 1172 est
469 1117 543 1172 enim
563 1118 616 1174 hac
634 1119 663 1172 iu
682 1126 763 1188 parte
781 1115 877 1188 'dispar
895 1118 966 1172 ratio
979 1156 982 1229 p
994 1124 1095 1187 fauore
1112 1123 1173 1175 Dei
1195 1140 1220 1175 v.
1241 1127 1283 1177 38.
1304 1138 1339 1175 ao
1357 1123 1444 1175 odam
1463 1129 1607 1173 menam
1626 1118 1748 1172 babeant
1763 1117 1830 1173 roh.

130 1204 205 1260 inter
221 1205 296 1260 bons
315 1210 344 1260 et
362 1204 436 1258 mala
454 1220 546 1275 opera,
565 1211 593 1259 et
612 1205 683 1259 inter
700 1221 818 1274 poenam
832 1205 966 1258 malorum
979 1240 981 1271 :
994 1215 1024 1272 3,
1051 1226 1076 1261 v.
1097 1213 1137 1263 ³6.
1157 1224 1214 1278 qua
1234 1223 1284 1278 spe
1301 1207 1384 1263 etism
1407 1209 1534 1276 pandent
1559 1204 1639 1259 Rom
1662 1209 1707 1265 12,
1738 1221 1764 1260 r.
1786 1209 1826 1260 12.

132 1305 166 1345 ac
183 1290 434 1346 remunerationem
449 1289 583 1344 bonorum
598 1307 720 1361 operum,
733 1296 765 1344 ut
776 1290 843 1344 alibi
857 1289 966 1360 plonius
994 1312 1056 1348 enm
1068 1295 1181 1364 Jidaeic
1200 1295 1243 1347 od
1254 1294 1382 1347 tironum
1399 1293 1512 1362 pretias
1530 1292 1667 1344 1111111111
1689 1288 1775 1344 Hebr.
1804 1295 1828 1356 i,

131 1376 314 1432 ostendimus.
351 1375 496 1446 Propheta
513 1376 618 1430 nullam
639 1377 798 1431 moritorum
822 1376 965 1443 bonorum,
992 1398 1019 1436 v.
1041 1386 1079 1435 te.
1099 1387 1127 1435 et
1145 1379 1207 1434 Deo
1234 1381 1296 1432 sine
1322 1379 1422 1430 timore
1446 1378 1570 1431 seruiunt
1594 1375 1663 1432 Luc.
1685 1382 1714 1443 1,
1739 1393 1767 1430 r.
1787 1381 1830 1431 ts.

130 1462 180 1516 sed
193 1464 374 1532 justitiarum
394 1463 560 1517 mentionem
578 1462 662 1529 iacit,
688 1463 724 1516 de
742 1480 792 1517 suo
811 1462 897 1532 igitur
915 1462 965 1517 hoc
993 1466 1068 1520 unde
1087 1467 1117 1519 in
1131 1482 1204 1536 paee
1222 1464 1332 1520 beatam
1357 1480 1391 1519 ex
1416 1464 1470 1519 hac
1488 1465 1546 1517 vita
1564 1461 1700 1516 drdiooss
1718 1470 1747 1517 et
1762 1460 1829 1515 emi-

132 1548 316 1604 Bellarminue
336 1549 441 1618 adjicit
488 1553 515 1602 2.
534 1551 696 1603 Recordari
720 1549 897 1618 iniquitate-m
926 1557 966 1602 eet
993 1550 1148 1623 grationem
1173 1551 1209 1606 ad
1235 1551 1387 1605 Dominum
1415 1557 1577 1620 exspectant
1599 1549 1669 1605 Luc,
1688 1554 1718 1616 2,
1741 1566 1766 1603 n.
1788 1552 1828 1603 19.

132 1636 244 1706 quidem
254 1636 493 1704 panderednon
510 1636 612 1703 punire
625 1636 815 1692 inacternnm.
848 1635 882 1688 Ut
892 1636 965 1688 enim
994 1639 1316 1699 1111111111.
1353 1636 1393 1690 At
1410 1637 1434 1690 si
1450 1636 1506 1691 fide
1520 1634 1680 1706 justificati,
1705 1634 1828 1689 nondum

131 1723 261 1790 institiae
287 1724 443 1776 tradentur
462 1722 612 1784 oblivioni,
638 1723 752 1790 peranda
776 1722 867 1790 jnstns
885 1739 904 1773 a
917 1722 966 1790 jn·
993 1732 1086 1778 tamen
1117 1722 1199 1794 plene
1228 1723 1342 1794 purgati
1373 1723 1492 1788 scirent,
1521 1720 1745 1776 descendendum
1776 1719 1829 1773 sibi

130 1809 209 1862 stitia
227 1825 256 1861 se
275 1809 384 1876 avertit,
402 1826 459 1860 non
477 1811 554 1877 qnod
571 1826 627 1862 non
639 1815 849 1861 remunerentur
864 1816 966 1876 tempo·
995 1826 1055 1864 esse
1074 1810 1102 1864 in
1121 1809 1314 1880 purgatorium
1332 1808 1471 1879 quendem
1489 1807 1591 1878 iguem,
1609 1807 1690 1877 cujus
1701 1806 1830 1860 flammae

131 1897 191 1950 ruli
208 1895 308 1964 aliquo
324 1895 471 1963 praemio,
499 1896 552 1947 sed
570 1897 647 1961 qseod
663 1912 718 1946 non
744 1893 862 1947 liberent
880 1893 966 1946 bomi-
994 1896 1055 1949 soie
1073 1894 1222 1950 duratione
1241 1894 1278 1949 ab
1296 1891 1478 1948 infernalibus
1494 1892 1608 1958 distant,
1627 1892 1712 1963 inque
1730 1908 1763 1946 eo
1780 1908 1831 1962 per

130 1998 191 2034 nem
209 1998 229 2033 a
246 1981 390 2049 pedenna,
415 1997 466 2033 nee
484 1989 696 2033 remuneremur
710 1981 840 2051 proemio
863 1981 965 2048 1111ρί-
994 1981 1096 2035 multas
1109 1996 1244 2034 annorum
1255 1978 1372 2038 δεκάδας
1383 1995 1445 2034 esse
1456 1977 1648 2033 desudandum
1661 1982 1691 2032 et
1704 1984 1831 2031 neeman

131 2077 226 2131 terno,
259 2067 300 2120 111
330 2083 439 2136 quoqne
463 2067 626 2134 iniquitates
651 2069 805 2120 traduntur
824 2066 966 2134 oblivioni,
994 2067 1069 2134 dum,
1090 2066 1230 2136 quomodo
1247 2066 1275 2119 in
1294 2063 1465 2119 conscientie
1481 2079 1581 2134 pacem
1599 2062 1742 2131 haberent,
1761 2080 1829 2135 quo·

131 2172 185 2207 non
218 2155 296 2222 qnod
318 2171 373 2206 non
396 2153 556 2221 puniuntor
570 2168 666 2220 poeno
685 2153 785 2220 oliqesa
808 2152 966 2221 temporali,
994 2152 1076 2207 modo
1095 2151 1166 2206 nibil
1178 2151 1364 2206 damnationis
1383 2150 1437 2205 sibi
1455 2149 1635 2204 metuendam
1652 2165 1712 2204 esse
1725 2155 1829 2204 statue·

130 2241 182 2292 sed
210 2241 288 2308 qnod
315 2255 372 2290 non
398 2238 557 2306 puniantur
572 2238 721 2307 suppiliciis
748 2239 878 2295 aeternis.
912 2238 966 2293 Re-
993 2245 1068 2303 rent,
1093 2239 1231 2309 quomodo
1256 2238 1315 2292 siue
1338 2237 1436 2291 timore
1453 2237 1514 2292 Deo
1538 2233 1692 2290 servirent?
1727 2236 1830 2291 Pacem

132 2325 314 2395 spondemus:
332 2322 498 2378 contradicit
518 2321 588 2377 haec
607 2322 733 2393 exceptio
752 2323 836 2394 priori
856 2330 884 2378 et
895 2325 966 2394 petit
993 2325 1066 2379 enim
1099 2324 1203 2380 habere
1232 2329 1261 2380 et
1288 2323 1441 2378 inferorum
1474 2321 1614 2376 cruciatus
1645 2337 1697 2391 per
1722 2321 1829 2391 aliquot

132 2410 305 2481 principium.
359 2408 389 2465 Si
423 2409 496 2463 euim
525 2409 602 2464 Deus
636 2408 836 2478 temporalibus
869 2410 966 2481 poenis
993 2427 1127 2465 annorum
1156 2410 1297 2465 centurias
1326 2407 1450 2479 perferre
1476 2407 1595 2463 invicem
1619 2412 1756 2479 puguant.
1799 2405 1829 2463 si

133 2498 245 2568 proprie
268 2495 308 2550 sic
335 2495 417 2549 dictis
443 2495 535 2549 adhuc
553 2494 684 2549 vendicat
707 2501 838 2565 peccata,
869 2496 966 2567 utique
993 2512 1058 2551 vere
1078 2496 1118 2566 pii
1139 2496 1167 2549 in
1184 2495 1326 2551 Christum
1344 2494 1491 2550 credentes
1515 2498 1581 2548 suut
1597 2493 1726 2547 deodati
1742 2509 1829 2563 saper

132 2584 216 2639 etism
241 2582 376 2637 hactenus
403 2587 432 2634 et
455 2580 507 2636 boc
526 2585 655 2650 respectu
683 2596 778 2634 eorum
797 2582 965 2637 recordatur.
993 2579 1773 2651 remrein,v.s.1⁴2m1,r.1s.utiquenu11oein
1790 2578 1830 2635 eis

130 2669 159 2725 Si
185 2673 366 2739 peccatorum
390 2671 498 2721 reatum
523 2672 580 2721 tam
601 2665 724 2736 perfecte
743 2666 820 2722 Deus
846 2668 966 2734 sustulit,
993 2674 1144 2740 supersunt
1168 2668 1294 2724 maculae
1322 2667 1351 2722 in
1381 2665 1545 2740 purgatorio
1574 2666 1640 2738 igue
1662 2665 1829 2724 abluendae.

130 2763 161 2811 ut
181 2772 217 2811 ne
234 2753 372 2811 recordari
393 2753 505 2824 quidem
526 2769 621 2806 eorum
639 2753 722 2817 velit,
751 2755 890 2824 quomodo
915 2756 965 2809 ad·
994 2754 1105 2824 Excipit
1124 2760 1147 2810 1.
1166 2753 1353 2809 Bellarmiuus
1372 2753 1399 2810 d.
1421 2752 1438 2807 Ι.
1458 2753 1581 2806 Paulam
1602 2753 1682 2806 Rom.
1701 2757 1733 2820 t,
1758 2770 1784 2808 o.
1805 2754 1829 2804 1.

132 2841 186 2896 huc
207 2840 347 2912 infligeret
367 2839 615 2909 poenaeeasdem,
639 2856 708 2910 quas
736 2839 859 2894 damnati
877 2841 905 2894 11
923 2840 965 2895 in·
992 2841 1072 2909 loqui
1094 2843 1130 2894 de
1155 2841 1381 2909 concupiscentia
1406 2857 1440 2893 ce
1469 2838 1540 2892 celle
1558 2839 1668 2906 dicere,
1697 2840 1774 2907 qnod
1798 2839 1829 2902 ii,

129 2928 207 2984 ierne
233 2926 372 2981 sustinent
396 2924 456 2980 sols
478 2924 623 2979 duratione
649 2925 785 2997 excepta?
835 2926 965 2982 811111-
993 2927 1043 2996 qni
1057 2934 1122 2979 sunt
1138 2926 1167 2978 in
1187 2925 1313 2987 Christo,
1330 2943 1387 2980 non
1405 2925 1581 2978 consentiant
1597 2925 1716 2979 motibus
1734 2925 1830 2978 emis

130 3013 279 3068 factionem
300 3011 392 3066 adbuc
411 3011 602 3080 propeccatis
621 3011 723 3082 exigit,
755 3011 854 3083 utique
882 3013 965 3083 plene
992 3028 1061 3066 snae
1080 3029 1131 3066 nec
1149 3012 1304 3081 quidquam
1316 3013 1431 3081 peceati
1448 3011 1619 3065 cantabant
1636 3026 1669 3064 en
1686 3009 1829 3079 ejusmodi

130 3106 159 3155 et
182 3097 303 3170 perfecte
333 3113 368 3151 ea
384 3096 506 3151 noudum
531 3098 707 3154 condonavit.
758 3099 803 3153 Ad
823 3116 966 3170 compara·
993 3099 1119 3154 motibus.
1168 3096 1392 3167 Respondemus:
1417 3095 1504 3151 verbs
1519 3095 1568 3150 illa
1587 3095 1741 3167 apostolica
1759 3112 1828 3168 συμ-

131 3187 233 3242 tionem
252 3185 384 3251 dicimus,
416 3184 491 3254 quod
505 3184 630 3254 justusa
647 3185 758 3254 justitia
779 3202 809 3241 se
837 3193 966 3241 avertens
993 3182 1171 3257 nsprlopnror
1188 3183 1276 3238 instar
1302 3199 1335 3237 ex
1352 3181 1585 3252 praecedentibus
1603 3181 1773 3249 inferuntur,
1797 3186 1829 3235 ut

131 3280 160 3329 et
196 3271 360 3342 temporalia
389 3275 417 3324 ct
445 3276 558 3324 aeterua
581 3269 709 3339 justitiae
737 3286 805 3326 sune
843 3275 966 3341 praemia
993 3271 1115 3325 ostendit
1133 3269 1272 3341 particula
1289 3267 1352 3343 ἄρα.
1396 3268 1513 3324 Dixerat
1529 3274 1622 3323 autem
1640 3267 1782 3337 apostolus
1799 3265 1829 3321 iu

132 3359 256 3426 amittat,
290 3357 357 3429 quia
380 3374 436 3410 non
460 3356 581 3426 amplius
600 3362 643 3412 eet
666 3357 694 3410 in
719 3364 794 3412 stntu
812 3359 920 3429 gratiae
938 3366 967 3413 et
992 3356 1169 3427 praecedenti
1202 3373 1226 3411 c.
1252 3362 1284 3425 7,
1316 3372 1342 3408 r.
1369 3360 1411 3410 25.
1443 3353 1564 3410 Gratim
1595 3372 1651 3425 apo
1683 3356 1747 3409 Deo
1774 3370 1829 3424 per

131 3447 281 3511 11111111,
292 3459 344 3498 111
359 3442 477 3513 amplius
492 3441 560 3496 iacit
571 3459 656 3513 opera
671 3459 736 3498 vers
749 3445 830 3511 bona,
849 3460 965 3515 quorum
997 3444 1134 3498 Christum
1159 3442 1258 3496 desum
1288 3441 1441 3495 Dominam
1471 3450 1610 3504 nostrum,
1643 3442 1693 3510 qni
1721 3441 1828 3495 sedicet

131 3531 234 3585 intuitu
254 3546 287 3584 ac
302 3535 431 3598 respectu
450 3528 527 3582 Deus
546 3529 600 3598 ipsi
619 3528 744 3583 conferat
767 3531 898 3599 praemia.
936 3530 964 3586 Si
992 3530 1124 3583 liberabit
1143 3545 1186 3582 me
1206 3530 1242 3582 de
1261 3545 1380 3598 corpore
1397 3529 1497 3583 mortis
1513 3529 1612 3596 buius,
1630 3528 1720 3598 ipitur
1738 3535 1828 3581 ments

132 3633 204 3687 quse
220 3614 375 3686 corporalia
392 3612 528 3669 beneficia
547 3615 623 3669 Deus
641 3616 669 3669 in
689 3617 779 3686 ipsum
797 3614 914 3683 coniert,
932 3630 966 3668 ea
992 3617 1083 3668 scroto
1100 3617 1159 3684 lapi
1177 3615 1249 3682 Dei,
1275 3630 1361 3669 corne
1377 3622 1470 3668 onum
1487 3615 1547 3684 lapi
1565 3613 1688 3684 peccati,
1718 3629 1752 3668 ex
1772 3629 1828 3684 quo

132 3718 186 3756 non
204 3707 262 3755 tam
283 3700 395 3771 pietatis
416 3700 539 3771 praemia
552 3707 618 3755 sunt
631 3718 713 3771 quarn
726 3699 851 3755 indebita
864 3699 965 3755 exube-
992 3717 1074 3773 porro
1102 3701 1201 3766 infert,
1227 3700 1301 3755 nilsil
1317 3716 1386 3769 erpo
1405 3701 1597 3754 damnationis
1626 3708 1669 3754 ert
1696 3701 1749 3769 iic,
1780 3700 1830 3770 qni

10 3791 52 3833 lte
66 3789 116 3832 ²⁴¹·
131 3788 218 3841 rantis
238 3787 348 3841 divinae
370 3786 476 3858 gratiae
495 3802 617 3840 munera.
663 3786 768 3850 Quodsi
785 3786 829 3840 vel
847 3786 965 3840 maxime
991 3796 1056 3842 sunt
1073 3789 1103 3841 in
1125 3788 1250 3856 cbristo,
1275 3787 1326 3858 qni
1347 3804 1403 3842 non
1423 3787 1575 3852 secundnm
1602 3802 1717 3841 comem
1733 3787 1828 3840 ambu-

133 3873 208 3928 Deus
236 3889 269 3926 ex
295 3873 388 3943 gratia
409 3871 534 3941 justitias
558 3887 667 3934 eorum,
699 3872 746 3940 qui
768 3888 785 3924 a
810 3872 965 3941 institisse
990 3873 1068 3943 iant,
1094 3876 1147 3929 sed
1161 3876 1314 3928 semndnm
1333 3873 1479 3943 Spiritum.
1510 3889 1535 3930 r.
1557 3877 1581 3928 2.
1609 3873 1726 3944 subjicit
1743 3872 1827 3928 ratio-

130 3965 268 4027 avertunt,
287 3957 487 4029 temporalibus
506 3957 635 4028 praemiis
655 3958 766 4028 proprio
786 3965 814 4012 et
835 3963 964 4013 accurate
990 3976 1068 4016 nem:
1091 3962 1151 4014 Ian
1170 3961 1242 4014 enim
1270 3960 1397 4030 Spiritus
1418 3961 1494 4013 oitoe
1519 3959 1550 4012 in
1569 3958 1679 4013 Christo
1697 3959 1827 4012 liber-anit

130 4044 168 4099 sic
190 4045 273 4099 dictis
292 4045 384 4099 adhuc
403 4050 638 4106 remuneraretur,
669 4045 791 4098 nondum
812 4053 905 4099 tamen
922 4062 963 4100 se-
990 4064 1033 4101 me
1050 4057 1068 4101 n
1087 4047 1149 4117 iope
1171 4047 1283 4117 peccati
1307 4055 1334 4101 et
1351 4048 1459 4102 mortis.
1498 4046 1602 4102 Sensus
1621 4053 1678 4113 cst,
1698 4047 1825 4118 quamvis

129 4133 238 4203 quitur,
271 4131 362 4201 ipsum
385 4132 468 4187 etlam
493 4132 654 4202 exjustitia
673 4131 833 4202 iniquitates
859 4147 963 4197 eornm,
990 4132 1020 4187 in
1039 4133 1142 4188 renatis
1168 4133 1260 4188 adhuc
1279 4132 1393 4189 haereat
1415 4139 1570 4204 peccatum,
1595 4137 1688 4186 tsmm
1711 4132 1748 4185 ad
1766 4148 1825 4188 rea-

129 4218 174 4289 qui
194 4216 230 4271 ab
251 4216 832 4287 1111111111111,ῳωὶ111111111111111
852 4219 963 4288 proprie
991 4226 1049 4273 tum
1068 4226 1097 4274 et
1116 4218 1321 4273 damnationem
1342 4218 1396 4274 illis
1415 4234 1471 4272 non
1496 4218 1658 4287 imputatur,
1676 4217 1742 4290 quia
1760 4223 1825 4273 sunt

129 4310 156 4357 et
175 4310 305 4358 accurate
323 4304 364 4358 sic
384 4303 467 4358 dictis
484 4303 645 4370 vendicare,
673 4303 739 4374 quia
765 4303 963 4358 misericordia
990 4306 1020 4358 in
1048 4304 1155 4358 Cin-isto
1183 4309 1212 4359 et
1239 4304 1306 4375 quia
1331 4321 1382 4375 per
1400 4304 1532 4375 Spiritum
1561 4302 1632 4357 illud
1659 4301 1824 4360 mortificant

127 4390 319 4461 superesaltat
339 4390 484 4458 judicium
512 4389 610 4445 Jacob.
641 4396 670 4458 2,
704 4405 729 4443 v.
761 4394 799 4443 13.
822 4406 856 4443 ac
884 4388 962 4443 Dens
990 4408 1041 4446 nec
1072 4390 1231 4462 patiuntur,
1262 4389 1332 4444 illud
1350 4389 1381 4444 iu
1410 4405 1525 4460 corpore
1551 4406 1600 4442 suo
1627 4390 1736 4445 mortali
1764 4406 1825 4462 reg·

124 4477 208 4546 penit
227 4477 309 4546 infra
326 4477 510 4545 condipnnm,
539 4483 734 4530 remuneratur
763 4482 856 4528 aretem
873 4491 961 4543 snm
989 4493 1056 4532 nere
1076 4484 1128 4532 etc.
1167 4475 1256 4548 Atqui
1282 4476 1305 4530 si
1331 4475 1422 4532 renati
1439 4483 1469 4531 et
1483 4474 1630 4546 justificati
1645 4473 1742 4546 poenis
1761 4492 1825 4546 pec·

129 4563 306 4632 camelianum,
324 4568 356 4616 ut
373 4549 535 4618 scholastici
555 4569 629 4618 recte
642 4562 802 4633 loquuntur.
833 4561 961 4632 Denique
990 4568 1114 4616 catorum
1140 4561 1232 4616 adbuc
1263 4567 1356 4617 esseut
1383 4560 1510 4626 obnoxii,
1540 4560 1637 4632 utique
1668 4560 1825 4636 κατάκριμα

128 4649 152 4704 si
179 4648 224 4703 vel
254 4647 374 4703 maxime
406 4655 470 4719 post
502 4649 646 4703 remissum
681 4653 825 4719 peccatum
856 4663 960 4717 poenas
991 4648 1105 4719 aliquod
1129 4650 1159 4702 in
1185 4648 1239 4703 illis
1259 4648 1351 4703 adbuc
1378 4647 1471 4702 locum
1493 4647 1616 4703 haberet
1656 4647 1686 4704 si
1704 4649 1742 4704 sd
1759 4665 1824 4719 pur-

129 4734 295 4806 temporales
313 4732 391 4790 Deus
409 4734 552 4805 irrogaret,
571 4750 603 4789 ex
621 4749 654 4787 eo
672 4740 765 4788 tamen
791 4732 889 4788 inferri
906 4748 961 4787 nou
989 4735 1126 4805 guterium
1143 4734 1402 4799 condemnarentur,
1420 4733 1517 4804 utique
1535 4734 1650 4804 aliquid
1667 4736 1823 4790 domanio·

127 4821 389 4893 posset,posthsnc
402 4820 847 4892 nitaminpurgatorioquasdam
859 4836 963 4892 poenae
989 4822 1034 4874 nis
1062 4821 1090 4874 in
1117 4819 1184 4892 ipsis
1209 4819 1301 4874 adhuc
1324 4825 1405 4880 essct.
1446 4819 1527 4875 Prior
1550 4819 1638 4892 igitur
1664 4821 1825 4877 Bellarmini

127 4907 229 4978 infligi,
249 4907 316 4979 quia
335 4913 367 4961 ut
385 4907 512 4977 superius
530 4907 716 4975 ostendimus,
744 4923 838 4961 omnes
858 4923 963 4976 poenae
989 4905 1152 4977 explicatio,
1177 4906 1251 4977 quod
1271 4906 1305 4976 ii,
1336 4906 1384 4977 qui
1403 4906 1516 4961 suntin
1535 4905 1663 4974 Christo,
1683 4923 1740 4962 non
1759 4924 1824 4962 con·

127 4992 292 5063 temporales
312 5010 375 5047 cum
395 4991 449 5047 hac
474 4992 531 5046 rite
550 4991 685 5047 finiuntur
708 5009 741 5046 ac
758 4992 788 5046 in
807 4992 961 5048 11111111-
989 4994 1112 5048 sentiant
1127 4992 1249 5048 motibus
1264 4992 1369 5060 carnis,
1399 5008 1465 5047 vera
1485 4998 1541 5062 est,
1569 4992 1618 5048 sed
1640 5008 1696 5047 nou
1725 4993 1825 5064 pleua3

129 5079 191 5133 culo
210 5077 339 5134 absoluta
354 5083 455 5150 regnat
472 5077 629 5132 aeternitas.
989 5078 1124 5151 posterior
1145 5095 1220 5148 vero,
1238 5078 1314 5151 quod
1335 5079 1425 5134 renati
1449 5096 1483 5135 ex
1504 5077 1625 5133 motibus
1644 5077 1737 5132 cernis
1754 5078 1824 5133 nihil

10 5174 91 5216 ,σιω
164 5170 223 5220 109.
265 5171 289 5220 7.
314 5164 471 5219 Articulum
504 5167 539 5217 de
564 5164 781 5234 justificationis
809 5165 909 5229 fructu
936 5173 963 5219 et
989 5165 1141 5238 quidquam
1164 5165 1273 5234 peccati
1296 5164 1475 5234 contrahant,
1503 5180 1616 5236 prorsus
1644 5163 1716 5218 falsa
1732 5171 1776 5219 est
1795 5169 1825 5220 et

10 5227 103 5319 {¹¹52ss
129 5251 270 5305 lominum
283 5252 347 5319 fide
362 5251 578 5319 imtidcatornm
595 5258 679 5307 statn.
709 5251 799 5306 Docet
812 5251 963 5321 apostolus,
989 5250 1181 5322 praecedentis
1198 5250 1298 5321 capitis
1325 5249 1436 5320 septimi
1456 5249 1579 5321 διηγήσει
1598 5248 1703 5304 directe
1721 5266 1823 5321 repug-

10 5329 249 5421 1111111111
285 5335 493 5407 justificationis
534 5352 594 5393 ess
633 5353 735 5406 racem
776 5338 961 5392 commeta
988 5354 1067 5393 nm..
1100 5341 1123 5393 1.
1136 5336 1195 5392 111
1213 5354 1247 5392 ex
1264 5336 1418 5393 rennuens
1436 5336 1585 5407 excipiunt,
1604 5352 1659 5405 ιω,
1675 5336 1726 5404 qne
1738 5336 1822 5406 port-

10 5442 80 5474 mm.
127 5422 206 5478 Rom.
227 5429 258 5491 5,
283 5440 310 5480 r.
337 5429 364 5479 l:
389 5422 550 5490 laetificati
577 5440 611 5477 en
635 5425 693 5490 fide
712 5439 812 5492 pacem
830 5424 961 5478 tabernae
988 5425 1069 5492 ficati
1084 5430 1150 5478 snat
1167 5424 1371 5493 justificatione
1388 5423 1497 5493 prima,
1516 5439 1619 5492 pacem
1635 5421 1823 5478 eomeientioe

127 5511 168 5563 ad
186 5511 279 5563 Deum
301 5526 357 5581 per
376 5508 530 5563 Dominum
552 5518 680 5564 nonrnm
697 5509 796 5563 Jesum
816 5511 962 5577 Christum,
990 5512 1092 5567 debers
1118 5526 1181 5566 oum
1200 5510 1308 5567 Ciriets'
1329 5510 1464 5580 passione
1491 5527 1510 5562 a
1532 5507 1700 5580 pnrpatoris'
1722 5510 1822 5580 poenis
1836 5508 1901 5552 ¹V¹L
1916 5506 1963 5551 ²⁴2
