4104 6014
849 268 852 273 ’
913 269 965 325 DE
984 268 1124 330 uoltum
1803 284 1859 342 125

161 426 217 483 lam
244 434 283 485 lb.
309 429 387 496 quod
416 426 568 496 Scriptura
601 440 732 479 serarum
761 440 856 477 rerum
883 424 997 479 nomina
1027 427 1099 479 enim
1117 427 1181 480 niti
1198 429 1330 495 audiens,
1359 430 1389 482 in
1412 447 1467 498 quo
1487 430 1583 483 babitu
1616 438 1688 484 esset
1720 433 1862 497 sacimas,

161 516 268 569 tribuat
286 531 380 567 rerum
397 512 646 575 similitudinibus,
671 511 795 565 declarat
812 509 865 565 hac
883 509 999 565 historia
1026 512 1178 581 intellexit,
1198 514 1297 582 inquit,
1315 515 1388 567 bunc
1403 531 1461 568 esse
1483 514 1648 571 Samuelem.
1688 516 1765 577 erid
1781 517 1861 571 intel·

161 600 301 671 personati
325 598 469 655 Samuelis.
513 597 616 652 Confer
633 596 699 652 boh.
725 596 759 651 de
777 595 992 652 Turrecremata
1025 597 1132 666 leserit,
1151 600 1262 668 retulit,
1291 608 1317 652 et
1334 601 1402 668 quia
1419 619 1474 653 nan
1494 602 1560 654 bene
1579 602 1730 665 iruellenit,
1762 612 1862 656 contra

163 693 192 741 et
215 686 283 740 alios
306 685 464 739 canonistas
490 683 519 737 in
543 699 611 738 com.
640 677 666 737 d.
692 699 752 751 cap.
803 682 862 738 Neo
889 683 997 737 mirum.
1027 683 1206 753 Scriptorum
1224 687 1312 739 aliurn
1326 687 1461 739 adorarat
1480 705 1564 757 quam
1583 688 1693 754 Deum,
1714 697 1740 740 et
1752 696 1862 756 pratens

164 771 326 842 [eloysrios
353 769 401 824 lib.
421 777 445 827 4.
471 770 507 824 de
536 769 653 839 spectris
679 785 741 838 cap.
763 775 784 823 l.
803 768 897 823 multis
914 785 997 838 argu·
1027 770 1185 824 Samuelem
1204 772 1336 824 adorauit
1354 772 1509 839 diabolum,
1529 779 1560 825 ut
1575 773 1701 834 frenatum
1719 774 1862 835 fallaciae

164 857 261 912 mentis
287 856 473 922 demonstrat,
507 872 562 909 non
591 855 677 909 luisse
706 871 801 909 verum
832 853 998 919 Samuelem,
1024 873 1093 909 sicae
1111 858 1224 910 liaberet
1239 857 1369 911 Satanas.
1399 863 1423 910 t.
1437 858 1469 910 Is
1484 859 1535 926 qui
1549 867 1681 927 apparet,
1699 877 1761 912 rere
1776 877 1858 929 prae·
1877 878 1942 919 svn.
1955 876 2001 920 aaa

166 959 248 1015 quem
288 943 341 996 hoc
383 943 494 1020 nomine
536 942 690 996 insectatur
732 941 868 994 Martinus
903 938 998 994 Delria
1025 943 1096 995 dicit
1121 943 1208 997 Sauli
1232 951 1259 995 et
1277 944 1352 1012 filiis
1381 944 1443 1012 ejus
1471 953 1593 997 mortem.
1637 945 1861 1014 Respondemus:

162 1028 223 1085 libr.
255 1033 279 1083 2.
325 1028 423 1098 magia
464 1027 601 1098 disquisit.
645 1032 753 1097 quaest.
790 1032 831 1081 26.
870 1034 933 1080 sect.
973 1029 998 1080 l.
1026 1026 1161 1082 Diabolus
1179 1028 1231 1083 hoc
1248 1046 1282 1083 ex
1303 1029 1374 1098 justi
1399 1029 1498 1098 judieii
1519 1031 1620 1099 divini,
1646 1032 1726 1100 cujus
1747 1046 1861 1085 exsecu-

163 1132 225 1186 ρης,
244 1120 304 1172 238,
851 1126 854 1131 ·
1026 1112 1065 1165 tio
1084 1113 1137 1182 ipsi
1162 1113 1328 1169 demandata
1345 1119 1421 1182 erat,
1441 1114 1609 1169 revelatione
1628 1132 1795 1186 cognoscere
1815 1134 1863 1186 po·

204 1208 262 1257 tte.
297 1201 377 1266 Quae
404 1200 433 1254 in
459 1199 626 1254 contrarium
660 1198 828 1264 afferuntur,
855 1215 888 1252 ex
917 1197 999 1251 dictis
1026 1197 1089 1252 tuit.
1138 1199 1229 1253 Notae
1260 1200 1314 1270 ipsi
1344 1205 1424 1254 orant
1452 1200 1525 1255 vires
1551 1200 1696 1271 utriusque
1714 1202 1861 1269 exercitus,

169 1288 279 1343 facilem
292 1286 397 1341 habent
410 1285 630 1351 explicationem.
660 1288 683 1336 1.
701 1285 853 1353 Scriptura
871 1264 1128 1354 apqrellatlJndaei
1150 1302 1183 1339 ao
1208 1285 1364 1349 Philistini,
1392 1292 1459 1340 nota
1483 1286 1735 1357 utriusquepartis
1760 1305 1863 1343 arcana

168 1374 336 1428 Samuelm
382 1370 610 1440 Respondemus:
642 1369 818 1440 Augustinus
845 1369 894 1424 lib.
915 1375 938 1425 2.
964 1368 1158 1435 ad;csnsilia,
1187 1376 1304 1426 noverat
1321 1371 1433 1426 Saulem
1458 1373 1535 1441 justo
1554 1372 1607 1426 Dei
1627 1374 1738 1442 judicio
1758 1390 1863 1444 paenas

167 1459 376 1530 simplicianum
402 1474 429 1527 q.
447 1463 471 1513 3.
497 1462 525 1510 et
548 1456 595 1512 lib.
615 1461 639 1511 t.
666 1456 702 1510 de
722 1455 820 1511 mirab.
841 1454 1001 1524 Scripturas
1013 1466 1015 1525 ξ
1027 1456 1197 1511 destinatum
1214 1467 1243 1511 et
1260 1456 1397 1527 Davidem
1417 1459 1477 1527 ejus
1497 1458 1558 1511 loco
1576 1459 1604 1512 in
1622 1476 1714 1529 regem
1735 1462 1864 1529 electum,

164 1563 187 1599 c.
209 1550 253 1600 ll:
281 1546 317 1598 ln
333 1543 429 1596 multis
449 1541 615 1610 Scripturas
642 1542 713 1595 locis
735 1541 900 1611 imaginatis
917 1539 1093 1601 rebrisjinde
1112 1542 1194 1596 facile
1213 1543 1345 1614 colligere
1363 1551 1474 1613 poterat
1492 1544 1589 1615 praelii
1608 1545 1718 1600 exitum.
1748 1555 1771 1600 5.
1785 1547 1863 1616 Lyra

165 1648 296 1684 serarum
311 1646 405 1682 rerum
423 1628 537 1681 nomina
557 1628 766 1682 adscribuntur.
816 1626 898 1680 Hanc
918 1641 1000 1695 regu·
1013 1610 1015 1677 ἶ
1028 1626 1081 1681 hoc
1098 1635 1194 1699 urget,
1222 1631 1300 1696 qued
1322 1629 1432 1695 injuria
1454 1631 1558 1692 fuisset
1578 1631 1706 1684 Samueli
1717 1633 1818 1701 facta,
1836 1633 1864 1686 si

166 1717 221 1771 lam
247 1716 372 1772 declarat
399 1714 504 1769 ibidem
533 1712 699 1783 quibusdam
729 1713 879 1782 exemplis:
914 1696 1161 1797 Viryafdinbolus
1188 1716 1250 1782 ejus
1271 1731 1398 1783 persona
1421 1731 1450 1768 se
1477 1716 1662 1771 subornasset.
1702 1716 1863 1787 Responde-

166 1821 314 1872 maparum
340 1799 545 1871 Aepyptiorum
573 1800 604 1851 in
631 1799 846 1851 similitudinem
864 1798 1102 1866 serpentis'mus:
1129 1799 1158 1853 id
1184 1816 1250 1853 vero
1276 1798 1404 1853 frivolum
1437 1807 1487 1854 est.
1534 1800 1625 1870 Maj0r
1652 1803 1723 1856 enim
1760 1803 1863 1872 injuria

163 1889 321 1957 imapinata
348 1896 374 1940 et
400 1887 451 1940 ille
469 1902 573 1938 aeneus
598 1887 626 1938 in
649 1887 759 1937 deserto
779 1900 894 1952 serpens
914 1834 1133 1957 nomi-ifuisset,
1151 1886 1175 1939 si
1193 1885 1320 1940 diabolus
1343 1904 1436 1940 verum
1455 1886 1611 1941 Samuelem
1630 1889 1813 1959 inquietasset
1827 1906 1861 1944 ae

163 1984 255 2028 natur.
304 1976 373 2027 Duo
402 1989 511 2041 quaque
544 1971 693 2025 Citerubim
720 1987 779 2037 pro
817 1962 1128 2040 similitudineicorpus
1149 1972 1208 2041 ejus
1236 1972 1391 2025 invasisset.
1439 1972 1589 2026 Praeterea
1615 1975 1686 2028 sicut
1711 1990 1817 2045 organa
1834 1980 1863 2029 et

165 2062 331 2115 obtinuere
358 2058 593 2128 propitiatorium
622 2065 821 2111 memorantur.
873 2038 1146 2123 aotnqralministri
1167 2056 1270 2111 diaboli
1288 2064 1390 2127 gerunt
1413 2075 1443 2112 se
1466 2075 1517 2127 pro
1544 2059 1657 2128 organis
1674 2067 1703 2114 et
1720 2059 1862 2130 prophetis

164 2162 258 2199 mures
289 2146 332 2198 uel
362 2143 484 2215 quinque
517 2143 600 2196 anuli
629 2145 665 2196 de
695 2150 773 2195 terra
797 2141 942 2194 Philistim
971 2141 1094 2210 in,Dei,
1121 2143 1161 2196 ita
1186 2143 1247 2213 ipse
1265 2142 1384 2197 Satanas
1409 2145 1594 2213 transfigurat
1622 2163 1651 2198 se
1675 2147 1706 2197 in
1732 2147 1864 2213 angelum

166 2231 292 2303 capsella
313 2249 375 2284 nrm
395 2246 466 2283 arca
492 2229 611 2282 Domini
628 2229 802 2294 referuntur.
842 2208 1100 2299 DuodecimIlncis
1121 2233 1144 2282 2.
1164 2226 1226 2284 Cor.
1249 2233 1289 2297 ll,
1307 2246 1333 2282 r.
1356 2232 1395 2283 13.
1417 2232 1445 2282 et
1467 2234 1507 2282 14.
1526 2228 1593 2299 quid
1613 2228 1720 2298 mirum,
1739 2232 1763 2284 si
1780 2231 1863 2286 etiam

166 2320 246 2373 bones
273 2318 324 2370 sub
350 2317 427 2369 mari
452 2330 540 2368 aeneo
565 2323 591 2367 et
617 2314 829 2382 qrratuordecim
859 2313 954 2366 leones
971 2313 1001 2363 in
1028 2314 1057 2367 in
1078 2313 1241 2383 prophetam
1269 2313 1361 2368 lucis?
1410 2314 1514 2385 Ecquis
1533 2315 1647 2383 dixerit,
1671 2316 1786 2371 honesto
1804 2317 1864 2372 viro
1923 2370 1929 2383 ,

166 2405 265 2458 tirone
295 2403 457 2458 &iomanis
484 2401 604 2454 eburnea
635 2407 804 2454 statuuntur.
854 2397 1002 2450 Gleeruhim
1028 2399 1206 2471 ignominiam
1225 2400 1375 2469 conciliari,
1396 2401 1419 2453 si
1438 2418 1584 2471 perversus
1602 2402 1702 2472 aliquis
1719 2404 1864 2459 nebulose

165 2507 275 2560 quoque
290 2496 317 2542 et
330 2489 448 2558 palmae
467 2494 493 2539 et
510 2485 586 2538 mala
608 2493 731 2553 arenata
749 2493 775 2537 et
793 2485 867 2537 retia
885 2485 916 2536 in
935 2491 1001 2535 tem·
1028 2501 1078 2554 pro
1098 2485 1159 2555 ipso
1176 2485 1276 2557 gerat?
1319 2487 1344 2539 6.
1360 2486 1460 2538 Patris
1484 2488 1540 2539 ista
1567 2496 1700 2540 statuunt.
1738 2489 1864 2559 Respon-

163 2578 210 2648 pli
227 2576 360 2639 aedificia
379 2574 493 2643 depicta
511 2571 722 2636 deseribuntur,
740 2587 802 2623 cum
818 2572 888 2624 baec
906 2570 1001 2622 onznia
1028 2569 1138 2625 demus:
1165 2571 1249 2642 pauci
1271 2570 1398 2641 quidem,
1425 2587 1480 2624 uon
1500 2587 1611 2637 omnes,
1639 2582 1667 2626 et
1685 2575 1733 2644 qui
1751 2575 1792 2628 sic
1810 2584 1864 2629 sta·

166 2681 223 2718 non
240 2663 305 2731 ipra
327 2677 422 2714 rerum
437 2661 569 2721 ueritate,
595 2658 648 2710 sed
661 2674 719 2725 pro
736 2656 925 2710 similitudine
944 2657 1001 2708 ista
1027 2662 1122 2719 luunt,
1154 2657 1249 2711 timide
1281 2672 1314 2710 ac
1345 2656 1470 2726 trepide,
1504 2674 1560 2711 non
1589 2667 1777 2715 asseveranter
1794 2660 1863 2715 illud

167 2751 282 2804 nomina
301 2747 448 2815 recipiunt,
465 2746 544 2815 ipsae
566 2752 659 2797 tanuen
679 2742 845 2812 Scripturas
863 2744 923 2795 sine
940 2742 1001 2795 ullo
1027 2742 1178 2813 proferunt.
1216 2741 1356 2812 Josephus
1374 2742 1403 2795 iu
1416 2741 1547 2796 historica
1566 2745 1728 2800 recitatione
1748 2746 1862 2816 phrasin

166 2834 375 2887 incertitudinis
399 2838 528 2899 respectu
553 2829 635 2899 quasi
657 2845 704 2881 res
725 2846 808 2881 acras
826 2829 895 2881 lraee
913 2828 1001 2880 nomi·
1028 2830 1188 2898 Scripturas
1207 2829 1346 2894 imitatur,
1362 2845 1414 2883 uec
1432 2829 1504 2883 inter
1521 2838 1614 2900 patres
1633 2831 1700 2885 satis
1717 2833 1862 2888 commode

165 2921 255 2972 satim
277 2926 394 2988 ponunt.
442 2916 618 2969 Phantasma
647 2913 735 2982 ipitur
762 2913 904 2967 Samuelis
925 2913 1002 2966 uelut
1027 2915 1153 2969 refertur.
1189 2914 1317 2970 Justinus
1335 2913 1421 2968 fuisse
1440 2914 1595 2969 Samuelem
1614 2917 1695 2985 dicit,
1716 2919 1765 2972 sed
1783 2918 1863 2972 addit

167 3007 228 3075 ipse
261 3002 377 3059 Samuel
402 3010 543 3055 ostensum
567 3001 786 3070 pronuntiatur,
820 3001 892 3053 sicta
920 3008 946 3052 et
971 3000 1001 3052 in
1027 3001 1148 3071 aliquid,
1174 3001 1250 3071 qnod
1268 3018 1305 3055 ne
1323 3001 1384 3071 ipse
1404 3000 1516 3071 quidem
1537 3001 1676 3056 Pontificii
1698 3004 1861 3071 concedunt,

168 3090 321 3145 visionibus
336 3088 540 3158 prophetarum
561 3095 589 3139 et
608 3086 638 3140 in
663 3087 832 3155 apocalypsi
858 3085 1002 3138 Jotanuis
1029 3086 1159 3142 videlicet
1180 3088 1291 3138 animas
1311 3086 1395 3139 etiam
1413 3087 1529 3154 piorum
1548 3096 1613 3140 aute
1632 3089 1739 3142 Obristi
1760 3091 1863 3144 adven·

168 3179 273 3233 astensi
290 3177 347 3229 ciri
366 3174 599 3244 pronuntiantur.
643 3173 691 3226 Sic
711 3173 836 3226 Saluum
852 3171 881 3223 in
898 3180 1001 3240 puncto
1029 3182 1087 3225 tum
1102 3172 1194 3237 fuisse
1216 3172 1314 3240 aliqua
1333 3173 1416 3224 madi
1446 3172 1498 3225 sub
1519 3181 1659 3240 potestate
1685 3176 1807 3239 diaboli,
1833 3185 1864 3230 nt

169 3263 303 3334 temporis
337 3262 444 3315 dicitur
468 3260 581 3314 Christo
609 3260 762 3312 osterulisse
789 3258 884 3312 amnia
912 3274 1001 3324 repna
1029 3276 1078 3312 eas
1091 3259 1219 3328 potuerit
1234 3259 1377 3322 reducere,
1395 3274 1457 3309 cum
1475 3257 1566 3313 esua.
1602 3257 1791 3329 Hieronymus
1809 3280 1864 3317 non

168 3351 251 3405 totius
278 3357 420 3401 terrarum
444 3347 519 3400 orbis
546 3344 615 3399 Luc.
635 3351 665 3407 l,
692 3362 718 3397 r.
738 3352 762 3399 5.
791 3343 867 3415 quod
892 3359 948 3396 non
968 3343 1002 3396 de
1028 3361 1122 3412 suam,
1150 3343 1199 3398 sed
1216 3342 1332 3397 aliorum
1358 3343 1523 3396 sententiam
1551 3350 1684 3400 recenset.
1723 3348 1864 3418 Plerique,

168 3434 236 3505 ipsis
252 3435 338 3489 totius
357 3432 453 3487 mundi
473 3431 583 3502 regnis,
610 3446 682 3500 quae
699 3429 728 3482 in
747 3437 852 3500 puncto
871 3429 1002 3498 temporis
1031 3428 1138 3499 inquit,
1164 3437 1280 3497 putant,
1306 3430 1420 3482 Saulem
1444 3431 1554 3498 sipnum
1573 3434 1713 3500 accepmc
1733 3435 1865 3489 deterre

169 3519 316 3577 ostendere
335 3517 495 3588 simpliciter
519 3515 630 3570 diabolo
653 3514 823 3586 impossibile
848 3521 921 3578 erat,
953 3513 1002 3569 sed
1030 3525 1055 3568 et
1074 3518 1110 3569 de
1126 3515 1276 3583 profiteria
1295 3515 1416 3579 inferni,
1436 3518 1550 3583 querulo
1571 3516 1729 3571 Samuelem
1745 3536 1801 3589 per
1820 3523 1864 3574 in-

169 3607 203 3662 de
220 3605 331 3676 abiecta
348 3605 472 3659 amnium
489 3619 639 3674 regnorum
660 3601 781 3672 imagine
800 3600 1001 3669 accipiendum.
1030 3602 1205 3656 cantatsbnes
1229 3610 1254 3653 et
1284 3608 1361 3654 artes
1392 3602 1519 3669 mapieas
1549 3603 1625 3655 emus
1644 3613 1683 3656 est
1702 3606 1863 3663 smcitasse.

168 3692 298 3747 Imitatur
323 3696 417 3745 autem
443 3689 496 3744 hac
520 3690 549 3743 in
577 3693 657 3759 parte
685 3686 830 3758 Scriptura
858 3687 1003 3757 vulgatam
1030 3687 1206 3757 Augustinus
1229 3686 1275 3742 lib.
1303 3686 1338 3741 de
1361 3703 1429 3740 cura
1449 3703 1500 3757 pro
1521 3689 1638 3743 mortuis
1657 3689 1785 3745 dubitat.-
1811 3692 1863 3746 Sa·

167 3777 300 3849 loquendi
330 3774 569 3830 consuetudinem.
615 3773 660 3827 Sic
689 3773 750 3826 visa
777 3769 847 3829 Julii
875 3771 1002 3828 Caesaris
1030 3773 1103 3825 muel
1117 3772 1260 3840 propbeta
1287 3772 1400 3842 (inquit)
1420 3775 1571 3838 &sunaus
1589 3776 1650 3829 uiro
1671 3776 1866 3841 Saulifutura

168 3863 290 3935 imagine
309 3861 436 3928 dicimus,
454 3861 499 3914 lu'e
517 3869 556 3914 est
575 3861 675 3913 Julius
693 3858 816 3928 Caesar,
848 3858 877 3911 in
895 3874 1003 3912 comoe-
1028 3858 1181 3927 praedirit,
1202 3859 1330 3926 quamuis
1347 3859 1480 3913 nonnulli
1497 3879 1552 3913 nan
1572 3861 1665 3929 ipsum
1684 3863 1791 3929 fuisse,
1816 3864 1867 3931 qui

169 3949 216 4005 dia
234 3967 306 4018 enm,
325 3949 373 4019 qui
389 3951 581 4018 repraesentat
592 3962 738 4015 personam
757 3943 902 4011 Samuelis,
923 3961 1003 3998 voca-
1027 3944 1165 4012 potuisset
1184 3945 1303 4011 mapicis
1323 3945 1432 3997 artibus
1449 3947 1578 4012 euocari,
1597 3949 1650 4000 sed
1667 3948 1789 4017 aliquem
1808 3949 1865 4017 spi·

169 4052 229 4091 mus
254 4035 421 4090 Samuelem.
465 4037 490 4086 2.
519 4032 665 4086 Siraoides
695 4032 747 4085 bac
774 4039 903 4083 numerat
930 4032 1004 4084 inter
1030 4031 1124 4092 ritum
1150 4037 1208 4082 lam
1227 4030 1310 4083 malis
1329 4030 1460 4098 operibus
1477 4039 1684 4099 conpruentem,
1710 4033 1791 4084 illius
1808 4035 1864 4086 eai-

172 4122 313 4176 Somaelis
329 4121 438 4173 kades.
478 4116 704 4188 Respondemus:
731 4117 803 4171 liber
821 4116 868 4170 ille
885 4133 941 4171 non
959 4123 1004 4171 est
1029 4118 1140 4171 stimant
1158 4114 1382 4170 'umduudinem
1408 4119 1549 4184 siparasse
1570 4123 1624 4174 etc.
1669 4118 1711 4172 Ex
1730 4118 1864 4175 Galatim

170 4207 328 4262 canonicus.
370 4204 470 4260 Posset
487 4204 572 4258 etiam
599 4202 773 4273 responderi,
797 4200 948 4257 Siracidem
968 4202 1003 4257 de
1030 4202 1077 4257 lib.
1098 4208 1120 4257 6.
1139 4202 1175 4256 de
1193 4217 1249 4256 arc.
1277 4218 1301 4256 c.
1319 4209 1341 4258 7.
1360 4202 1516 4274 colligitur,
1539 4204 1697 4273 opinionem
1717 4203 1793 4258 illam
1811 4222 1864 4276 pa-

170 4293 334 4364 imaginario
346 4290 474 4347 Samuele
492 4289 615 4344 locutum
631 4289 718 4343 luisse
731 4294 864 4357 tanquam
878 4288 914 4342 de
927 4305 1001 4353 vero,
1029 4295 1101 4342 trum
1130 4305 1163 4342 ex
1190 4287 1303 4342 somniis
1321 4286 1482 4365 rabinorum
1511 4288 1646 4358 originem
1672 4288 1798 4360 duxisse,
1823 4290 1862 4346 ibi

169 4398 232 4435 cum
264 4379 348 4433 etiam
381 4392 477 4431 sacrae
495 4376 592 4430 literae
612 4375 652 4428 sic
678 4374 841 4446 loquantur,
875 4390 907 4427 ac
925 4373 1002 4444 loqui
1030 4374 1103 4429 enim
1126 4392 1159 4430 ex
1178 4373 1432 4430 Minturnense.
1458 4376 1487 4428 'et
1509 4373 1544 4427 R.
1561 4374 1695 4428 Eleazaro
1720 4374 1865 4446 probatur,

169 4464 322 4520 secundum
350 4462 506 4533 opinionem
540 4459 631 4516 Saulis
661 4466 690 4514 et
722 4458 917 4530 pythonissae,
955 4459 1002 4529 qui
1030 4461 1116 4515 fuisse
1143 4477 1239 4515 verum
1263 4458 1434 4527 Samuelem,
1461 4464 1490 4513 et
1515 4459 1628 4512 additur
1652 4459 1762 4528 fabula,
1789 4462 1864 4534 quod

170 4550 375 4612 existimarunt,
408 4548 501 4618 ipsum
535 4545 691 4603 Samuelem
732 4561 792 4600 esse
828 4545 1001 4599 suscitatum.
1029 4554 1156 4599 mortuus
1174 4547 1237 4615 regi
1260 4548 1434 4600 adscendens
1452 4546 1563 4613 faciem
1588 4547 1690 4600 tabeat
1709 4566 1819 4602 sursum
1839 4557 1865 4603 et

169 4641 196 4690 3.
217 4636 289 4690 Saul
319 4636 426 4688 dieitur
452 4633 642 4696 intellexisse,
668 4633 746 4701 quod
774 4638 845 4684 esset
877 4630 1002 4684 Santuel.
1028 4633 1116 4700 pedes
1139 4633 1287 4699 deornm
1316 4633 1420 4685 rustico
1440 4638 1532 4684 auum
1562 4634 1738 4687 adscendens
1752 4636 1864 4704 facum

171 4724 251 4791 Engo
268 4739 324 4776 non
339 4721 487 4790 cogitarit,
505 4738 561 4773 non
579 4718 698 4789 putauit,
718 4720 770 4771 sed
786 4734 818 4770 re
834 4733 902 4770 uera
923 4717 1003 4770 intel·
1030 4718 1130 4770 babeat
1148 4719 1277 4771 deorsum
1295 4735 1329 4770 ac
1342 4720 1432 4784 pedes
1450 4734 1568 4771 seersum.

169 4807 246 4864 lecit.
299 4806 461 4878 Respondet
491 4805 667 4876 Augustinus
707 4804 734 4857 in
768 4807 873 4873 quaest
903 4802 938 4858 V.
967 4803 1001 4857 T.
1066 4807 1124 4858 176.
1160 4808 1184 4858 3.
1203 4802 1285 4856 Zach.
1306 4809 1336 4869 9,
1360 4819 1387 4859 r.
1412 4809 1456 4858 ll:
1481 4804 1523 4855 Tu
1539 4807 1662 4858 eduxisti
1679 4807 1710 4858 in
1726 4808 1863 4875 sanquine
1876 4815 1896 4857 a
1909 4817 1945 4858 ux

169 4911 196 4964 q.
216 4900 258 4949 27.
282 4910 331 4962 per
348 4892 549 4948 inversionem:
575 4891 661 4944 Istud
683 4889 796 4943 minime
819 4891 861 4942 ad
877 4890 939 4942 ueri
956 4908 1003 4943 ra·
1030 4890 1186 4943 testamenti
1208 4890 1316 4942 vinctos
1339 4892 1375 4942 de
1393 4888 1474 4954 lacu,
1500 4891 1530 4942 iu
1556 4910 1610 4960 quo
1628 4909 1684 4944 nou
1710 4899 1751 4945 est
1779 4909 1861 4960 aquo.
1877 4869 1945 4962 ΞἭ
1959 4867 1981 4918 β’

168 4980 304 5048 piendum
323 4987 363 5032 est
383 4978 536 5044 redonen,
553 4978 606 5030 ssd
622 4977 665 5028 ad
681 4976 769 5028 ns'sum
789 4983 813 5028 et
833 4975 1003 5029 intellectum
1030 4977 1114 5029 Hunc
1135 4976 1228 5029 locum
1246 4976 1437 5043 Hieronymus
1465 4985 1492 5029 et
1509 4977 1652 5045 Rupertus
1678 4979 1713 5030 de
1732 4979 1865 5031 descensu

171 5064 270 5118 Saulis
287 5065 364 5133 jutia
382 5063 442 5116 Dei
457 5061 568 5130 iudicia
586 5068 666 5114 tanta
683 5061 849 5115 hebetudine
867 5062 1003 5115 dementis
1031 5061 1139 5116 Chresti
1171 5064 1213 5115 ad
1239 5062 1383 5124 infernam
1417 5072 1565 5131 exponunt.
1618 5064 1656 5116 Et
1691 5064 1865 5119 conuincitur

169 5152 276 5220 effecti,
293 5159 325 5203 ut
342 5151 384 5203 ad
404 5147 597 5218 pptlauissam
616 5147 789 5216 canfuperet.
834 5148 907 5201 Saul
925 5164 1002 5201 nam·
1031 5167 1064 5202 ea
1081 5166 1129 5218 eo,
1156 5150 1268 5202 animas
1289 5156 1451 5201 sanctorum
1471 5158 1535 5202 ante
1553 5148 1661 5202 Christi
1675 5157 1791 5202 mortem
1808 5167 1864 5203 nan

169 5254 220 5306 que
238 5236 376 5305 reprobus
393 5236 492 5298 factus
513 5251 566 5287 nou
592 5240 703 5303 poterat
719 5233 824 5287 labem
843 5234 942 5286 bonum
960 5234 1001 5287 in·
1023 5236 1119 5303 fuisse
1139 5235 1169 5287 in
1188 5234 1280 5301 coelo,
1304 5251 1355 5287 nec
1375 5236 1448 5288 enim
1473 5235 1578 5288 caelum
1594 5251 1647 5302 per
1665 5233 1759 5286 lacum
1776 5235 1863 5302 siqni-

168 5323 315 5377 tellectum.
363 5320 526 5374 Historieus
559 5326 675 5373 mentem
707 5318 779 5373 Saul
819 5328 844 5373 et
878 5321 1003 5374 habitum
1030 5321 1115 5386 ficari
1135 5328 1242 5390 potest,
1268 5329 1318 5373 aut
1344 5338 1377 5373 cn
1403 5322 1481 5375 coelo
1501 5322 1640 5374 Dominus
1664 5328 1776 5373 sanctos
1798 5338 1866 5376 suas

170 5408 311 5462 &nauelis
329 5405 494 5475 descripsit,
514 5423 548 5461 ea
565 5422 636 5475 quae
658 5405 735 5458 dicta
754 5414 780 5458 et
797 5405 859 5458 uisa
877 5413 941 5459 ssent
958 5422 1002 5459 ex·
1031 5407 1141 5475 educit,
1166 5414 1215 5460 aut
1233 5408 1263 5459 in
1286 5407 1364 5460 coelo
1380 5407 1516 5460 allinunt
1533 5407 1628 5466 cinai.
1667 5406 1747 5460 Idem
1763 5390 1866 5478 n'rgont

164 5496 301 5564 mmm,
318 5492 553 5560 manumittens,
570 5491 675 5545 sicem
692 5488 823 5553 mfalsa
833 5491 897 5547 sint.
928 5492 1004 5554 Quid
1030 5492 1135 5547 Ribera
1149 5493 1179 5546 in
1192 5508 1261 5548 com.
1275 5491 1347 5546 illius
1363 5491 1426 5560 loci,
1442 5491 1548 5550 catech.
1561 5491 1729 5549 Tridentin
1747 5493 1863 5566 exposit.
