4104 6014
226 337 286 396 234
808 333 929 392 LOCUS
947 331 1154 391 vlcneIlssJs
1173 333 1320 393 SEXTUS

224 501 258 540 sc
276 486 360 541 ritem
377 491 517 541 eetemem
537 487 648 543 domum
666 489 821 559 coelestem,
841 489 908 559 quie
926 489 956 543 in
976 489 1054 546 coelo
1083 504 1134 544 sue
1152 490 1257 562 petria,
1275 489 1325 544 ubi
1344 489 1494 561 diligenter
1509 495 1589 554 note,
1607 488 1764 560 spostolum
1782 487 1916 545 effectum

224 571 321 627 eedem
359 570 486 627 fidelibus
521 579 627 645 perata.
681 574 787 646 Corpus
822 575 937 631 mortale
973 581 1056 632 vocet
1082 576 1190 647 piorum
1208 576 1248 631 sic
1274 576 1445 643 describere,
1472 575 1548 647 quod
1567 575 1725 630 desiderent
1741 575 1914 646 peregdneri

225 660 339 725 σκῆνος,
366 659 433 730 quie
462 658 554 714 enims
582 660 618 714 ed
652 667 761 731 tempus
783 661 920 717 duntaret
947 662 975 716 in
1006 662 1054 719 illo
1082 679 1240 734 ecorpore,
1260 669 1291 718 nt
1308 678 1363 717 non
1383 663 1500 733 emplius
1524 661 1733 734 peregrinentur
1749 676 1768 716 e
1782 660 1914 731 Domino,

224 743 340 812 habitat,
352 750 450 814 postea
458 761 491 800 ex
500 744 552 800 boc
561 745 742 802 tabernaculo
751 747 886 818 emigret3
906 748 955 803 sed
968 749 1055 804 coele·
1081 749 1131 806 sed
1154 749 1212 804 rint
1227 754 1386 820 montes
1403 748 1479 818 apud
1498 749 1603 819 ipsum,
1629 748 1711 803 docet
1728 747 1827 819 igitur,
1849 758 1915 805 esee

225 835 295 884 stem
308 829 508 885 beatitudinem
520 838 601 886 vocat
613 831 778 905 οἰκητήριον,
791 839 933 888 aeternum
947 850 981 889 ec
993 851 1055 904 per·
1083 841 1185 890 etetum
1203 837 1323 908 aliquem
1340 835 1456 904 animes,
1474 835 1502 890 in
1519 852 1574 906 quo
1592 835 1784 906 peregrinetur
1800 836 1914 906 quidem

225 923 340 988 potuum
360 916 535 974 domicilium.
577 918 621 975 De
640 920 761 991 corporis
779 920 959 976 tabernaculo
979 920 1054 991 dicit,
1081 939 1099 977 e
1134 939 1263 994 corpore,
1302 938 1359 978 non
1393 926 1487 976 temen
1517 922 1710 994 peregrinetur
1737 937 1757 976 e
1783 920 1912 975 Domino.

225 1003 300 1074 quod
318 1002 431 1058 tandem
457 1004 635 1072 dissolvetur,
659 1007 709 1060 sed
736 1006 882 1061 coelestem
908 1006 1055 1062 beetitudi·
1080 1009 1168 1081 At'qui
1196 1009 1260 1064 telis
1282 1009 1392 1064 enimse
1416 1014 1505 1063 stetus
1531 1025 1587 1064 non
1616 1008 1740 1075 deretm,
1766 1007 1820 1061 nisi
1847 1012 1913 1063 ente

224 1106 288 1144 nem
317 1096 399 1145 vocat
430 1095 520 1146 οὶκίαν
551 1090 678 1157 diuinos,
709 1093 778 1164 quia
803 1093 832 1146 in
857 1099 998 1149 aeternum
1028 1100 1056 1149 et
1083 1095 1310 1151 resurrectionem
1329 1095 1422 1150 enims
1440 1100 1513 1151 esset
1525 1095 1600 1165 apud
1612 1093 1760 1149 Dominum
1773 1110 1912 1165 praesens.

225 1174 336 1245 quidem
371 1176 401 1231 in
437 1176 533 1233 eodem
576 1184 651 1233 stetu
694 1184 846 1248 permanet
901 1177 1054 1235 Goeleetem
1080 1181 1152 1238 Nem
1169 1182 1199 1235 in
1216 1183 1270 1236 hec
1286 1182 1345 1236 vita
1370 1181 1580 1252 peregrinemur
1599 1197 1617 1234 e
1634 1179 1768 1248 Domino,
1787 1178 1838 1234 sed
1855 1195 1912 1233 non

225 1261 336 1316 domum
354 1269 436 1318 vocet
460 1261 672 1336 ἀχειροποίητον
698 1269 727 1319 et
752 1264 907 1339 οἰκοδομὴν
924 1267 954 1319 tr
975 1268 1054 1335 teeti,
1080 1283 1236 1338 eoorpore,
1255 1267 1432 1340 ἔνδημοῦμεν
1449 1264 1502 1341 γὰρ
1522 1270 1554 1319 tr
1570 1262 1675 1337 σώματι
1693 1282 1718 1320 v.
1730 1270 1757 1322 t.
1768 1265 1799 1320 in
1816 1265 1913 1321 future

224 1347 291 1418 quie
307 1347 385 1403 Deus
403 1349 441 1404 eb
460 1356 573 1406 esterno
596 1351 656 1407 eine
675 1350 817 1406 hominum
834 1368 920 1422 opere
937 1351 1054 1408 eundem
1080 1354 1139 1407 rite
1156 1358 1220 1423 post
1238 1352 1466 1408 resurrectionem
1483 1368 1535 1407 nec
1552 1367 1570 1406 e
1588 1352 1720 1418 Domino,
1742 1367 1795 1407 nec
1814 1367 1832 1405 e
1849 1367 1910 1406 cor·
1927 1363 2042 1407 ,1111111

223 1432 351 1490 fidelibus
376 1436 499 1506 pererit,
528 1443 625 1492 conns
654 1453 720 1492 vero
744 1454 844 1509 corpus
869 1438 985 1493 mortale
1004 1454 1054 1508 per
1079 1452 1146 1508 pore
1176 1437 1428 1511 peregrinabimur,
1465 1437 1532 1509 quie
1556 1437 1659 1492 erimus
1690 1453 1753 1491 cum
1787 1436 1910 1491 Domino

223 1520 361 1577 carnalem
387 1522 592 1593 generationem
620 1527 766 1594 perentnm
793 1524 874 1579 nobie
902 1524 1053 1579 communi·
1079 1541 1187 1595 semper
1213 1532 1242 1581 et
1266 1526 1296 1580 in
1318 1541 1403 1580 cerne
1425 1530 1521 1580 nostre
1543 1523 1635 1579 Deum
1661 1523 1825 1579 videbimus.
1870 1523 1911 1581 Ut

223 1607 306 1662 ervit.
350 1611 378 1663 3.
396 1609 443 1663 Ea
473 1609 619 1664 verborum
650 1611 881 1666 consideratione.
931 1611 996 1667 Non
1024 1611 1054 1664 in
1080 1627 1145 1683 ergo
1161 1611 1244 1666 detur
1261 1618 1366 1674 stetus,
1384 1612 1413 1665 in
1432 1629 1489 1682 quo
1506 1613 1681 1685 ἐκδημοῦμεν
1701 1613 1731 1663 tx
1748 1611 1798 1664 τοῦ
1815 1608 1908 1683 otpo-

223 1693 317 1750 futuro
345 1695 429 1760 dicit,
458 1696 483 1750 ei
512 1697 649 1753 terrenis
676 1698 774 1753 domus
803 1699 938 1754 dissolute
961 1697 1053 1767 tuone,
1078 1718 1133 1762 roe,
1153 1699 1326 1771 ἔνδημοῦμεν
1346 1698 1379 1752 ot
1402 1697 1471 1774 πρὸς
1486 1696 1535 1752 τὸν
1546 1696 1650 1769 κύριον
1665 1714 1693 1754 v,
1713 1695 1909 1752 succusano

170 1819 173 1825 ,
224 1779 388 1836 habebimus
405 1782 625 1839 aedificationem
642 1799 675 1838 er
694 1783 771 1854 Deo,
796 1784 847 1839 sed
866 1784 1053 1856 inpraesenti
1079 1784 1302 1854 concedendum,
1331 1784 1407 1855 quod
1435 1785 1544 1840 enimse
1572 1785 1681 1855 piorum
1706 1798 1724 1838 e
1746 1782 1910 1854 corporibus

224 1867 340 1942 ἔχομεν,
366 1869 511 1935 talemne,
542 1877 572 1926 st
599 1870 624 1925 ei
650 1870 687 1926 de
716 1887 831 1942 corpore
852 1870 999 1926 immortali
1026 1879 1054 1926 et
1079 1870 1186 1926 solutes
1210 1871 1266 1926 sint
1291 1875 1451 1942 maerentes
1477 1872 1554 1942 apud
1580 1870 1737 1926 Dominum.
1780 1874 1805 1926 4.
1827 1869 1907 1936 Quod

225 1952 380 2024 glorificeto
400 1960 524 2026 tempore
542 1957 750 2014 resurrectionis
767 1958 849 2014 nobis
865 1958 958 2012 dendo
977 1956 1053 2029 loqui
1079 1973 1135 2012 nou
1153 1956 1272 2028 emplius
1288 1955 1431 2011 ambulent
1451 1973 1506 2027 por
1525 1957 1621 2024 tidem,
1644 1958 1696 2009 red
1709 1970 1765 2026 per
1780 1955 1908 2024 φοοὼιιι,

224 2040 369 2106 voluisset,
394 2041 424 2097 in
448 2041 543 2097 futuro
569 2043 684 2099 dirimet
707 2044 867 2098 latebimus
891 2047 1002 2098 domum
1020 2061 1053 2098 ec
1079 2043 1172 2099 idest
1194 2043 1270 2116 quod
1287 2043 1378 2099 Deum
1394 2059 1487 2099 coram
1504 2043 1680 2108 intueantur,
1708 2048 1742 2096 ut
1759 2042 1841 2097 docet
1856 2056 1906 2111 op·

225 2128 297 2185 Deo.
343 2131 366 2183 1.
391 2131 437 2184 Es·
467 2131 548 2199 scope·
578 2131 777 2186 obrerootione.
823 2131 974 2202 Apostolus
998 2128 1052 2186 boc
1080 2130 1180 2201 positio
1200 2137 1223 2187 1.
1240 2129 1302 2185 (lor.
1324 2135 1363 2196 13,
1382 2147 1409 2187 u.
1429 2135 1473 2185 12:
1505 2129 1635 2185 Vidennss
1653 2146 1725 2183 nunc
1739 2146 1795 2200 per
1811 2144 1908 2198 epem-

223 2213 283 2268 vult
300 2212 401 2270 dicere.
440 2215 470 2273 si
486 2216 531 2271 rel
555 2217 673 2273 menime
691 2217 720 2271 in
738 2216 791 2271 bec
810 2216 869 2272 vite
885 2217 1051 2287 persecutio·
1078 2217 1136 2270 len
1162 2217 1193 2270 in
1215 2217 1387 2287 unomen,
1417 2224 1482 2270 tnnc
1503 2223 1596 2269 auten
1623 2216 1703 2278 facie
1730 2217 1773 2270 ed
1788 2214 1907 2285 sscien

223 2317 288 2369 nes,
318 2301 416 2356 ereilia
450 2310 479 2358 et
511 2302 600 2374 ipsam
631 2303 744 2358 tendem
772 2309 890 2358 mortem
914 2303 1051 2358 sustinere
1078 2303 1134 2358 Per
1155 2304 1185 2357 rt
1216 2303 1288 2362 ridor
1319 2302 1406 2374 igitur
1429 2301 1562 2374 intelligit
1587 2301 1727 2372 spostolus
1750 2301 1852 2357 clerum
1877 2304 1907 2353 et

222 2385 361 2457 cogimur,
392 2403 449 2442 non
475 2394 648 2454 esttamen,
678 2389 753 2460 quod
784 2389 877 2444 enimc
904 2394 1052 2460 propteree
1077 2389 1235 2444 intuitis-em
1253 2388 1306 2444 Dei
1324 2389 1474 2457 visionem,
1497 2387 1651 2460 perfectam
1668 2386 1723 2442 Dei
1737 2385 1905 2457 agmtionem

223 2488 357 2542 ungamur
388 2489 422 2527 ec
450 2473 561 2527 domum
590 2475 669 2530 nobie
702 2474 860 2530 defuturam
888 2481 1051 2540 metuamus,
1077 2482 1106 2531 et
1131 2475 1310 2531 laetissimum
1335 2471 1495 2532 coelestium
1525 2474 1661 2530 bonorum
1690 2471 1906 2545 perfruitionem.

223 2556 357 2614 ubemur
376 2559 448 2614 enim
469 2559 580 2615 domum
598 2561 752 2630 coelestem,
770 2563 800 2616 in
818 2578 931 2634 queme
948 2562 1051 2617 mundo
1078 2561 1270 2617 'llrensibirnus
1288 2561 1324 2616 ed
1344 2561 1399 2616 elie
1412 2561 1489 2616 dicte
1506 2561 1667 2639 apostolice.
1697 2559 1767 2614 Phil.
1788 2562 1811 2627 1,
1827 2574 1853 2611 v.
1874 2562 1907 2613 t:

221 2643 294 2716 pulei
325 2661 359 2699 ec
390 2645 481 2717 fugati
513 2647 685 2717 recipiemur.
736 2650 776 2702 At
807 2649 830 2702 si
859 2666 909 2719 per
941 2648 1051 2702 domum
1079 2647 1169 2719 Cupio
1199 2648 1316 2703 (11110111
1344 2656 1372 2702 st
1403 2664 1462 2702 sees
1491 2665 1555 2701 cun
1587 2648 1708 2702 Obrs'eto.
1752 2643 1908 2715 Empheein

223 2730 370 2785 coelestem
387 2731 555 2803 intelligeret
574 2749 674 2804 corpus
700 2733 853 2789 immortale
870 2739 899 2789 et
915 2732 1051 2805 glorifice·
1078 2735 1156 2791 verbi
1173 2733 1309 2789 ἀναλῦσαι
1335 2734 1509 2805 exposuimus
1532 2733 1659 2804 superius
1683 2733 1711 2786 in
1735 2736 1907 2802 σουοιιυμίᾳ,

223 2822 297 2885 turn,
325 2833 382 2872 non
407 2818 543 2889 potuisset
572 2818 681 2886 dicere,
709 2818 789 2875 nobie
816 2836 873 2875 non
895 2819 1052 2875 defuturum
1078 2821 1209 2877 hocloco
1227 2820 1297 2875 illud
1316 2827 1458 2888 notemus,
1480 2819 1555 2892 quod
1574 2818 1679 2873 Paulus
1695 2822 1759 2887 post
1775 2832 1853 2870 suem
1871 2831 1906 2871 ex

225 2902 352 2972 demum,
371 2904 439 2977 qnia
455 2921 473 2959 e
490 2903 536 2961 die
553 2905 649 2960 mortis
673 2922 762 2978 usque
778 2906 815 2961 ed
832 2914 941 2977 tempus
952 2906 1052 2977 judicii
1078 2907 1131 2963 hae
1147 2895 1364 2962 vite‘sinltvon
1382 2911 1476 2978 speret
1494 2923 1554 2963 esse
1570 2922 1635 2960 cum
1646 2902 1753 2961 cbristo
1772 2903 1801 2957 in
1817 2904 1907 2969 coele,

224 2989 313 3046 deerit
329 2990 410 3046 nobie
429 3008 530 3063 eorpus
553 2990 714 3050 immortale
758 2999 783 3049 ὁ.
803 2994 850 3047 Ec
874 3000 1051 3064 contorquente
1078 2994 1176 3065 utique
1201 3009 1269 3065 ergo
1291 2993 1379 3064 ipsius
1408 2991 1501 3048 enime
1525 3008 1579 3047 non
1606 2988 1705 3043 dormit
1722 2988 1752 3043 in
1770 2989 1905 3061 sepulcre,

224 3077 363 3133 1111111111.
415 3078 458 3132 Er
487 3095 520 3134 eo
551 3079 633 3145 enim,
666 3079 740 3151 quod
767 3079 909 3151 apostolus
937 3079 1051 3143 dixerut,
1079 3080 1123 3136 vel
1142 3080 1171 3134 in
1191 3080 1329 3135 communi
1348 3079 1469 3151 quodam
1482 3080 1635 3134 animarum
1652 3076 1907 3146 receptaculum

225 3162 358 3220 dissoluto
389 3170 515 3221 terreme
546 3165 644 3220 domne
679 3165 838 3221 habitaculo
870 3182 920 3221 nos
949 3165 1053 3222 hebere
1078 3183 1142 3222 cum
1160 3166 1270 3222 Christo
1292 3167 1321 3221 in
1347 3164 1457 3222 welseri
1483 3161 1573 3233 glorie
1600 3168 1732 3220 vereatur.
1776 3163 1814 3214 Ut
1829 3162 1906 3216 enin

224 3249 335 3306 domum
353 3258 494 3306 aeternam
511 3251 540 3305 in
559 3251 658 3320 coelis,
685 3269 712 3308 r.
732 3258 757 3309 8.
784 3251 885 3320 infert,
913 3252 988 3322 quod
1011 3251 1052 3306 in·
1078 3255 1175 3322 angeli
1190 3254 1221 3308 e'n
1242 3254 1448 3316 coelieeenper
1467 3249 1563 3305 rident
1579 3250 1685 3312 faciens
1700 3248 1799 3302 Petris
1816 3247 1904 3303 coce-

223 3335 297 3391 tuitu
332 3336 508 3394 felicissimae
544 3337 619 3393 illiue
664 3337 831 3394 conditionie
865 3339 1050 3394 desideremus
1077 3341 1129 3394 ne
1146 3339 1246 3394 Matth.
1266 3341 1312 3397 18,
1330 3350 1354 3390 v.
1374 3339 1413 3390 111.
1430 3333 1470 3388 sie
1487 3335 1570 3389 etiam
1587 3334 1694 3389 enimse
1712 3333 1854 3388 bennum
1872 3332 1902 3386 in

223 3423 315 3493 nepte
342 3440 358 3479 e
386 3441 505 3495 corpore
529 3425 714 3496 peregrinari
747 3433 773 3480 et
797 3433 963 3497 praesentes
993 3441 1052 3479 erre
1078 3426 1161 3482 melis
1178 3418 1385 3474 ridentiaciem
1397 3419 1452 3475 Dei
1469 3436 1503 3475 sc
1519 3419 1665 3476 Christiet
1682 3434 1716 3474 ex
1733 3417 1902 3474 hecriuone

223 3512 305 3579 apud
322 3512 483 3566 Dominum.
519 3511 616 3584 Atqui
645 3512 668 3567 si
695 3529 745 3583 per
774 3514 886 3567 donem
908 3519 1052 3569 aeternam
1077 3505 1259 3564 inenarrabile
1286 3507 1418 3578 gaudium
1450 3507 1615 3578 percipiunt.
1661 3508 1705 3561 Ae
1727 3505 1901 3578 quemadmo-

223 3597 359 3652 incoctis
384 3597 548 3670 intelligitur
573 3615 673 3670 corpus
691 3598 858 3664 immortale,
881 3614 937 3654 non
962 3603 1052 3670 potest
1077 3597 1143 3650 dnm
1172 3592 1297 3648 Christus
1323 3595 1352 3648 iu
1377 3610 1428 3648 sue
1452 3595 1489 3649 ad
1514 3596 1605 3650 coeloe
1634 3592 1817 3650 ednensione
1838 3607 1900 3647 sen·

223 3682 294 3738 illud
311 3682 480 3738 desiderium
509 3686 605 3740 mortis
635 3701 669 3739 ex
695 3685 923 3741 antecedentibus
948 3682 1050 3748 inferri,
1076 3680 1211 3735 ctuerium
1228 3680 1346 3735 coeleste
1362 3681 1501 3751 ingressus
1523 3682 1553 3734 in
1577 3681 1699 3750 gloriere
1717 3692 1799 3730 ruem
1815 3678 1901 3731 intem

227 3769 295 3841 quia
314 3787 429 3841 corpore
440 3769 489 3825 illo
501 3770 648 3826 immortali
666 3771 816 3826 carendum
834 3777 876 3825 eet
892 3771 945 3838 piis
962 3782 1051 3838 usque
1076 3767 1143 3821 itere
1169 3764 1269 3820 dieitur
1304 3764 1372 3822 Luc.
1396 3772 1442 3834 et,
1476 3785 1502 3823 v.
1528 3770 1568 3822 21.
1594 3761 1667 3816 unde
1698 3760 1781 3816 11111111
1804 3769 1915 3819 auctor

224 3855 261 3910 ad
281 3855 353 3910 diem
381 3855 489 3926 judicil.
537 3859 560 3912 6.
578 3857 625 3910 Es
644 3856 766 3910 aliorum
787 3856 951 3924 Scripturas
976 3853 1051 3906 loco·
1076 3851 1209 3919 epistolee
1227 3851 1264 3905 ad
1280 3850 1424 3907 Hebraeos
1447 3852 1519 3906 hunc
1537 3847 1640 3903 chricti
1662 3846 1818 3918 ingrestum
1836 3867 1901 3905 con·

223 3959 285 3996 rum
312 3941 472 3997 collatione.
520 3942 582 3998 Non
610 3948 653 3997 est
680 3942 709 3995 in
735 3941 884 4012 scripturis
911 3939 1049 3993 insolitem
1075 3935 1130 4001 tert
1147 3952 1209 3990 cum
1228 3937 1356 4009 ingressu
1380 3932 1531 3989 ncerdotis
1552 3934 1625 3987 intra
1643 3934 1735 3988 velum
1752 3935 1783 3988 1η
1801 3941 1900 3988 sancto

223 4033 274 4082 eut
308 4027 481 4098 iustequens,
518 4026 718 4082 beatitudinem
755 4027 901 4083 coelestem
933 4019 1049 4075 conferri
1074 4030 1233 4076 eonctonnn
1264 4022 1349 4078 Hebr.
1367 4025 1396 4088 9,
1419 4037 1445 4073 v.
1473 4024 1510 4076 12
1530 4019 1663 4088 mnueus,
1685 4020 1838 4092 quodcum
1855 4019 1899 4074 in·

224 4115 328 4171 donni.
357 4114 427 4170 Luc.
449 4120 493 4181 16,
517 4131 544 4171 v.
563 4120 594 4170 91
615 4115 650 4168 Ut
666 4115 808 4184 recepiant
823 4128 871 4162 roe
888 4110 917 4159 r'n
934 4114 1049 4160 aeterna
1076 4123 1171 4178 gressu
1201 4106 1231 4160 in
1262 4105 1369 4160 coelum
1399 4107 1550 4176 conjuncte
1575 4105 1612 4159 eit
1635 4106 1718 4165 beete
1742 4105 1798 4162 Dei
1820 4105 1899 4175 visio,

224 4203 416 4258 numerata,
451 4201 553 4259 John,
573 4208 614 4266 14,
632 4218 659 4257 v,
679 4191 979 4256 2:1ndomoPntrie
996 4195 1051 4246 mn·
1076 4192 1145 4246 sicut
1162 4189 1291 4246 secerdoe
1313 4189 1342 4244 in
1362 4189 1397 4246 V.
1415 4190 1449 4246 Τ.
1472 4198 1598 4246 sanctum
1622 4199 1778 4248 nncrornm
1794 4190 1899 4263 ingres·

224 4289 381 4345 mansiones
399 4288 511 4343 multae
558 4287 644 4343 Hebr.
669 4289 712 4349 11,
738 4299 765 4336 v.
792 4287 835 4337 lt:
860 4279 1050 4347 Exspectobot
1075 4295 1122 4333 sus
1140 4294 1233 4333 ercam
1250 4276 1370 4332 foederis
1394 4277 1432 4332 ab
1456 4277 1542 4333 oculis
1560 4276 1750 4334 lsrelilitnrum
1765 4283 1900 4333 remotam

218 4377 413 4444 sumamma
439 4375 582 4429 lahantem
611 4368 764 4437 civitatem,
791 4365 871 4433 cnjus
892 4366 1000 4428 ortissu
1024 4374 1049 4420 et
1074 4363 1247 4432 intuebatur,
1268 4363 1430 4418 eicenimee
1444 4364 1587 4419 beatorum
1603 4363 1748 4419 incoebrn
1759 4369 1900 4419 assumtum

226 4461 356 4516 eonditor
373 4462 458 4516 Deras.
498 4473 559 4528 cap.
582 4461 628 4522 1³,
652 4473 678 4511 v.
700 4460 746 4510 lt:
775 4454 839 4506 Non
856 4451 986 4506 babemus
1004 4451 1049 4506 lic
1074 4450 1202 4506 Deume
1226 4448 1298 4505 fecie
1322 4449 1359 4504 ed
1383 4448 1482 4505 faciem
1506 4450 1650 4505 intuentur
1674 4451 1816 4504 1111111111
1837 4468 1900 4504 eun

225 4547 365 4602 civitaten
410 4552 579 4610 manentem,
619 4542 671 4592 scol
708 4539 836 4601 fumeum
874 4538 1047 4606 inquirimus.
1074 4536 1418 4605 transumunt.
1439 4541 1463 4592 2.
1498 4534 1717 4591 DeAbreherns
1736 4535 1804 4590 dicit
1819 4536 1898 4607 epist

225 4633 313 4704 Apoc.
332 4637 374 4700 21,
393 4650 419 4688 v.
439 4637 470 4687 3:
494 4631 569 4683 Ecce
586 4623 792 4681 retentaculum
811 4623 869 4677 Dei
884 4641 945 4677 cnm
963 4624 1049 4678 toni-
1075 4625 1112 4679 ad
1133 4622 1274 4678 Hebraeos
1301 4639 1325 4679 c.
1347 4628 1394 4692 11,
1417 4639 1443 4677 r.
1466 4626 1504 4676 10.
1528 4621 1604 4692 quod
1620 4624 1683 4690 fide
1702 4625 1902 4693 motaverit

225 4719 307 4774 „thur
333 4725 385 4768 sec.
439 4717 462 4764 7.
493 4710 540 4763 En
562 4718 678 4782 patr-un
709 4709 943 4780 interpretatione.
995 4711 1049 4766 Per
1075 4710 1212 4764 notorem
1238 4708 1384 4763 debentem
1408 4709 1609 4772 fundamenta,
1633 4708 1716 4777 cujus
1743 4711 1852 4780 crts'J‘sn
1872 4717 1900 4763 et

225 4809 337 4856 donem
355 4795 498 4849 coelestem
511 4795 790 4865 intextuepostolico
807 4795 892 4850 ritem
909 4801 1049 4853 aeternam
1075 4795 1205 4852 conditor
1227 4798 1323 4864 Dens,
1354 4796 1384 4850 in
1407 4811 1469 4850 eum
1492 4807 1557 4847 raro
1583 4794 1676 4849 stetim
1699 4801 1761 4866 post
1784 4803 1899 4852 mortem

231 4883 390 4954 intelligunt
416 4879 532 4936 Plotius
560 4882 636 4952 epud
659 4881 869 4948 Oecumenium,
903 4883 1048 4939 Anselmus
1074 4899 1135 4938 sese
1158 4882 1352 4954 *recipiendum
1390 4880 1572 4951 exspectarit,
1605 4886 1638 4936 ut
1673 4882 1836 4956 intelligitur
1867 4899 1899 4939 er

227 4978 258 5027 et
274 4968 323 5024 elii
339 4967 501 5039 complures.
545 4967 717 5023 Describitur
740 4968 826 5039 igitur
842 4973 931 5023 stetus
947 4971 1048 5026 enima-
1075 4969 1204 5025 sntitheei
1234 4969 1390 5024 caularum
1413 4973 1596 5034 terrenumm,
1624 4984 1650 5023 r.
1675 4974 1699 5027 9.
1724 4976 1754 5024 et
1778 4985 1812 5025 ex
1839 4968 1901 5024 loco

225 5074 286 5112 rum
309 5061 466 5110 sanctarum
491 5071 506 5110 e
531 5055 650 5125 corporis
674 5054 854 5110 tebernsculo
877 5071 1049 5126 egressurum
1074 5054 1398 5126 apostolerum,
1425 5069 1451 5106 r.
1470 5058 1494 5109 1.
1518 5051 1604 5107 Hebr.
1627 5059 1673 5119 11,
1695 5060 1901 5112 112111111-

223 5144 300 5200 hisee
328 5142 472 5206 membris,
506 5148 527 5197 1.
553 5141 625 5214 quod
642 5141 854 5197 introducentur
877 5141 907 5195 in
939 5142 1049 5199 domum
1075 5143 1153 5196 cistis
1175 5145 1216 5197 od
1246 5148 1365 5196 montem
1392 5140 1461 5195 Sion
1483 5145 1508 5194 st
1535 5139 1674 5192 civitaten
1696 5141 1755 5195 Dss'
1776 5142 1902 5207 1111111111,

223 5247 279 5286 non
295 5228 495 5294 manufactam,
518 5228 569 5283 sed
591 5243 661 5298 quae
686 5244 720 5282 ex
737 5228 799 5283 Deo
825 5232 854 5282 et
879 5234 992 5283 aeterne
1009 5237 1051 5284 est
1076 5229 1302 5300 Hierosolymam
1340 5227 1479 5281 coelestem
1504 5231 1531 5279 et
1560 5223 1698 5292 myricen
1728 5229 1899 5299 angelorum,

224 5317 253 5372 in
292 5315 385 5371 coelis.
435 5314 524 5387 Atqui
552 5314 581 5369 in
605 5312 655 5367 ille
675 5314 755 5368 domo
794 5313 872 5382 luce,
904 5314 995 5385 glorie
1023 5322 1051 5370 et
1076 5331 1102 5370 v.
1121 5320 1162 5370 23.
1188 5318 1229 5370 nd
1250 5313 1488 5382 congregationem
1514 5319 1541 5365 et
1566 5313 1710 5365 securium
1732 5317 1900 5384 primoum

224 5402 330 5459 leetitie
355 5402 466 5457 coelesti
495 5400 681 5472 pen-fruuntur.
726 5405 750 5455 l.
778 5399 860 5463 Quod
885 5400 914 5454 in
939 5401 1051 5456 coelesti
1077 5407 1168 5455 torum
1191 5403 1222 5455 s'n
1237 5401 1322 5455 codis
1348 5397 1568 5467 conscriptorem
1593 5406 1619 5451 st
1635 5399 1765 5467 jndicem
1783 5403 1900 5458 ennium

225 5490 273 5547 illo
302 5488 462 5545 habitaculo
498 5486 733 5560 superinduentur
761 5486 852 5558 glorie
882 5492 912 5541 et
940 5486 1051 5543 honore.
1078 5491 1170 5543 Deum
1192 5495 1218 5542 et
1241 5489 1360 5557 apirian
1378 5490 1521 5558 jesstorurn
1540 5489 1746 5558 perfectorem,
1769 5504 1796 5545 v.
1815 5493 1856 5548 tt.
1877 5499 1904 5545 st

226 5584 253 5638 1.
274 5575 355 5645 Quod
383 5575 441 5635 siut
469 5581 626 5650 praesentes
653 5571 897 5643 epudlloninum
925 5573 957 5629 in
984 5588 1052 5630 rere
1078 5573 1235 5631 menno·
1257 5576 1324 5631 nost
1347 5573 1536 5630 mediatorem.
1580 5570 1637 5628 ffis
1661 5571 1773 5629 nimae
1795 5573 1919 5644 piorum.
