4104 6014
183 212 245 273 288
794 203 918 263 Locus
936 198 1142 261 vlcusmus
1161 200 1308 262 SEXTUS

182 362 338 420 Ostendant
355 363 437 430 enim,
455 361 504 416 ubi
522 359 552 416 in
575 359 727 430 Scripturis
743 360 821 416 Deus
841 375 892 414 nos
908 360 1018 419 remise-
1046 355 1178 411 δουλείαν
1203 357 1326 412 οαιὶιιιίι
1354 358 1556 427 memorialem,
1583 375 1639 429 qua
1665 363 1773 431 gratam
1791 375 1888 416 eorum

180 450 219 506 rit
235 450 271 504 ad
289 455 399 505 sanctos
412 457 544 519 tanquam
559 446 594 501 ad
609 446 760 516 patronos?
778 446 826 500 ubi
845 446 1020 516 proposuerit
1047 443 1206 498 memoriam
1224 444 1316 498 animo
1334 445 1561 511 circumferimus,
1580 446 1686 517 optima
1704 464 1832 518 quaeque
1852 447 1888 502 de

182 534 262 591 nobis
280 552 326 590 eos
339 533 527 590 invocandos?
548 532 597 587 ubi
617 531 781 603 promiserit,
801 548 831 587 ae
848 546 899 601 per
910 530 1020 586 illorum
1047 528 1100 583 illis
1125 531 1258 586 sentimus
1283 537 1311 586 et
1338 530 1492 602 loquimur,
1525 532 1641 588 virtutes
1674 538 1703 587 et
1726 549 1770 587 res
1791 538 1887 604 gestas

181 637 278 676 manus
298 620 378 675 uobis
397 619 526 674 daturum
547 617 702 673 beneficia?
739 616 820 681 Quod
838 617 860 671 si
877 621 1021 688 praestare
1046 617 1168 687 ipsorum
1186 618 1378 688 praedicamus
1397 624 1481 688 atque
1505 618 1566 672 aliis
1585 618 1620 672 ad
1642 618 1805 673 imitandum
1826 637 1887 690 pro·

182 723 236 762 non
253 711 383 778 possunt,
403 711 572 778 agnoscant,
598 720 627 758 se
645 720 722 775 spem
739 703 775 759 ad
794 702 924 758 fiduciam
942 721 1020 758 snam
1046 703 1187 772 ponimus,
1221 721 1276 773 quo
1304 705 1425 774 pertinet
1444 703 1513 758 illud
1531 704 1682 775 Augustini
1708 705 1769 765 libr.
1793 711 1834 764 10.
1852 707 1888 763 de

181 794 242 850 sins
260 793 313 848 Dei
331 792 417 847 verbo
439 798 468 847 st
487 790 675 860 ordinatione,
701 791 756 845 imo
774 796 871 847 contra
889 790 944 847 Dei
961 807 1020 846 rer-
1047 788 1100 845 civ.
1115 788 1168 843 Dei
1187 805 1247 860 cap.
1263 794 1290 843 1:
1313 789 1348 842 Si
1364 791 1556 845 tamtummodo
1576 791 1667 844 οαλιαε
1685 791 1747 860 obre
1765 793 1888 859 dicotur,

182 879 248 935 bum
271 879 301 934 in
326 884 481 934 creaturam
509 877 632 948 aliquam
658 876 809 947 collocare,
838 893 871 931 ac
904 877 1020 949 proinde
1047 891 1103 927 moa
1122 873 1179 928 soli
1195 875 1260 928 Deo
1278 875 1373 928 deberi
1395 877 1514 929 ridetur.
1559 878 1692 931 Dicimur
1710 878 1784 931 emim
1801 878 1886 941 etiam

184 966 315 1022 honorem
335 965 387 1020 soli
406 965 467 1020 Deo
494 968 695 1033 competentem
721 980 755 1017 ac
773 967 914 1018 creaturas
932 969 1020 1018 hans·
1048 960 1139 1014 colere
1156 960 1288 1025 homines,
1307 978 1376 1030 quos
1391 961 1547 1024 iomoririea
1564 962 1610 1016 oel
1626 964 1824 1019 recordatione
1840 966 1885 1018 ael

180 1051 253 1107 ferre
279 1057 307 1106 et
338 1068 388 1122 per
418 1066 590 1121 consequens
620 1047 805 1103 idololatriam
841 1049 1019 1104 committere.
1043 1046 1208 1115 praesentia
1242 1048 1464 1115 frequentamus.
1525 1049 1668 1103 Assumao
1705 1049 1792 1105 habet
1829 1050 1885 1104 duo

180 1138 278 1207 Adde,
310 1137 384 1209 quod
415 1137 485 1192 fides
511 1134 597 1191 verbo
625 1134 757 1191 destituta
782 1152 837 1190 non
854 1136 943 1207 possit
960 1152 1020 1191 esse
1047 1131 1185 1202 membra,
1223 1150 1340 1204 quorum
1375 1133 1453 1204 prius
1483 1138 1526 1190 est
1554 1134 1717 1190 manifestae
1751 1136 1884 1205 veritatis,

181 1240 249 1279 vera
264 1223 343 1290 fides,
363 1223 413 1277 sed
433 1222 573 1277 sitinanis
585 1222 742 1292 persuasio;
762 1222 916 1277 ncccultus
935 1221 1019 1277 verbo
1046 1219 1182 1290 posterius
1211 1219 1345 1289 probatur
1362 1236 1397 1275 ex
1421 1237 1466 1289 eo,
1492 1227 1551 1276 tum
1579 1221 1653 1292 quod
1675 1221 1806 1277 memoria
1828 1239 1884 1276 nou

182 1309 316 1365 destituta
333 1326 389 1364 non
413 1309 502 1380 possit
525 1324 585 1362 esse
607 1306 773 1376 veredica,
796 1308 845 1362 sed
868 1310 905 1362 sit
930 1308 1020 1364 inanis
1049 1303 1085 1359 sit
1103 1320 1205 1374 eorum,
1226 1305 1262 1360 ad
1282 1323 1351 1377 qnos
1371 1306 1517 1376 loquimur,
1536 1307 1586 1362 sed
1607 1323 1709 1372 eorum,
1729 1307 1764 1362 de
1783 1308 1884 1378 mribus

181 1395 340 1467 persuasi03
366 1411 417 1450 nec
443 1394 535 1449 cultus
559 1394 645 1449 verbo
669 1393 817 1449 destitutus
844 1395 932 1465 possit
960 1412 1020 1450 esse
1047 1390 1198 1461 loquimur,
1225 1391 1363 1446 invowfio
1377 1409 1442 1447 vero
1463 1410 1574 1457 eorum,
1591 1393 1628 1447 td
1646 1410 1715 1464 quos
1734 1394 1883 1465 loquimur,

182 1481 243 1537 Deo
264 1486 374 1552 gratus,
394 1480 443 1535 sed
464 1479 500 1534 sit
517 1479 746 1554 ἐθελοθρησκεία,
766 1496 829 1534 cum
846 1481 918 1536 inter
935 1479 1019 1535 fidem
1047 1493 1102 1530 non
1135 1476 1169 1531 de
1195 1475 1296 1546 quibus
1321 1476 1471 1548 loquimur,
1502 1478 1619 1548 proinde
1651 1477 1728 1533 nulla
1745 1478 1884 1534 invocatio

182 1574 211 1622 et
234 1566 364 1631 verbum,
398 1566 469 1620 inter
495 1566 601 1620 cultum
624 1565 685 1621 Deo
708 1570 819 1637 gratum
849 1570 878 1620 et
903 1566 1018 1620 verbnm
1050 1560 1160 1632 proprie
1187 1561 1240 1615 erit
1266 1562 1453 1631 memorialis,·
1480 1567 1539 1617 tum
1562 1563 1637 1633 quod
1654 1562 1798 1634 Scriptura
1829 1581 1883 1619 me·

183 1652 336 1708 revelatum
356 1653 392 1707 sit
410 1657 547 1723 perpetua
565 1651 671 1706 relatio.
710 1651 816 1715 Quodsi
835 1668 902 1723 ergo
920 1653 948 1706 in
967 1651 1020 1706 hac
1047 1647 1160 1702 moriam
1178 1653 1336 1702 sanctorum
1353 1648 1434 1702 nobis
1460 1650 1647 1720 commendet,
1681 1650 1882 1707 invocationem

183 1739 288 1792 fiducia
305 1744 335 1793 et
353 1738 526 1794 invocatione
551 1743 709 1792 sanctorum
729 1737 917 1792 destituuntur
935 1737 1020 1792 sorbo
1046 1750 1111 1789 vero
1129 1738 1286 1787 sanctorum
1308 1733 1469 1803 prohibeat3
1489 1740 1547 1788 tum
1566 1736 1642 1806 quod
1654 1742 1760 1791 veteres
1779 1742 1884 1807 marty·

183 1825 307 1880 mandati
327 1830 356 1879 et
375 1819 571 1894 promissionis,
589 1827 620 1878 ut
632 1824 828 1892 destituuntur,
847 1840 1019 1894 consequens
1046 1836 1106 1873 rum
1162 1818 1306 1873 memorias
1363 1818 1636 1875 honorificentissime
1694 1819 1883 1886 celebrabant,

182 1918 239 1977 est,
257 1925 318 1965 eam
338 1926 393 1965 non
411 1926 472 1964 esse
492 1926 544 1965 nec
565 1925 624 1964 esse
643 1925 725 1979 posse
744 1908 876 1964 fiduciam
894 1914 924 1964 et
943 1909 1018 1964 inro—
1046 1905 1156 1960 aosdem
1188 1923 1252 1961 vero
1281 1922 1298 1960 a
1327 1921 1357 1959 se
1386 1905 1506 1961 invocari
1530 1907 1632 1962 diserte
1664 1907 1819 1979 negabant,
1850 1914 1883 1962 ut

182 1997 320 2051 sotionem
343 1995 404 2051 Deo
429 2001 546 2066 gratam.
592 1994 672 2059 Quod
695 1996 777 2064 prims
805 1994 917 2060 attinet,
945 1995 1018 2066 prin-
1046 1991 1153 2062 patebit
1172 1992 1295 2048 inferius.
1336 1999 1360 2048 9.
1380 1992 1441 2049 Nec
1464 1992 1533 2047 illud
1553 1993 1584 2046 in
1611 1993 1788 2049 distinctione
1805 1994 1879 2061 Pon·

183 2083 287 2153 cipium
315 2083 344 2136 in
372 2099 406 2136 eo
432 2082 547 2152 petitur,
582 2082 657 2153 quod
684 2089 793 2152 practer
819 2081 911 2136 Deum
934 2080 1019 2137 etiam
1045 2079 1192 2134 tificiorum
1209 2079 1275 2134 ferri
1294 2082 1400 2149 potest,
1428 2081 1506 2148 qaod
1524 2081 1619 2132 eodem
1638 2080 1724 2146 culta,
1744 2079 1882 2151 όπερδον-

183 2169 272 2223 sancti
290 2173 451 2223 statuuntur
475 2167 597 2238 religiosi
619 2166 710 2221 cultus
727 2172 755 2222 et
771 2167 952 2222 invocationis
971 2167 1019 2222 ob·
1046 2168 1105 2234 λείῳ
1122 2165 1235 2234 rosiicot,
1253 2174 1379 2219 sommam
1395 2166 1499 2219 Christi
1516 2182 1627 2220 carmem
1646 2173 1671 2219 et
1679 2167 1799 2220 Beatam
1811 2167 1883 2221 Dei·

29 2258 111 2299 ¹V111·
124 2260 168 2299 1⁰³·
180 2257 296 2326 jectum.
342 2254 459 2318 Quando
491 2255 565 2308 enirn
591 2253 681 2309 cultus
708 2254 760 2309 soli
779 2253 840 2308 Deo
859 2257 1018 2324 competens
1042 2268 1147 2321 param
1163 2259 1388 2320 prosequantur,
1408 2253 1470 2322 ejus
1488 2251 1561 2306 enirn
1580 2267 1752 2322 consequens
1770 2257 1827 2319 est,
1852 2260 1884 2308 ut

182 2342 223 2395 rei
240 2341 325 2396 alicui
344 2346 455 2396 creatae
471 2346 582 2410 praeter
599 2345 627 2393 et
645 2342 722 2394 extra
734 2339 826 2394 Deum
841 2338 1019 2409 impenditur,
1045 2343 1094 2392 aut
1125 2343 1222 2392 sancta
1239 2336 1341 2392 Christi
1365 2352 1430 2392 caro
1459 2353 1510 2391 sua
1534 2337 1695 2407 majestate,
1723 2354 1809 2409 quarn
1833 2356 1884 2410 per

183 2444 239 2481 non
265 2426 382 2497 emergit
405 2424 471 2479 inde
497 2425 637 2479 diversum
663 2425 775 2497 aliquod
801 2424 912 2479 honoris
930 2440 1018 2496 genus
1046 2424 1174 2480 unionem
1187 2425 1359 2494 personalem
1374 2429 1403 2478 et
1417 2424 1626 2480 collocationem
1640 2424 1676 2479 ad
1688 2425 1742 2480 Dei
1757 2425 1882 2482 demam

183 2512 289 2566 licitum
307 2529 342 2566 ac
360 2500 421 2565 Deo
439 2516 560 2581 gratum,
578 2510 627 2564 sed
644 2509 697 2565 sub
717 2510 892 2565 idololatriae
909 2511 1019 2566 nomine
1045 2516 1195 2565 consecuta
1206 2515 1257 2577 est,
1271 2510 1404 2581 spolietur
1419 2510 1504 2581 inque
1515 2510 1686 2580 reliquarum
1694 2518 1883 2567 creaturarum

181 2598 344 2670 gravissime
358 2597 386 2651 in
402 2595 552 2666 Scripturis
567 2602 721 2653 accusatur.
747 2595 924 2651 idololatriae
944 2597 1017 2652 enim
1045 2595 1169 2651 ordinem
1200 2596 1359 2668 redigatur,
1389 2596 1456 2667 quin
1482 2601 1511 2652 et
1532 2596 1640 2652 nefaria
1662 2614 1695 2652 ac
1715 2597 1883 2655 Nestorians

183 2683 287 2753 duplex
305 2688 346 2737 est
364 2681 479 2753 species.
519 2681 598 2746 Una,
617 2683 731 2750 quamdo
750 2699 833 2736 aeras
851 2684 931 2736 Deus
951 2683 1018 2736 coli·
1045 2683 1234 2738 divulsiones
1253 2679 1350 2752 Λόγῳ,
1368 2682 1415 2736 oui
1433 2681 1616 2752 personaliter
1635 2683 1713 2738 unita
1731 2689 1781 2754 est,
1802 2701 1881 2756 sopa-

182 2778 231 2822 tar
249 2787 305 2822 mom
324 2769 432 2838 ἀιοίαα,
451 2767 480 2822 id
498 2773 540 2823 est
556 2768 640 2838 juxta
655 2767 768 2822 modum
787 2768 817 2822 in
835 2769 921 2825 verbo
940 2786 1019 2841 prae·
1046 2776 1135 2832 retur,
1167 2774 1216 2823 aut
1245 2773 1277 2823 ut
1309 2767 1398 2823 Maria
1433 2784 1543 2840 quoque
1570 2769 1600 2822 in
1630 2768 1719 2840 ipsam
1748 2770 1881 2826 deitatem

183 2855 331 2926 scriptum3
350 2856 445 2925 altera,
464 2857 578 2925 quamdo
591 2855 685 2909 dirimo
701 2855 805 2909 solitar
816 2857 857 2923 id,
875 2858 952 2925 quod
964 2873 1019 2910 αοα
1046 2861 1168 2910 assumta
1188 2854 1272 2926 inque
1290 2853 1421 2910 thronum
1439 2853 1552 2910 dextrae
1563 2854 1616 2911 Dei
1635 2861 1740 2924 evecta,
1754 2856 1881 2928 adeoque

183 2950 223 2994 ert
243 2943 334 3010 Deus,
352 2957 425 3013 quae
444 2939 581 3011 posterior
598 2940 773 2996 idololatriae
790 2941 896 3012 species
915 2942 1018 2998 aPon·
1046 2937 1202 3014 σύνθρονον
1234 2941 1296 2997 Deo
1327 2940 1403 2996 facta
1433 2945 1580 2997 statuatur.
1632 2940 1691 2999 Nos
1720 2948 1818 2998 contra
1847 2960 1881 2999 ex

182 3026 275 3083 tificiis
293 3027 487 3095 committitur,
513 3025 625 3097 qnando
650 3031 728 3081 extra
753 3033 781 3081 et
806 3032 915 3097 praeter
933 3046 1018 3084 unum
1045 3026 1196 3098 Scripturis
1222 3033 1250 3083 st
1276 3043 1373 3083 canon.
1395 3033 1418 3083 8.
1437 3026 1594 3098 Ephesinae
1611 3027 1711 3097 synodi
1741 3028 1881 3098 docemus,

182 3129 278 3167 verum
317 3112 407 3168 Deum
446 3113 514 3167 alios
549 3118 695 3183 patronos,
733 3112 878 3170 defunctos
915 3115 1021 3170 scilicet
1045 3119 1195 3169 assumtam
1214 3111 1318 3168 Christi
1344 3129 1455 3168 carnem
1472 3118 1570 3184 utpote
1592 3115 1622 3170 ιν
1642 3112 1718 3184 αἰνιρλ
1733 3116 1771 3184 τῷ
1791 3113 1881 3186 Λόγῳ
1908 3111 1912 3120 “

183 3206 309 3264 sanctos,
329 3198 436 3271 absque
453 3198 508 3253 Dei
531 3197 617 3254 verbo
636 3203 773 3270 quaerunt
790 3205 817 3256 et
834 3200 939 3255 cultum
958 3199 1019 3257 Deo
1046 3199 1242 3256 subsistentem
1271 3204 1300 3255 st
1328 3199 1364 3254 ad
1389 3198 1514 3255 dextram
1537 3199 1592 3254 Dei
1619 3205 1744 3256 evectam
1769 3217 1827 3256 una
1851 3208 1880 3257 et

183 3285 307 3342 debitum
336 3285 404 3355 ipsis
431 3285 604 3355 impendunt.
652 3284 724 3341 Nam
748 3288 959 3359 slialolcrpsla
977 3293 1019 3343 est
1045 3285 1142 3341 eadem
1184 3285 1344 3341 adoratione
1388 3301 1451 3339 cum
1492 3280 1581 3356 Λόγῳ
1624 3301 1685 3340 esse
1726 3285 1879 3343 colendam.

182 3375 232 3427 roi
256 3368 371 3426 είδόλου
398 3375 525 3441 λατρεία,
554 3371 628 3445 quod
652 3370 758 3425 idolum
783 3377 875 3442 potest
896 3389 956 3428 esse
974 3374 1020 3430 vel
1043 3370 1152 3427 Jesuita
1187 3370 1295 3427 Cotton.
1324 3370 1386 3428 libr.
1420 3376 1442 3425 1.
1481 3370 1568 3425 instit.
1607 3369 1708 3426 cathol.
1747 3387 1807 3442 esp.
1839 3380 1878 3432 19.
1894 3382 1970 3424 xvru.
1988 3386 2011 3423 m

183 3463 274 3523 extra,
301 3457 347 3512 vol
369 3456 442 3512 intra
465 3448 611 3522 animum,
627 3463 659 3510 ιιι
678 3474 729 3511 suo
752 3457 813 3513 loco
839 3458 947 3528 plenius
965 3459 1020 3515 fnit
1044 3475 1107 3529 pag.
1127 3464 1172 3513 99:
1197 3459 1243 3510 Eo
1264 3457 1341 3510 οιιλιιν
1357 3464 1384 3510 αι
1403 3457 1549 3526 religiosis
1567 3457 1679 3525 officio,
1704 3457 1879 3528 hyperdulia

183 3542 408 3598 demonstratum.
452 3548 475 3600 8.
491 3541 677 3598 Schroederus
696 3547 797 3598 cauma
811 3543 1018 3600 Pontificiorum
1043 3544 1164 3605 scilieet,
1183 3544 1359 3598 sarotmrima
1384 3544 1458 3597 Filii
1477 3545 1537 3598 Dei
1554 3544 1715 3598 hamanitas
1732 3545 1880 3610 coleretur,

183 3627 324 3699 affugium,
343 3626 418 3698 quod
437 3626 467 3681 in
486 3626 664 3682 distinctione
678 3627 750 3682 inter
762 3632 889 3705 λατρείαν
908 3636 937 3686 οι
952 3631 1017 3686 δον·
1043 3631 1071 3684 si
1089 3639 1159 3685 essct
1178 3630 1214 3685 ab
1231 3630 1378 3700 hypostasi
1395 3631 1535 3700 sejupota.
1589 3629 1736 3695 Subsumo,
1754 3629 1878 3686 humani·

183 3718 260 3768 λείαν
280 3717 430 3784 quaerunt,
457 3714 546 3768 utitur
569 3713 623 3768 hoc
647 3719 811 3786 argumento
836 3715 865 3769 in
883 3716 964 3787 epod.
983 3717 1018 3772 de
1044 3723 1087 3772 tas
1103 3716 1169 3770 Filii
1186 3733 1242 3770 non
1268 3721 1310 3771 est
1327 3711 1363 3770 ab
1383 3715 1444 3786 ejus
1463 3715 1608 3787 hypostasi
1626 3716 1754 3788 sejugata
1772 3716 1818 3773 vol
1837 3733 1879 3773 se·

183 3799 286 3854 sanctis
318 3798 358 3856 th.
381 3805 438 3857 104.
458 3805 487 3855 et
504 3816 597 3870 seqq:
623 3801 703 3867 Quod
726 3807 768 3856 est
790 3800 930 3858 invisibile
947 3808 975 3858 et
990 3804 1019 3857 in
1044 3807 1150 3874 parata
1187 3807 1261 3872 Ergo
1280 3818 1336 3855 non
1354 3800 1438 3856 debet
1454 3801 1507 3855 coli
1524 3801 1699 3872 hyperdulia,
1719 3802 1768 3856 sed
1788 3801 1878 3857 latria.

182 3887 269 3942 altera
297 3884 356 3941 vita
385 3886 578 3952 constitutum,
608 3903 663 3941 non
693 3893 786 3957 potest
815 3887 937 3943 invocari
968 3905 1019 3959 per
1046 3895 1086 3945 10.
1113 3889 1168 3944 Sed
1202 3906 1237 3943 ne
1266 3888 1476 3943 Mariolatriom
1505 3896 1532 3941 οι
1561 3888 1768 3956 Hopiolatriam
1799 3905 1878 3944 suam

183 3971 305 4028 coritium
327 3973 467 4030 δουλείαν.
506 3972 572 4028 iarn
601 3989 666 4027 vero
688 3973 779 4027 sancti
802 3973 927 4029 defuncti
953 3981 1019 4030 sunt
1045 3973 1223 4029 distinetione
1248 3973 1320 4029 inter
1341 3973 1469 4041 latriam,
1500 3973 1602 4028 duliam
1629 3979 1659 4029 οι
1683 3974 1878 4046 hyperduliam

181 4057 336 4113 invisibiles
368 4064 396 4114 et
426 4058 455 4111 in
479 4057 566 4112 altera
591 4057 650 4112 rita
669 4058 819 4114 constituti.
867 4060 942 4131 Ergo
962 4078 1017 4116 non
1044 4059 1161 4132 palliare
1189 4066 1308 4131 pergant
1316 4059 1340 4128 ,Ἷ
1358 4059 1526 4127 notandum,
1566 4060 1641 4130 quod
1682 4060 1793 4132 Virgini
1821 4079 1878 4117 non

181 4150 297 4214 possunt
313 4143 435 4198 invocari
453 4160 504 4213 per
522 4142 646 4198 caritatb
664 4143 809 4213 δουλείαν,
837 4148 866 4198 et
884 4162 936 4215 per
955 4163 1018 4202 con·
1044 4147 1133 4202 solum
1150 4146 1350 4215 hyperaeolium,
1369 4144 1418 4200 sed
1436 4145 1519 4200 etiam
1536 4145 1645 4200 latriam
1657 4151 1732 4203 certo
1750 4153 1880 4217 respectu

180 4247 312 4301 sequens,
340 4231 362 4283 si
383 4230 559 4293 invocantur,
587 4232 714 4302 λατρείας
740 4230 819 4286 οιιΙιιι
844 4231 1016 4291 invocantur.
1044 4232 1195 4305 assignent.
1234 4230 1281 4286 Sic
1297 4230 1371 4286 anim
1391 4230 1490 4285 scribit
1508 4230 1654 4287 Tannerus
1673 4231 1743 4302 disp.
1763 4239 1786 4288 4.
1805 4233 1834 4288 in
1853 4240 1878 4289 λ.

180 4316 272 4371 Minor
290 4322 332 4371 est
348 4315 505 4371 manifesta.
541 4315 633 4388 Major
651 4316 793 4386 probatur.
842 4315 939 4373 Omnis
956 4320 1020 4373 δον·
1045 4325 1069 4375 ι.
1087 4317 1211 4374 'rhomae
1228 4316 1267 4373 th.
1287 4322 1327 4373 41.
1346 4333 1410 4388 pag.
1430 4322 1494 4373 tlt:
1512 4318 1632 4370 Praeter
1649 4318 1789 4386 duplicem
1807 4320 1879 4373 tarso

180 4405 239 4458 λεία
254 4403 378 4457 caritatis
392 4408 442 4458 aut
463 4407 506 4458 est
527 4419 595 4474 erga
614 4401 777 4472 superstites
796 4404 943 4472 officiosa,
969 4409 1020 4460 aut
1045 4405 1135 4459 cultos
1167 4404 1304 4458 rationem
1328 4404 1395 4473 (qua
1425 4400 1525 4473 Virgio
1563 4401 1731 4474 hyperdulia
1761 4403 1879 4459 bonora-

180 4489 358 4544 memorialis.
401 4490 466 4545 iam
483 4504 549 4543 vero
568 4487 717 4557 invocatio,
749 4505 805 4560 qua
821 4488 865 4557 id,
886 4491 959 4562 quod
978 4498 1020 4547 est
1044 4496 1105 4560 tur,
1130 4496 1189 4545 tum
1209 4488 1398 4542 maternitatis
1417 4504 1466 4542 seu
1492 4488 1638 4559 qunsdam
1655 4489 1797 4559 proximae
1815 4507 1879 4545 con·

181 4574 319 4630 invisibile
350 4580 400 4629 aut
433 4573 461 4628 in
487 4574 587 4629 altera.
600 4574 660 4628 vita
685 4573 882 4643 comtitntum,
909 4576 1017 4642 colitur,
1045 4575 1242 4647 sanguinitatis
1271 4591 1334 4628 cum
1362 4572 1472 4628 Christo
1494 4572 1566 4628 Filio
1591 4573 1659 4642 Dei,
1691 4592 1763 4646 quae
1794 4577 1879 4631 etiam

180 4677 231 4716 uec
258 4665 301 4714 est
317 4676 385 4731 erga
402 4658 564 4730 superstites
582 4659 731 4725 officiosa,
759 4677 811 4715 nec
836 4663 1018 4719 memorialis.
1045 4665 1177 4733 affinitas
1204 4679 1265 4715 cum
1291 4661 1357 4714 Deo
1382 4666 1457 4715 recte
1482 4665 1613 4729 vocatur,
1636 4665 1697 4715 tum
1723 4661 1880 4731 singularis

111 4793 112 4796 ,
180 4747 255 4819 Ergo
271 4747 428 4812 invocatio,
456 4747 571 4819 quaid,
599 4746 674 4818 quod
703 4753 745 4802 est
762 4745 901 4804 invisibile
921 4754 971 4805 aut
990 4749 1019 4810 in
1045 4748 1263 4814 sanctimoniae,
1290 4761 1346 4816 qua
1375 4761 1459 4817 super
1485 4761 1579 4801 omnes
1601 4747 1763 4818 angelorum
1781 4746 1879 4803 choros

179 4834 267 4889 altera
296 4833 354 4888 vita
384 4833 579 4896 constitutum,
612 4831 728 4898 colitur,
757 4850 813 4888 non
841 4838 883 4888 est
907 4835 1018 4889 δουλεία
1045 4840 1142 4891 evecta
1161 4840 1216 4904 est,
1239 4834 1377 4904 respectu)
1400 4839 1492 4901 potem
1514 4833 1598 4886 etiam
1623 4833 1722 4902 Virgo,
1747 4842 1881 4902 quartam

180 4919 313 4975 cmitatis.
360 4918 515 4990 Propositio
544 4924 588 4973 ost
609 4919 766 4975 manifesta
812 4919 921 4984 Quibus
945 4921 1143 4977 enim'aoltem
1161 4927 1202 4974 est
1231 4936 1263 4974 ea
1282 4919 1346 4988 ipsa
1374 4919 1418 4972 rei
1436 4925 1549 4984 matura,
1573 4934 1626 4987 per
1644 4919 1777 4974 accidere
1796 4920 1881 4973 otiam

180 5022 231 5075 per
247 5005 372 5061 caritatis
392 5007 522 5060 devietur
549 5011 591 5061 est
609 5005 798 5070 sarriendum,
827 5005 867 5060 illi
887 5010 936 5061 aut
953 5014 1017 5063 sunt
1031 4985 1167 5068 iadorari
1190 5007 1268 5061 cultu
1286 5006 1434 5075 perfectae
1453 5005 1564 5068 λαλείαο,
1592 5005 1622 5059 s'm
1641 5013 1774 5075 mantum
1791 5006 1881 5060 οοαοί-

181 5092 266 5147 nostri
286 5092 315 5146 in
332 5091 385 5146 hac
402 5091 461 5146 vita
480 5090 548 5146 socii
566 5097 594 5148 et
613 5092 790 5158 commilites,
817 5098 866 5148 aut
885 5093 914 5148 in
932 5095 1019 5151 altera
1032 5081 1034 5135 7
1041 5095 1130 5164 ptem,
1148 5093 1192 5148 rel
1208 5099 1239 5146 at
1258 5091 1363 5146 eximio
1380 5093 1520 5160 quaedam
1537 5092 1631 5162 imago
1653 5092 1719 5157 Dei,
1737 5093 1781 5147 oei
1799 5092 1883 5162 quari

181 5179 240 5231 vita
257 5176 395 5233 absentes.
432 5175 576 5232 Prioribus
596 5178 721 5233 servitur
732 5195 783 5249 per
800 5180 929 5235 δουλείαν
949 5181 1018 5234 cari·
1031 5179 1097 5250 ᾖρον
1132 5182 1245 5235 modum
1279 5178 1526 5233 excellentissimae
1561 5179 1711 5247 cuiusdam
1743 5179 1882 5248 reliquias

180 5261 246 5315 tatis
264 5262 433 5332 officiosam,
451 5279 507 5334 qua
520 5261 575 5317 illis
588 5278 701 5334 operam
714 5259 864 5335 praestare,
883 5265 1015 5323 bonorem
1045 5284 1146 5322 sacrae
1174 5267 1208 5321 ob
1239 5265 1445 5320 sanctissimum
1472 5273 1498 5319 et
1523 5265 1698 5334 peculiarem
1724 5272 1881 5320 contactam

180 5345 323 5413 exhibere,
347 5347 559 5406 beneficentiam
584 5365 651 5421 erga
669 5365 715 5404 eos
735 5367 862 5408 exercere
879 5353 1015 5409 convenit
1044 5354 1118 5410 lilii
1144 5354 1203 5408 Dei
1209 5393 1216 5418 ,
1251 5352 1279 5406 in
1300 5368 1385 5423 quam
1404 5350 1568 5407 seutentiam
1593 5350 1697 5423 allegat
1716 5351 1882 5422 cajetanum

180 5432 383 5490 Posterioribus
409 5454 465 5492 non
495 5440 587 5509 potest
615 5436 695 5492 aliter
725 5438 836 5508 semiri,
866 5457 949 5512 quam
966 5454 1032 5512 per
1044 5448 1116 5513 part.
1136 5448 1157 5498 3.
1175 5445 1281 5511 quaest.
1303 5446 1344 5496 25.
1364 5439 1441 5495 artic.
1461 5444 1485 5494 3.
1499 5437 1638 5510 vasquez.
1660 5439 1726 5495 ibid.
1746 5446 1775 5494 et
1793 5439 1881 5510 addit,
