4104 6014
551 316 554 322 .
613 264 666 322 DE
686 258 930 323 uouuuoltuu
949 257 1274 321 RESURRECTIONE.
1731 273 1791 332 toa

100 420 171 476 tocie
187 420 317 476 videlicet
335 422 439 477 animia
459 423 615 480 declinatio.
659 424 700 479 Et
714 439 799 493 ιιιιιιιι
812 420 846 476 ab
864 437 930 473 cau·
961 431 1014 486 que
1031 435 1120 486 mam,
1139 426 1165 472 et
1183 419 1389 490 adspiciebam,
1408 427 1434 474 et
1454 436 1515 475 ecce
1533 420 1736 476 inducebantur
1753 420 1794 475 eie

99 524 162 562 earn
185 507 247 577 ι’]ιιι
267 507 408 563 Dominae
434 527 489 563 nan
506 510 589 579 dicit,
618 512 670 565 aed
685 509 822 564 bominem
839 507 934 562 dicere
959 505 1040 559 nervi
1056 513 1082 560 et
1100 522 1199 560 carnea
1216 507 1432 561 renaecebantnr
1448 515 1474 561 ct
1487 507 1696 562 &vendebant
1709 523 1794 578 cuper

99 594 197 663 iubati
217 596 350 664 quoniam
372 597 451 666 quod
475 596 543 650 dicit
570 597 724 661 Dominus,
747 595 832 650 airnul
851 594 932 649 etiam
960 591 1024 661 ipra
1042 599 1068 646 et
1084 592 1292 648 circumductae
1311 601 1386 648 ιιιιιι
1403 595 1532 665 desuper.
1568 593 1682 648 Deinde
1704 595 1793 657 docet,

99 679 173 744 tacit
196 688 222 735 et
246 700 301 737 non
323 681 447 752 ampliue
469 683 605 753 volvitur,-
635 698 731 737 oerum
757 682 865 737 lamirri
890 680 933 735 di·
960 679 1178 747 quomodove·
1193 679 1280 749 ιιἰιιιιι
1298 679 1420 749 inpreeei
1437 688 1501 734 runt
1519 679 1639 750 spirituc
1657 684 1709 735 etc.
1744 678 1792 743 At,

101 783 162 822 cere
182 768 344 839 praecepit,
373 786 427 838 quo
440 776 509 839 part
525 770 756 825 resurrectionem
776 771 817 823 ad
833 769 933 824 boram
961 763 1065 837 inquit,
1087 772 1109 822 1.
1134 766 1161 819 ei
1184 767 1253 821 lucc
1276 767 1348 843 virio
1368 767 1535 837 prophetica
1559 766 1620 836 opit
1643 768 1678 821 dc
1699 782 1793 819 rerur-

100 854 310 925 ripnidcaretur
335 855 448 926 quidem
473 863 572 911 metra
595 872 658 928 epea
675 856 791 924 ιιιιιιίι,
815 855 933 910 hominia
960 852 1096 920 rectione,
1120 870 1191 923 onae
1216 862 1273 907 tum
1295 854 1429 923 temporie
1446 853 1476 907 in
1493 853 1612 908 coclerio
1630 852 1793 908 Ierctlitica

100 956 165 995 cero
188 957 279 995 ιιιιιιι
304 941 459 997 ιοιιιιιιιιι
487 950 513 997 ιι
536 962 592 999 non
611 943 743 1007 Domini,
766 951 848 998 erant
861 942 934 996 enim
957 938 1069 1010 publice
1084 940 1178 1009 fuerit
1198 940 1321 1009 credita,
1344 958 1396 995 cur
1409 940 1552 1011 propbeta
1570 957 1626 995 non
1644 940 1794 1008 reapaudet

100 1045 167 1082 caea
185 1026 240 1082 ella
265 1045 363 1083 ruraru
384 1029 532 1084 morituro.
568 1028 638 1083 Cum
662 1046 727 1085 ocra
745 1029 816 1084 dicit
835 1030 933 1084 Dami-
960 1024 1108 1095 aeecmioe,
1124 1027 1229 1095 vivent,
1250 1028 1304 1082 eed
1322 1025 1492 1097 dubitative,
1512 1026 1634 1081 Domine
1652 1034 1682 1079 tu
1697 1026 1775 1080 noeti
1781 1027 1795 1080 ‚¹

100 1132 167 1181 nuc,
197 1114 348 1184 rerurpite,
375 1123 523 1185 rerurpunt
548 1122 575 1168 et
599 1134 654 1169 nau
677 1116 851 1185 moriuntur,
876 1115 936 1169 Dei
958 1111 1183 1183 Respondemus:
1202 1111 1335 1169 credebat
1354 1113 1475 1185 quidem,
1495 1113 1525 1168 in
1543 1111 1598 1168 fine
1618 1110 1704 1168 eeculi
1723 1127 1791 1165 mor·

101 1199 173 1253 enim
200 1200 312 1254 vebum
337 1218 393 1254 non
420 1201 546 1258 rolvdur.
582 1201 769 1274 Hieronymus
799 1202 827 1257 in
859 1219 933 1258 oom-
959 1202 1022 1253 tuoe
1042 1197 1234 1263 vivificandae,
1255 1199 1304 1254 eed
1321 1199 1476 1255 deoreibue
1492 1198 1561 1263 illie,
1575 1215 1647 1270 quae
1661 1196 1716 1270 ipei
1734 1201 1792 1253 tum

101 1289 184 1341 ment.
202 1301 259 1355 pcr
276 1287 447 1356 parabolam
466 1289 678 1343 rerurrectionis
702 1291 738 1343 de
761 1288 933 1343 restitutione
959 1285 1091 1357 temporie
1108 1285 1333 1354 ostendebantur,
1353 1286 1508 1358 ignorabat,
1526 1302 1563 1340 an
1582 1285 1630 1340 illa
1646 1284 1708 1356 ipra
1725 1283 1883 1339 bora1V111·
1897 1287 1944 1332 att.

102 1371 303 1426 Irrutlitarum
320 1370 365 1426 lic
378 1373 550 1442 propterca·
567 1373 673 1440 atatuit,
690 1374 738 1429 red
757 1374 851 1429 ιιιιιιιι
868 1373 933 1428 eub-
960 1376 1053 1427 meent
1074 1372 1237 1441 excitanda,
1259 1389 1293 1428 ac
1319 1372 1436 1444 proinde
1459 1389 1516 1428 rem
1536 1371 1597 1427 Dec
1617 1371 1645 1425 in
1662 1370 1710 1444 pia
1726 1369 1790 1425 eim·

98 1457 207 1530 jungit:
242 1460 395 1528 Nunquam
420 1468 575 1530 poneretur
607 1461 763 1517 similitudo
781 1469 933 1515 ἰιιιιιιιι-
960 1457 1040 1528 plicia
1068 1457 1133 1514 fidei
1158 1457 1317 1515 obedientie
1339 1458 1537 1515 committebat
1587 1461 1614 1511 2.
1640 1459 1713 1512 Ocra
1737 1457 1792 1512 illa

102 1544 187 1599 ιίοιιίι
206 1546 248 1597 ad
264 1545 467 1599 reatitutr'anem
479 1546 637 1601 Ierailr'tici
653 1548 756 1617 populi
774 1548 933 1618 ripuifican·
960 1544 1101 1609 ιίιίιῖιιιια
1129 1545 1262 1599 dicuntur
1284 1562 1343 1600 erae
1366 1547 1465 1600 domm
1491 1544 1593 1602 Iara‘dl.
1634 1546 1714 1615 Erpa
1737 1562 1793 1599 non

101 1633 182 1701 dam,
201 1630 259 1684 nivi
274 1637 362 1684 ataret
386 1631 450 1700 ipra
468 1635 635 1687 rerurrectio
653 1641 678 1686 et
690 1635 799 1700 futura
816 1635 934 1687 addere·
962 1631 1058 1700 apitur
1085 1634 1120 1686 de
1142 1632 1299 1688 uniooeeali
1321 1631 1532 1686 rerurrectione.
1569 1630 1792 1702 Respondemus:

102 1725 162 1786 terr,
191 1717 260 1787 outa
284 1733 365 1771 nemo
388 1718 425 1772 dc
449 1719 531 1771 rebue
555 1739 611 1775 uon
632 1721 801 1775 cartamibue
827 1721 936 1774 incerta
963 1723 994 1771 ut
1018 1718 1047 1771 in
1070 1716 1131 1772 aliie
1151 1717 1311 1790 scripturae
1336 1717 1419 1789 leuia,
1450 1718 1490 1772 ita
1513 1718 1596 1773 etiam
1615 1717 1644 1772 in
1662 1717 1715 1773 buc
1732 1716 1794 1789 ipra

102 1804 262 1874 confirmat,
282 1812 396 1873 totaque
415 1811 513 1860 noatra
531 1806 584 1860 illa
601 1808 692 1861 tendit
712 1807 839 1873 ceratio,
858 1808 936 1875 quod
962 1802 1066 1859 vicione
1091 1804 1255 1876 prophetica
1278 1806 1314 1861 de
1337 1806 1537 1862 rerurrectione
1558 1806 1698 1876 justorum
1715 1802 1793 1877 epiri·

101 1893 239 1960 momoria
263 1892 374 1945 videbar
399 1892 590 1959 incredulum,
617 1896 696 1964 quod
712 1894 818 1949 ιιιίῖιιιι
841 1894 935 1946 «cridia
961 1889 1077 1944 tualium
1096 1891 1285 1948 Iereiilitarum
1310 1893 1423 1964 proprie
1441 1908 1474 1947 ac
1491 1891 1673 1947 determinate
1690 1890 1794 1963 agitur,

101 1984 128 2031 ιι
163 1977 253 2032 mrdta
281 1985 415 2033 vetustate
452 1982 589 2046 confectio
633 1982 734 2044 fictura
765 1979 933 2034 rerurrectio
961 1975 1010 2031 eed
1028 1993 1061 2030 ex
1081 1993 1113 2032 eo
1132 1993 1187 2032 non
1209 1985 1251 2034 eet
1268 1976 1458 2047 inferendum,
1483 1977 1583 2050 impiae
1601 1994 1657 2032 non
1675 1994 1734 2034 enee
1751 1993 1793 2033 re·

97 2063 281 2134 prmrotator
299 2071 325 2120 et
344 2069 575 2132 tamcnfuturum
588 2076 635 2137 eat,
654 2067 931 2138 quodprarrrittitur5
960 2068 1145 2134 rumecturoe,
1175 2080 1238 2120 cum
1265 2063 1383 2120 incluaio
1413 2064 1495 2120 uniua
1524 2082 1579 2120 non
1608 2064 1644 2119 eit
1669 2063 1793 2119 exelueio

101 2149 142 2202 vic
165 2158 191 2203 et
214 2151 353 2205 reetitrdio
372 2153 479 2223 populi
501 2154 611 2223 Iarab'l,
642 2154 692 2224 oui
715 2156 814 2208 ductor
840 2160 881 2207 eet
904 2152 934 2204 in
961 2149 1082 2207 alteriue.
1124 2154 1150 2206 3.
1180 2151 1258 2205 Vitio
1282 2152 1337 2206 vlla
1363 2160 1403 2208 cat
1431 2150 1616 2221 imaginaria,
1642 2166 1709 2220 erpo
1736 2167 1793 2205 uon

101 2237 368 2306 captivitatemetin
383 2246 439 2294 toto
448 2240 683 2311 orbcdiepcreue,
697 2239 934 2309 uideturqnidem
957 2236 1074 2303 praebet
1103 2244 1209 2292 certum
1235 2246 1433 2307 arpumentum.
1482 2237 1707 2309 Respondentur:
1738 2253 1794 2293 non

100 2323 276 2378 incredibilia
306 2325 365 2395 lia,
406 2327 456 2397 qui
478 2328 537 2381 Dei
563 2346 620 2383 non
644 2336 747 2383 nutent
771 2326 934 2398 potentiam,
961 2327 1003 2377 eat
1020 2321 1089 2379 virio
1108 2322 1239 2394 humana,
1259 2324 1308 2379 eed
1321 2323 1424 2395 diviua,
1442 2323 1550 2395 quaeri
1564 2322 1793 2380 rerurrectionem

100 2410 153 2463 ced
174 2417 266 2464 umen
290 2412 390 2474 futoro
414 2420 468 2481 ert,
492 2415 561 2484 quia
583 2431 646 2487 epo,
672 2416 762 2485 inquit
786 2416 934 2479 Dominae,
961 2415 1131 2465 mortuorum
1152 2411 1271 2483 probare
1298 2413 1410 2467 minime
1435 2417 1542 2484 poeaet,
1568 2413 1666 2484 utique
1682 2427 1735 2466 nec
1753 2410 1791 2465 ad

101 2495 209 2551 locatur
228 2515 290 2552 eum
307 2506 334 2552 et
344 2499 470 2570 faciam,
487 2501 560 2555 ιιιιιι
569 2501 719 2572 pollicitor
732 2519 800 2557 rum.
836 2500 933 2572 Augu·
960 2495 1162 2555 rectitutionem
1180 2496 1370 2554 uenditarum
1389 2500 1419 2554 in
1437 2504 1540 2555 terram
1557 2497 1670 2554 Canum
1691 2494 1788 2552 confir-

101 2580 189 2639 ttinufl
214 2582 262 2644 lib.
283 2589 322 2641 ¹⁰.
347 2584 382 2642 de
399 2584 499 2643 Genea.
516 2587 553 2642 ad
573 2587 681 2643 literam
701 2604 762 2659 cap.
783 2593 816 2643 5:
846 2588 935 2658 Apud
961 2582 1090 2637 mandem
1113 2584 1213 2640 idonee
1234 2586 1340 2641 ceneeri
1359 2585 1479 2643 deberet
1513 2591 1538 2642 9.
1555 2585 1628 2642 Dan.
1651 2590 1695 2651 12,
1713 2602 1739 2637 ι.
1760 2587 1792 2639 2:
1805 2585 1930 2638 noenta

102 2670 275 2726 Ezechielem
315 2689 377 2726 cum
413 2675 621 2728 denumeratur
657 2675 826 2729 rerurrectio
861 2691 934 2728 mor·
962 2669 1052 2724 Multi
1078 2673 1113 2725 dc
1141 2672 1199 2740 liic,
1231 2673 1281 2743 qui
1305 2673 1448 2727 dormiunt
1480 2672 1510 2725 in
1539 2672 1657 2742 pulum
1690 2680 1792 2739 terroe,
1831 2639 1889 2683 '⁰²

102 2762 212 2812 tuarum
231 2757 432 2829 redintepratie
452 2762 629 2831 corporibue,
656 2777 689 2815 ee
707 2769 830 2833 quotuor
847 2761 934 2817 ventu
961 2755 1147 2828 ccipilabuut,
1168 2758 1223 2813 olii
1240 2758 1269 2812 in
1289 2759 1375 2813 vitam
1392 2767 1533 2814 aderrvam
1551 2767 1578 2812 et
1595 2758 1651 2812 alii
1666 2759 1697 2811 in
1716 2757 1791 2825 ianc-

102 2844 175 2899 caeli
193 2846 351 2902 advocatur
370 2847 501 2917 rpiritua,
520 2865 573 2918 quo
589 2850 730 2918 perflante
750 2848 935 2916 vivificantur,
961 2842 1076 2898 minium
1106 2844 1310 2915 sempiternam.
1357 2844 1427 2901 Pont
1459 2845 1614 2916 expositum
1644 2846 1679 2900 de
1710 2842 1792 2897 Anti·

102 2938 133 2985 ut
152 2940 269 3001 turpant
286 2940 336 2989 etc.
362 2934 412 2987 ubi
426 2934 591 3005 prophetice
607 2935 796 3006 ripurflcatum
814 2935 936 3003 videtur,
961 2929 1065 2985 ebriata
1085 2931 1248 2988 vaticinium
1275 2932 1368 3005 agitur
1392 2932 1427 2987 de
1443 2930 1589 3004 postremis
1608 2930 1703 2986 mundi
1723 2935 1793 2986 tem·

101 3035 158 3072 nan
175 3033 208 3072 ee
225 3019 278 3074 illo
295 3027 404 3074 tantum
420 3037 533 3092 campo,
553 3021 601 3075 ubi
617 3038 664 3076 rer
680 3023 744 3092 ipra
762 3024 934 3076 demonstra·
961 3016 1083 3087 poribus,
1103 3033 1175 3090 quae
1195 3022 1260 3089 poet
1277 3017 1429 3074 revelatum
1442 3017 1640 3074 Antichridum
1658 3016 1695 3073 ad
1709 3016 1792 3073 finem

104 3104 194 3170 baben
218 3107 271 3161 red
287 3123 320 3160 ea
339 3114 396 3162 toto
416 3116 558 3162 terrarum
577 3109 644 3163 vrbe
661 3117 868 3164 rerurrcduror
887 3109 934 3162 to·
962 3120 1049 3176 utque
1069 3105 1155 3162 eeculi
1173 3105 1269 3162 futura
1286 3113 1352 3161 eunt
1372 3123 1405 3163 ac
1423 3105 1585 3162 nominatim
1603 3105 1638 3161 de
1656 3111 1730 3161 rtatu
1748 3121 1792 3160 ec·

11 3231 17 3239 .
103 3191 199 3260 mim,
222 3200 247 3247 ct
272 3194 324 3247 boo
343 3211 399 3263 per
417 3195 521 3263 fiotum
545 3204 666 3264 quatuor
691 3198 792 3250 mundi
806 3196 935 3268 partium
961 3191 1062 3247 ateriae
1082 3194 1230 3260 vincentia,
1253 3194 1423 3264 rcrurpentie
1445 3210 1481 3247 oc
1507 3193 1712 3266 triumphantia.
1748 3190 1793 3246 Da

102 3277 193 3343 fuitne
209 3280 372 3350 fipuratum.
412 3280 492 3344 Quod
517 3297 583 3336 vero
601 3281 703 3337 ibidem
723 3283 843 3350 additur,
865 3301 933 3353 pra·
960 3286 1035 3336 etatu
1055 3283 1189 3338 eccleciae
1206 3283 1376 3354 resurgentia
1396 3282 1505 3347 dieitur,
1532 3283 1610 3352 quad
1629 3282 1718 3347 multi,
1745 3283 1795 3352 qui

100 3365 216 3434 pictam
235 3367 287 3420 illo
307 3367 369 3420 loco
387 3384 444 3421 non
462 3370 693 3423 rerurrectiancm
711 3371 815 3439 carnia,
841 3370 935 3440 qualia
961 3369 1012 3423 cub
1026 3370 1146 3439 pulvere
1166 3377 1261 3424 terrae
1275 3371 1429 3439 dominat,
1448 3369 1685 3438 eviprlaturiaint.
1713 3367 1793 3433 Quod

101 3452 218 3523 proprie
240 3455 341 3516 sutura
366 3460 424 3522 eat,
457 3455 510 3507 aed
533 3453 710 3526 inopinatam
728 3459 873 3527 eteeperati
883 3476 934 3528 po·
962 3455 1043 3508 multi
1069 3455 1200 3511 dicuntur
1226 3454 1399 3526 evigilaturi,
1429 3471 1491 3509 eum
1515 3461 1607 3510 tamen
1632 3453 1795 3510 universalia

99 3539 167 3608 puli
193 3540 400 3609 reparationem
420 3556 474 3610 per
493 3540 632 3611 Spiritum
658 3543 790 3607 Domini,
818 3549 866 3614 qui
891 3561 935 3598 re·
961 3541 1056 3597 future
1083 3542 1119 3596 eit
1145 3540 1266 3597 omnium
1293 3542 1472 3610 rerurrectio,
1498 3541 1567 3596 illud
1592 3540 1738 3614 tripliciter
1759 3541 1794 3597 ab

99 3627 188 3696 pleoit
212 3627 305 3681 orbem
331 3635 485 3698 terrarum,
511 3631 636 3699 oparata
659 3630 828 3686 revelatione
852 3648 935 3700 prac-
962 3629 1159 3700 interpretibus
1184 3628 1337 3698 exponitur.
1373 3628 1492 3695 Quidam
1514 3634 1623 3700 putant,
1639 3634 1795 3700 respectum

103 3713 218 3784 ridicae,
244 3713 313 3769 illud
342 3732 398 3770 non
419 3721 460 3771 eat
479 3714 671 3786 accipiendum
689 3717 842 3784 ccclueive,
867 3718 935 3773 aliae
962 3715 1056 3771 haberi
1082 3715 1118 3770 ad
1144 3731 1206 3784 ece,
1236 3732 1306 3786 quoa
1329 3715 1388 3770 dice
1413 3716 1578 3771 noviaeimue
1602 3715 1679 3771 viror
1699 3716 1795 3788 depre-

103 3799 205 3856 diaerte
226 3800 429 3856 conbudiccret
446 3800 537 3856 verbie
555 3801 703 3872 prioribua,
725 3804 772 3859 aed
794 3804 935 3873 inclueive,
962 3803 1073 3867 hendet,
1090 3803 1130 3858 illi
1148 3803 1222 3857 enim
1240 3819 1294 3857 ιιοιι
1314 3803 1484 3874 evipilabunt
1501 3821 1535 3859 ex
1556 3820 1652 3858 eomno
1670 3803 1722 3858 auh
1742 3808 1794 3859 ter-

103 3886 177 3959 quod
203 3886 238 3942 de
255 3892 373 3958 auoque
389 3887 444 3945 Dei
463 3904 546 3959 opere
570 3905 603 3943 ac
622 3888 756 3945 municio
777 3889 881 3945 ibidem
900 3891 937 3945 eit
962 3906 1009 3946 rae
1030 3889 1159 3960 pulvere,
1185 3888 1235 3942 eod
1262 3890 1479 3943 immutabuntur
1506 3895 1528 3945 1.
1551 3889 1612 3945 eor.
1637 3896 1681 3959 15,
1705 3907 1731 3947 v.
1752 3895 1794 3949 51.

103 3988 200 4030 termo.
234 3973 370 4029 Paulinae
390 3975 425 4030 de
445 3974 525 4030 obitu
544 3974 631 4030 Celei:
967 3983 988 4031 1.
1009 3976 1105 4032 There.
1127 3982 1157 4039 t,
1179 3994 1206 4032 ι.
1228 3982 1268 4032 11.
1308 3975 1428 4040 Quidam
1449 3993 1544 4032 vocem
1570 3977 1655 4030 multi
1680 3992 1734 4031 non
1757 3975 1794 4030 ad

961 4063 1080 4134 subjecti
1111 4062 1380 4126 determinationem,
1410 4063 1459 4119 red
1491 4063 1528 4118 ud
1544 4069 1692 4133 utrumque
1709 4079 1794 4119 mem·

138 4147 173 4202 st
192 4148 315 4217 debitae,
332 4148 440 4202 cinerea
459 4149 489 4202 in
506 4165 628 4218 corpora
642 4165 727 4219 poree
746 4151 842 4220 recepi
962 4150 1042 4205 brum
1078 4148 1280 4205 distributionis
1309 4148 1338 4203 in
1370 4149 1530 4220 praedicato
1561 4148 1725 4219 eubjunctae
1751 4165 1792 4204 ra·

205 4236 246 4289 Et
264 4236 330 4298 fiori
344 4238 461 4290 reducor
479 4236 509 4289 in
526 4253 580 4289 rua
599 4254 669 4291 vora
687 4237 815 4301 aninrae,·
960 4237 1103 4292 ferendum
1122 4241 1237 4292 censent
1253 4236 1306 4291 boc
1323 4240 1419 4308 pacto,
1450 4236 1500 4306 qui
1519 4236 1549 4289 in
1562 4236 1680 4304 pulvere
1699 4243 1794 4291 terrac

138 4322 269 4376 Evcclriel
288 4320 341 4375 tibi
357 4323 435 4376 tertia
454 4323 515 4391 erit,
532 4323 580 4376 cui
594 4323 716 4392 prodita
733 4325 841 4376 dudum
962 4324 1113 4392 dormiunt,
1130 4323 1307 4393 cuipilabnnt,
1326 4323 1408 4378 multi
1424 4339 1456 4376 ιι
1473 4323 1534 4378 illie
1546 4323 1587 4375 ad
1600 4322 1693 4387 vitam,
1712 4323 1794 4376 multi

208 4410 281 4464 Tota
298 4411 467 4479 reeurpendi
480 4426 536 4480 per
557 4410 709 4464 Dominum
724 4411 823 4473 faciae.
961 4412 1003 4465 ad
1021 4418 1145 4467 mortem.
1181 4409 1390 4482 Simplicieaime
1406 4407 1596 4480 respondetur,
1619 4423 1720 4464 nomen
1738 4408 1793 4465 eol·

138 4496 206 4551 lllic
224 4496 367 4566 adrpiciee
386 4504 443 4550 ιοιο
461 4497 598 4552 virescere
617 4514 716 4566 eampo
961 4497 1090 4554 lectivum
1117 4496 1199 4550 multi
1220 4513 1297 4552 more
1316 4501 1346 4552 in
1364 4495 1513 4567 Scripturie
1537 4494 1640 4551 usitato
1666 4510 1722 4549 uon
1750 4513 1793 4549 ee·

205 4587 321 4638 Arerrtec
340 4591 461 4638 velerum
479 4584 630 4654 relliquiae
650 4584 798 4650 lominum,
961 4583 1064 4638 clurivc
1090 4591 1116 4636 et
1136 4582 1355 4652 particulariter
1381 4598 1431 4652 pro
1454 4579 1608 4651 aliquibue,
1637 4581 1687 4636 aad
1705 4589 1794 4637 ιιιιιι-

139 4669 265 4739 Ortoque
280 4677 441 4739 porrectum
458 4671 516 4724 lale
535 4671 666 4739 diepam
679 4686 734 4740 per
753 4687 861 4739 aprum,
960 4671 1017 4724 rive
1035 4677 1061 4723 et
1079 4669 1277 4723 univmoliter
1300 4685 1350 4739 pro
1369 4666 1496 4723 ommbm
1516 4668 1613 4740 accipi,
1630 4668 1729 4724 Mattb.
1753 4674 1794 4735 111,

209 4757 289 4811 Ultro
307 4757 348 4810 ad
366 4773 514 4826 compepea
531 4773 645 4811 currere
657 4756 745 4826 ιιἰιιιιι
761 4773 838 4822 auae,
960 4775 987 4811 v.
1005 4761 1044 4814 28.
1071 4756 1151 4811 Rom.
1172 4763 1205 4823 5,
1230 4773 1257 4811 ι.
1280 4761 1319 4812 111.
1338 4758 1392 4811 etc.
1419 4771 1491 4826 quae
1508 4755 1700 4827 interpretatio
1717 4756 1793 4812 colli-

137 4844 229 4913 Aeque
248 4843 412 4898 needullatir
428 4844 622 4913 penetralibue
641 4846 723 4898 edere
742 4860 849 4911 nerum,
961 4844 1037 4915 gitur
1057 4861 1090 4899 ex
1108 4843 1200 4899 verbio
1218 4842 1319 4897 Ghriati
1337 4842 1400 4899 lot.
1420 4850 1450 4911 5,
1480 4861 1506 4901 v.
1527 4849 1568 4902 28.
1592 4843 1640 4899 ubi
1658 4861 1708 4916 pro
1726 4861 1794 4902 voce

203 4929 328 5000 Moxque
345 4938 500 5000 supernato
518 4932 620 4985 ducere
639 4948 723 4985 carne
742 4938 830 4984 cutam
946 4931 1044 5007 {modi
1061 4929 1354 4986 substituitur'uomeu
1376 4947 1477 4985 omncs.
1510 4930 1683 5002 Augustinus
1700 4931 1748 4988 lib.
1767 4938 1792 4988 6.

136 5018 175 5073 Et
194 5018 270 5073 dicto
290 5017 372 5071 citiue
388 5018 525 5088 perfectio
544 5018 646 5072 ordine
664 5018 800 5086 mouera,
946 5010 1058 5073 1ιοιιιιιι
1075 5017 1180 5074 Julian.
1206 5034 1267 5088 cap.
1292 5023 1336 5073 tl:
1363 5017 1450 5071 Multi
1469 5035 1525 5087 pro
1549 5017 1674 5072 omnibus
1693 5026 1719 5073 et
1737 5037 1794 5074 om·

203 5104 324 5160 Pulvere
344 5107 379 5158 de
399 5105 486 5159 veteri
502 5112 578 5160 ctare
595 5123 681 5160 novor
698 5105 828 5160 leminea.
960 5123 1009 5160 nea
1031 5124 1088 5176 pra
1107 5107 1202 5160 multia
1221 5107 1382 5176 frequenter
1401 5105 1432 5160 in
1449 5105 1541 5160 eacria
1561 5105 1654 5159 lilerio
1667 5107 1793 5176 panitur.

960 5191 1007 5247 lib.
1027 5197 1066 5248 20.
1087 5191 1122 5247 de
1142 5190 1193 5246 civ.
1211 5190 1263 5246 Dei
1284 5207 1345 5262 cap.
1364 5197 1411 5248 2³:
1429 5193 1496 5246 Non
1513 5191 1655 5246 ιιιιιιιιιιιιι
1671 5200 1795 5264 putetur,

103 5277 293 5334 Damueeenua
320 5278 368 5335 lib.
387 5283 411 5334 t.
435 5277 505 5334 crth.
532 5280 576 5335 fid.
597 5295 658 5351 cap.
679 5284 718 5336 28.
743 5281 777 5333 dc
796 5295 935 5334 rerurrec-
960 5280 1037 5349 quod
1061 5296 1122 5332 cum
1147 5279 1188 5332 ibi
1208 5279 1332 5349 positum
1356 5280 1393 5333 eit
1411 5294 1511 5345 omnee,
1536 5277 1586 5348 qui
1607 5287 1672 5334 runt
1689 5280 1720 5333 in
1738 5298 1794 5337 mo·

101 5365 176 5419 tione
195 5366 332 5422 Ezechiel.
390 5366 429 5419 Et
451 5366 560 5429 factum
590 5375 643 5431 eal,
670 5364 775 5435 inquit,
804 5383 865 5421 cum
883 5383 933 5435 epa
960 5366 1112 5433 numentrir,
1143 5367 1188 5420 bic
1217 5384 1272 5420 non
1306 5367 1349 5420 ait
1362 5364 1504 5435 propbeta
1527 5381 1621 5420 omner
1639 5368 1692 5421 aed
1710 5368 1793 5423 multi

98 5453 312 5523 partemne,
342 5460 367 5508 et
393 5469 455 5507 ecce
478 5454 618 5508 auccuaeio
646 5463 739 5508 terrae
760 5462 786 5508 ιι
812 5454 934 5508 adducit
960 5454 1163 5509 dormientium.
1199 5454 1285 5508 Ponit
1304 5451 1378 5507 enim
1395 5451 1551 5520 aliprando
1571 5451 1724 5523 Scriptura
1737 5473 1792 5526 pro

102 5556 175 5610 ιιιιι,
193 5557 225 5596 oe
241 5542 284 5597 ad
295 5557 335 5611 oe,
353 5538 496 5611 riopulum
513 5541 742 5596 adl-armoniam
755 5556 929 5610 cornpapem·
960 5541 1085 5599 omuibue
1110 5541 1226 5612 multoe,
1244 5546 1398 5614 propterea
1421 5546 1447 5594 ct
1464 5537 1596 5596 Abrabae
1616 5541 1721 5597 dictum
1740 5548 1788 5611 eet,
