4104 6014
229 229 267 287 80
831 219 952 276 LOCUS
967 215 1173 275 »VIOESIMUS
1192 218 1340 276 SEXTUS

228 374 340 445 phetiac
370 373 445 428 illius
477 372 656 443 comprobare
675 374 768 428 voluit.
807 379 830 430 3,
848 373 974 428 Historia
1004 386 1059 426 non
1087 372 1323 444 peregrinationes
1349 377 1378 428 ct
1403 371 1494 426 cultus
1514 371 1667 427 instituisse
1687 380 1736 427 ant
1755 373 1816 444 opis
1834 375 1922 444 impe·

229 461 311 527 dicit,
331 461 406 531 quod
423 467 487 514 aute
505 459 574 513 illud
594 459 756 515 miraculum
777 460 918 532 religionis
938 476 1005 531 ergo
1024 458 1061 513 ad
1087 459 1202 514 mundae
1220 476 1318 527 causa,
1346 465 1378 513 ιιι
1396 458 1544 513 concilium
1568 459 1762 514 Tridentinum
1789 458 1921 531 loquitur,

228 547 384 617 sepulcrum
403 544 505 599 Elisaei
532 562 682 600 concursus
702 545 806 600 fuerint
833 545 954 600 instituti
975 544 1061 616 quod·
1086 544 1123 599 ad
1141 562 1189 600 eas
1208 545 1374 617 confugisse.

228 649 282 704 quc
301 637 438 686 mortuum
465 630 541 685 illum
569 631 706 686 hominem
733 632 799 686 data
825 649 910 702 opera
937 631 973 685 ad
991 629 1060 684 illud
1123 637 1181 688 112.
1218 635 1241 688 5.
1267 634 1313 685 Dc
1339 632 1467 701 sepulcro
1496 631 1616 686 Domini
1641 632 1760 700 legimus
1787 631 1851 686 Esa.
1878 636 1919 689 11.
1934 622 2047 666 ³³³¹*ss

228 719 414 790 deportarint,
444 725 477 772 ut
500 723 629 772 contactu
653 718 754 772 ossium
782 718 1005 788 propheticorum
1032 715 1061 769 in
1087 719 1141 771 erit
1154 719 1313 788 sepulcrum
1339 718 1401 786 ejus
1423 718 1589 785 gloriosum,
1620 719 1696 786 qaod
1718 735 1775 770 ιιοιι
1796 717 1921 784 iutclls'ps'
1933 673 2046 768 iiiiii?

227 805 314 859 vitam
325 809 516 872 revocaretur,
532 804 582 858 sed
602 803 744 874 inopinato
757 820 822 857 casu
834 810 970 858 mortuum
983 801 1061 856 illum
1074 790 1175 858 isaiam
1195 806 1230 857 dc
1248 804 1378 874 scpulcra
1394 821 1450 873 pro
1467 821 1499 858 co
1512 812 1645 872 tempore,
1663 821 1718 872 quo
1738 777 2046 872 ibiChristus‘,⁵1‘,}:„⁸„¹,⁰

228 892 257 945 in
274 891 431 960 sepulcrum
450 889 552 944 Elisaei
570 890 724 959 projectum
742 891 856 952 asserit.
873 907 936 945 cum
956 859 1208 957 scilicct¹iacebat
1224 892 1276 943 scd
1293 891 1377 943 etiam
1392 907 1448 958 pro
1470 898 1591 957 tempore
1611 890 1726 955 futuro,
1746 907 1780 942 uc
1795 889 1921 957 proinde

227 977 330 1033 rellcnt
349 977 488 1032 hominem
508 977 624 1047 sepelire
637 993 670 1030 ac
682 976 941 1046 supervenientibus
954 975 1061 1029 latrun·
1088 975 1225 1043 reliquias
1248 976 1430 1030 honorandas
1455 977 1535 1029 docet
1560 974 1747 1045 Hieronymus
1766 975 1793 1028 in
1812 974 1920 1044 epistol.

227 1063 297 1118 culis
317 1080 371 1117 non
391 1063 525 1118 haherent
549 1062 668 1133 spatium
695 1061 845 1117 effodiendi
872 1061 997 1123 foveam,
1027 1077 1061 1115 ne
1089 1060 1125 1113 ad
1137 1060 1306 1116 Marcellam.
1337 1061 1560 1130 Respondemus:
1581 1067 1602 1115 1.
1617 1061 1646 1114 in
1659 1060 1745 1115 llehr.
1759 1069 1815 1116 est:
1831 1062 1925 1116 eterit

227 1235 442 1306 relinqueretur,
470 1238 639 1304 aperuerunt
664 1233 821 1302 sepulcrum
839 1232 955 1301 Elisaei,
987 1231 1062 1303 quod
1088 1231 1202 1303 interpr.
1211 1233 1405 1301 reddiderunt,
1431 1233 1506 1304 quod
1525 1234 1611 1288 multo
1634 1233 1717 1289 latius
1744 1241 1822 1304 patet
1841 1251 1925 1306 quam

228 1328 288 1376 crat
306 1321 334 1376 in
364 1320 532 1392 propinquo,
563 1318 647 1389 inque
677 1319 745 1373 illud
777 1303 895 1398 tvtbtss,
916 1319 1061 1387 repentino
1089 1317 1254 1388 sepulcrum,
1267 1319 1405 1392 quidquid
1415 1320 1487 1375 enim
1511 1326 1626 1374 mortem
1646 1319 1924 1376 Christiaclaborem

228 1415 304 1462 motu
318 1407 513 1477 projecerunt,
541 1412 678 1460 mortuum
700 1423 795 1472 suum,
825 1405 873 1476 qui
891 1405 927 1458 ad
944 1404 1061 1459 fundum
1089 1405 1149 1474 ejus
1180 1405 1209 1458 in
1241 1422 1323 1460 cnseo
1358 1412 1483 1460 secutum
1501 1412 1555 1475 est,
1591 1409 1649 1471 fuit
1678 1408 1789 1477 gloria,
1820 1408 1849 1461 id
1882 1416 1926 1464 est

229 1495 359 1565 delapsus
396 1492 500 1548 Elisaei
530 1508 592 1546 ossa
620 1492 716 1563 attigit
744 1508 777 1547 ac
806 1492 899 1546 divino
930 1491 1062 1546 miraculo
1088 1489 1245 1560 gloriosum.
1274 1491 1403 1548 Gloriosa
1423 1492 1476 1548 fuit
1489 1495 1548 1564 ejus
1568 1511 1644 1547 mors
1658 1501 1772 1564 propter
1789 1495 1924 1550 miracula

230 1581 336 1636 revixit.
368 1578 553 1634 Salmeronius
569 1584 634 1632 torn.
647 1582 671 1632 6.
681 1595 794 1648 operum
814 1583 922 1633 tractat.
937 1585 977 1634 15,
990 1595 1061 1645 ιιιιιι,
1089 1577 1206 1631 candem
1227 1587 1384 1648 consecute,
1401 1580 1514 1634 tremuit
1542 1581 1614 1634 enim
1634 1587 1723 1644 terra,
1743 1588 1839 1651 petrae
1859 1588 1925 1636 sunt

229 1668 278 1740 qui
297 1673 374 1722 tactu
405 1666 507 1721 ossium
526 1665 628 1720 Elisaci
664 1665 693 1719 in
725 1663 810 1718 vitam
840 1670 985 1720 revocatus
1012 1671 1062 1732 cst,
1089 1662 1226 1733 diffissae,
1264 1673 1441 1720 monumenta
1472 1674 1586 1736 aperta,
1625 1666 1746 1737 gloriosa
1773 1664 1827 1719 fuit
1862 1666 1923 1737 ejus

229 1760 311 1826 putat
331 1753 417 1808 fuisse
435 1752 513 1807 illum
532 1753 706 1823 prophetam,
725 1751 774 1822 qui
789 1752 883 1822 jussit,
903 1768 932 1806 se
951 1767 983 1805 ιο
1002 1749 1061 1804 loco
1088 1751 1248 1819 sepultura,
1281 1752 1348 1822 quia
1377 1768 1395 1805 a
1423 1751 1575 1808 Nicodcmo
1608 1759 1636 1807 ιι
1668 1751 1790 1823 Josepho
1821 1770 1920 1823 corpus

230 1841 350 1913 sepeliri.
388 1839 532 1908 Objs'cs‘uut
551 1838 663 1910 (inquit)
682 1838 832 1906 haeretici,
852 1854 984 1907 quorsum
1004 1837 1060 1889 istu
1089 1836 1258 1891 aromatibus
1276 1837 1418 1892 conditum
1440 1845 1467 1892 et
1484 1838 1599 1893 sindone
1624 1838 1799 1907 obvolutum,
1819 1839 1921 1895 inmo·
1939 1844 2046 1887 till-1²

229 1936 402 1981 mortuorum
421 1944 485 1979 ossa
509 1934 536 1979 et
554 1926 684 1979 cirues?
712 1923 817 1987 Quibus
838 1924 1063 1993 respondendum
1089 1931 1251 1978 numentum
1268 1939 1379 1992 norum,
1398 1925 1427 1977 in
1444 1931 1525 1994 petra
1543 1925 1679 1994 excisum,
1700 1923 1850 1980 honorifice
1868 1925 1923 1979 fnit

229 2023 277 2084 cst,
297 2031 428 2084 quorsum
447 2012 578 2065 Helisaci
599 2012 753 2082 prophetae
778 2013 916 2064 caclaecrc
935 2017 1008 2063 tacta
1027 2009 1062 2062 ab
1090 2009 1263 2080 depositum3
1283 2010 1419 2081 gloriosus
1438 2010 1492 2065 fuit
1504 2011 1565 2080 ejus
1583 2013 1624 2065 aci
1640 2013 1751 2077 inferos
1765 2014 1922 2081 descensus,

228 2102 287 2155 allo
311 2115 429 2171 corpore
447 2099 617 2168 prophetae,
644 2098 694 2167 qui
710 2098 799 2166 jussit
823 2113 853 2150 se
878 2097 960 2164 jueta
986 2095 1062 2148 illud
1089 2096 1210 2167 gloriosa
1228 2098 1413 2166 resurrectio,
1440 2097 1562 2170 gloriosa
1586 2099 1734 2153 adscensio
1752 2105 1781 2153 ct
1800 2099 1836 2152 ad
1855 2101 1920 2153 dca-

227 2187 355 2257 sepels'rs',
381 2188 422 2241 aei
457 2187 542 2239 uitam
570 2193 728 2238 reuocatum
754 2185 817 2237 est!
844 2182 892 2236 scd
917 2180 1063 2235 confundit
1089 2192 1163 2237 tram
1184 2185 1242 2237 Dei
1264 2184 1413 2252 multatio,
1439 2184 1588 2256 gloriosum
1611 2191 1653 2240 est
1673 2186 1733 2255 ejus
1758 2202 1873 2252 regnum
1893 2186 1921 2239 in

229 2269 400 2331 ἃπαιιιύιως
420 2271 489 2325 duas
510 2271 633 2324 diversas
652 2269 779 2324 historias
800 2268 906 2339 1.ch.
924 2274 963 2336 13,
981 2285 1005 2319 ιι.
1020 2272 1061 2322 32.
1089 2285 1183 2323 omncs
1215 2275 1313 2340 gentes
1343 2279 1528 2341 propagatum
1557 2269 1643 2326 Hebr.
1668 2275 1699 2334 2,
1732 2288 1758 2327 v.
1785 2277 1807 2326 9.
1858 2271 1922 2326 Vid.

228 2369 256 2415 et
274 2365 297 2415 2.
317 2358 387 2430 Reg.
409 2363 454 2426 13,
479 2375 505 2412 v.
524 2361 564 2412 32.
612 2363 636 2411 ι,
657 2355 755 2426 Neque
778 2361 842 2426 post
867 2353 973 2409 editum
992 2352 1060 2407 illud
1088 2354 1209 2425 cyrillus
1251 2361 1279 2411 et
1307 2355 1461 2426 Procopius
1499 2357 1529 2410 in
1572 2364 1716 2413 comment.
1753 2357 1827 2411 illius
1861 2357 1923 2412 loci.

228 2445 391 2501 miraculum
410 2443 514 2498 Elisaei
539 2457 603 2497 ossa
626 2442 784 2511 cscpulcro
804 2447 897 2507 cruta,
923 2440 1062 2495 inlocum
1090 2446 1114 2496 2.
1131 2441 1251 2506 Quidam
1279 2441 1403 2497 referunt
1427 2443 1462 2496 ad
1486 2442 1630 2497 ecclesiam
1656 2458 1689 2496 ex
1713 2442 1843 2513 gentibus
1867 2445 1923 2499 col-

228 2531 373 2587 sublimem
410 2528 560 2597 collocata,
601 2528 829 2599 circumgestata,
867 2526 1060 2590 exosculanda,
1089 2526 1198 2595 lectam,
1217 2529 1245 2581 in
1265 2545 1320 2599 qua
1338 2528 1464 2582 Christus
1479 2528 1586 2583 habitat
1606 2536 1634 2583 ιι
1645 2530 1802 2597 requiescit,
1820 2528 1923 2585 Psalm.

227 2617 382 2689 tangenda,
413 2614 566 2685 spectanda
600 2613 757 2669 hominibus
782 2613 940 2685 proposita,
974 2612 1061 2667 serico
1091 2618 1148 2669 132.
1170 2633 1193 2670 v.
1215 2621 1256 2671 14.
1275 2615 1323 2670 illa
1341 2621 1384 2669 est
1402 2615 1524 2686 gloriosa
1535 2633 1591 2670 non
1603 2617 1764 2671 celebritate
1782 2616 1923 2671 mundana

228 2709 368 2769 exornata,
389 2701 512 2758 candelis
531 2700 675 2766 honorata,
693 2701 753 2770 opis
771 2700 962 2771 impetrandae
978 2715 1063 2754 causa
1089 2708 1118 2756 ct
1135 2704 1266 2770 terrestri,
1285 2703 1334 2757 scd
1354 2702 1480 2758 claritate
1500 2701 1636 2773 spirituali
1656 2720 1689 2757 ac
1708 2702 1828 2771 coelesti,
1850 2717 1922 2774 quae

231 2791 347 2845 adorata
365 2797 418 2846 etc.
447 2789 544 2843 sedin
564 2788 624 2842 loco
644 2804 695 2842 suo
719 2786 816 2842 relicta
836 2792 902 2840 sunt
918 2803 1006 2858 usquc
1026 2785 1062 2840 ad
1088 2788 1279 2859 interpretatio
1296 2786 1473 2842 confirmatur
1497 2805 1530 2843 ex
1550 2806 1597 2852 eo,
1623 2789 1698 2859 quod
1717 2789 1820 2843 Paulus
1840 2791 1921 2846 Rom.

231 2875 440 2933 resurrectionis
465 2874 626 2929 universalis
653 2873 735 2929 diem.
779 2879 801 2929 5.
823 2871 962 2927 Siracides
980 2889 1002 2927 c.
1020 2876 1062 2926 se.
1091 2881 1131 2942 15,
1149 2892 1176 2932 v.
1198 2881 1237 2930 12.
1257 2875 1329 2929 hunc
1348 2874 1513 2930 versiculum
1537 2875 1728 2946 propheticum
1746 2877 1781 2930 ad
1801 2877 1921 2933 vocatio-

230 2963 363 3017 miracula
381 2959 481 3015 Elisaei
506 2960 535 3013 in
554 2959 611 3013 rita
630 2963 658 3014 et
679 2963 743 3028 post
766 2965 879 3013 mortem
899 2973 1062 3011 commemo·
1089 2977 1151 3015 nem
1170 2962 1294 3030 gentium
1322 2961 1358 3015 ad
1386 2962 1518 3017 ecclesiae
1539 2960 1707 3016 consortium
1724 2963 1921 3018 accommodet.

230 3067 294 3105 rans
314 3048 397 3104 finem
417 3064 513 3102 eorum
535 3047 634 3100 statuit
662 3046 901 3110 confirmationem
918 3044 1063 3097 uaticinio·
1091 3053 1115 3104 3,
1134 3047 1321 3117 Hieronymus
1338 3065 1388 3118 per
1413 3049 1530 3116 quictem
1548 3049 1745 3121 perarmemus
1764 3049 1922 3120 intelligens

144 3160 149 3174 ¹
230 3155 293 3190 rum
310 3136 435 3204 Elisaez',
455 3139 487 3187 nt
503 3131 622 3204 populus
641 3149 658 3186 a
676 3131 798 3201 peccatis
816 3147 867 3201 per
887 3146 983 3185 veram
999 3144 1062 3199 poe·
1089 3134 1180 3188 locum
1206 3134 1306 3205 quictis
1326 3134 1384 3189 sive
1408 3133 1565 3204 sepulcrum
1589 3133 1700 3203 fatetur,
1724 3134 1765 3188 ita
1783 3151 1812 3190 sc
1831 3136 1920 3190 reddi-

231 3222 376 3277 nitentiam
401 3221 436 3275 ad
455 3220 544 3274 Deum
572 3222 795 3285 converteretur,
820 3215 889 3271 nihil
911 3215 1063 3288 quidquam
1091 3220 1180 3290 disse,
1211 3227 1243 3275 ut
1266 3236 1376 3274 sensum
1402 3219 1494 3290 potius
1518 3236 1601 3290 quam
1628 3237 1724 3275 vocem
1747 3223 1922 3290 spectaverit,

231 3326 296 3365 vero
332 3307 412 3362 addit
446 3307 482 3360 de
515 3304 645 3376 religioso
681 3303 783 3357 ossium
819 3318 852 3357 ac
886 3303 1063 3373 reliquiarum
1091 3324 1173 3379 quam
1215 3307 1367 3362 versionem
1406 3325 1460 3362 non
1496 3306 1606 3362 omnino
1644 3307 1836 3378 repudiamus,
1872 3308 1922 3362 sed

231 3396 316 3451 cultu
350 3392 524 3449 Chcmnicius
556 3398 625 3461 part.
659 3396 683 3449 ι.
715 3406 801 3445 exam
834 3406 895 3459 cap.
927 3389 962 3444 de
986 3388 1065 3460 reliq.
1091 3394 1234 3461 addimus,
1262 3399 1286 3449 ι.
1315 3392 1389 3464 quod
1417 3392 1506 3464 gloria
1544 3392 1662 3463 sepulcri
1696 3393 1836 3448 Dominici
1867 3412 1923 3448 non

232 3499 298 3553 pag.
316 3487 340 3536 6.
1093 3480 1226 3535 consistat
1242 3479 1271 3533 in
1290 3478 1480 3549 superstitiosa
1498 3477 1616 3532 fascium
1629 3479 1824 3549 sepulcralium
1842 3498 1923 3535 vene-

103 3591 124 3632 ι
138 3588 221 3636 ausa
272 3574 327 3623 111.
363 3572 388 3621 4.
411 3570 435 3621 2.
456 3564 527 3634 Reg.
553 3567 593 3618 23.
618 3581 678 3616 cum
702 3563 802 3616 Joss'as
832 3561 951 3615 delubra
975 3561 1065 3615 idolo·
1092 3566 1199 3620 ratione
1230 3565 1274 3619 vel
1303 3565 1332 3618 in
1364 3564 1585 3636 peregrinatione
1621 3566 1657 3621 ad
1693 3565 1763 3620 illud
1794 3565 1923 3637 opinione

103 3640 221 3735 mm
234 3673 296 3708 rum
315 3659 448 3707 everteret
472 3657 497 3702 et
515 3665 621 3704 omucm
650 3649 845 3703 idololatriam
863 3648 957 3702 delere
976 3648 1065 3717 uellet,
1093 3652 1183 3707 cultus
1197 3657 1339 3720 suscepta,
1361 3651 1457 3705 sedin
1478 3649 1554 3706 fideli
1578 3651 1688 3715 mortis,
1710 3651 1869 3722 sepulturae
1888 3669 1920 3706 ac

103 3744 200 3796 morht·
235 3749 342 3795 tautum
362 3741 448 3805 abest,
465 3745 495 3790 ut
516 3737 652 3806 reliquias
672 3744 832 3790 saeuorum
850 3737 988 3790 clelcudas
1008 3752 1067 3789 csse
1092 3738 1299 3794 resurrectionis
1341 3737 1504 3791 Dominicae
1547 3739 1824 3809 commemoratione,
1867 3756 1923 3811 qua

102 3795 191 3889 iiiiii
235 3829 419 3890 existimaret,
446 3833 475 3876 ιιι
495 3842 555 3877 cum
585 3823 707 3876 alr'oruus
724 3831 893 3876 mortuorum
914 3840 977 3876 ossa
1001 3824 1066 3892 effo-
1093 3842 1228 3880 summum
1252 3823 1354 3877 Christi
1377 3841 1513 3893 amorem,
1544 3842 1577 3878 ιιι
1602 3842 1656 3895 quo
1679 3831 1792 3895 proptor
1820 3843 1869 3879 nos
1897 3833 1925 3881 et

103 3897 206 3992 2³⁰¹ss
238 3916 324 3969 ‹ls'ssct
358 3920 383 3965 ct
402 3912 431 3965 ιἰι
453 3911 559 3964 cineres
577 3910 745 3979 reticuisset,
777 3928 842 3982 ossa
859 3918 951 3963 taruco
977 3911 1068 3962 sancti
1092 3920 1213 3968 nostram
1242 3911 1359 3964 salutem
1383 3927 1495 3981 passus,
1520 3916 1644 3965 mortuus
1674 3927 1707 3964 aa
1730 3911 1855 3981 sepultus
1872 3920 1922 3976 est,

103 3961 198 4043 ⁸03⁸*
232 4000 389 4071 prophetae
413 3997 515 4050 ibidem
540 4003 654 4065 reperta
682 3996 827 4050 asservari
842 3996 969 4065 jssesers't.
1013 3995 1065 4050 Re·
1092 4006 1173 4071 grata
1199 4001 1290 4052 mente
1313 3996 1505 4067 praedicamus
1532 4003 1560 4051 ct
1588 3995 1723 4051 beneficia
1743 3997 1829 4069 ipsius
1857 4016 1922 4069 pas·

234 4088 415 4159 spondemus:
436 4090 458 4142 1,
476 4099 556 4138 nemo
576 4088 700 4137 nostrum
722 4082 798 4146 dicit,
819 4099 897 4137 veras
909 4090 1065 4137 sanctorum
1091 4084 1182 4152 sione,
1212 4089 1308 4148 morte,
1330 4083 1472 4152 sepultura
1494 4088 1523 4137 et
1539 4083 1739 4138 resurrectione
1758 4092 1839 4153 parta
1858 4102 1924 4141 vera

233 4173 365 4246 reliquias
392 4187 453 4225 esse
472 4170 652 4224 irreverenter
671 4169 831 4223 mactandas
851 4168 895 4222 vel
915 4167 973 4240 igni
991 4183 1063 4221 com·
1090 4169 1146 4226 fide
1165 4169 1245 4223 nobis
1264 4168 1443 4239 applicamus.
1485 4176 1509 4225 5.
1529 4169 1558 4222 Si
1582 4167 1672 4239 gloria
1690 4169 1806 4240 sepulcri
1827 4168 1922 4226 Domi·

232 4260 389 4328 bursndas;
415 4257 464 4311 scd
488 4255 511 4309 si
529 4255 662 4326 reliquiae
686 4254 750 4309 illac
769 4255 908 4325 pertinent
926 4255 961 4309 ad
980 4273 1063 4310 mem·
1090 4256 1146 4310 nici
1165 4255 1193 4328 ip
1213 4262 1326 4309 externo
1345 4261 1373 4310 ιι
1390 4254 1580 4325 superstitioso
1599 4254 1647 4309 iilo
1672 4256 1774 4310 honore
1792 4257 1922 4311 consiste·

232 4347 283 4402 bra
312 4344 447 4415 corporis,
473 4342 606 4396 honestae
635 4341 809 4411 sepulturae,
836 4358 891 4395 non
918 4340 1063 4412 religiosae
1090 4348 1146 4411 ret,
1177 4341 1295 4412 apostoli
1328 4358 1360 4395 ac
1391 4340 1443 4394 viri
1474 4339 1619 4412 apostolici
1657 4342 1775 4396 eundem
1812 4343 1923 4399 minime

230 4432 371 4500 culturac3
395 4431 437 4484 sin
460 4431 496 4483 ad
520 4428 632 4483 habitus
656 4433 782 4482 externos
800 4433 829 4482 ιι
847 4426 933 4482 falsae
952 4427 1063 4496 inerint,
1089 4427 1345 4499 praetermisissent,
1363 4443 1414 4481 nec
1427 4426 1504 4480 Deus
1522 4425 1574 4480 sub
1587 4426 1740 4482 Tuscorum
1757 4434 1922 4499 potestatam

230 4535 284 4573 non
300 4515 507 4587 superstitiosae
521 4513 703 4580 admirationi,
722 4513 771 4567 sed
786 4512 916 4568 oblivioni
933 4521 960 4568 et
972 4515 1061 4569 occul·
1091 4513 1181 4568 locum
1216 4513 1335 4584 sepulcri
1363 4512 1452 4584 redigi
1483 4529 1581 4584 passus
1609 4513 1715 4572 fuisset.
1759 4523 1782 4571 6.
1809 4516 1920 4571 Interim

230 4603 327 4658 tationi
350 4600 500 4656 tradendas
528 4617 588 4655 esse
611 4599 742 4668 dicimus,
771 4600 813 4653 sin
842 4616 924 4655 verae
950 4600 1062 4670 fuerim,
1089 4600 1242 4655 mirabilem
1274 4598 1327 4654 Dei
1356 4599 1558 4671 providentiam
1587 4617 1620 4654 ac
1647 4601 1800 4672 potentiam
1833 4603 1861 4657 in
1888 4620 1921 4659 so

124 4700 126 4703 ’
232 4706 279 4746 ιιι
307 4686 489 4742 asservandus
516 4685 705 4753 admittimus,
728 4699 782 4739 non
810 4692 842 4739 ut
860 4686 1062 4757 superstitionis
1088 4686 1277 4758 agnoscimus,
1315 4686 1389 4756 quod
1428 4686 1583 4756 sepulcrum
1623 4686 1723 4742 Christi
1764 4688 1793 4742 in
1830 4690 1920 4744 medio

229 4776 365 4843 fomenta,
393 4772 441 4827 sed
459 4779 490 4826 ut
507 4772 570 4843 piae
589 4772 736 4827 memoriae
754 4781 939 4829 monumenta.
975 4779 999 4828 2.
1018 4772 1063 4827 ln·
1088 4773 1206 4828 hostium
1243 4773 1302 4841 ejus
1342 4772 1424 4826 situm
1466 4771 1502 4826 ab
1545 4773 1611 4844 ipsis
1645 4774 1744 4829 'furcis
1779 4775 1920 4841 excolitur,

230 4863 361 4919 vertimus
382 4864 582 4930 argumentum.
624 4858 717 4913 iosias
735 4874 799 4913 ossa
816 4858 891 4913 illius
910 4859 1063 4929 prophetas
1089 4867 1116 4913 et
1134 4862 1233 4930 gentes
1252 4858 1316 4913 illac
1341 4858 1511 4912 immanitate
1533 4858 1669 4914 barbarae
1693 4876 1726 4914 ac
1749 4860 1921 4916 truculentae

228 4966 284 5005 non
299 4946 385 5019 jussit
402 4944 486 5000 effodi
504 4960 537 4998 ac
562 4961 594 4999 cr
613 4944 673 5000 loco
700 4945 907 5000 idololatrarum
927 4945 1062 5016 sepulcris
1088 4946 1124 4999 ad
1142 4945 1212 5000 illud
1231 4944 1384 5012 accedunt,
1411 4944 1542 5016 quodque
1566 4945 1728 5001 coenobium
1752 4946 1920 5004 Christiana

229 5035 414 5092 contaminato
441 5032 470 5085 in
494 5031 585 5085 locum
610 5030 761 5102 digniorem
788 5029 945 5099 transferri,
973 5033 1060 5086 multo
1088 5049 1150 5086 rum
1171 5031 1274 5087 ibidem
1301 5030 1472 5103 permittunt,
1499 5033 1528 5086 in
1554 5050 1609 5104 quo
1640 5031 1741 5088 Christi
1769 5035 1866 5089 landes
1891 5034 1921 5088 in

229 5120 372 5177 minusad
392 5117 551 5190 religiosum
577 5116 682 5171 cultum
703 5117 834 5173 ostentari
853 5133 887 5171 ac
906 5117 1059 5190 circumges
1089 5118 1180 5172 medio
1199 5117 1318 5172 hostiurn
1337 5117 1397 5185 ejus
1417 5125 1574 5187 personant.

230 5207 305 5272 stari,
323 5205 370 5260 sed
387 5205 482 5260 cadem
501 5204 529 5258 in
548 5203 608 5257 loco
627 5203 675 5257 illo
689 5203 793 5258 intacta
806 5209 835 5259 et
848 5203 961 5258 immota
980 5205 1061 5260 relin-
1125 5210 1181 5260 113.
1217 5208 1242 5260 6.
1265 5203 1299 5258 ss·
1328 5203 1456 5257 Christus
1479 5205 1525 5259 ιιι
1550 5207 1675 5271 atussa,
1700 5215 1724 5259 et
1748 5224 1798 5261 uos
1821 5215 1918 5262 uestem
1932 5213 2046 5257 eruunt

230 5293 285 5364 qui.
320 5291 494 5346 Contrarium
508 5288 617 5344 faciunt
629 5288 825 5355 Romanenscs,
843 5290 891 5362 qui
903 5296 1060 5345 sanctorum
1089 5292 1149 5360 ejus
1168 5292 1266 5346 devote
1285 5290 1489 5359 oscularentur,
1512 5292 1643 5346 eorstiuuo
1672 5312 1721 5347 uos
1739 5295 1875 5349 lutherus
1893 5303 1918 5349 ct
1931 5268 2038 5361 {siff

230 5393 293 5432 ossa
313 5393 346 5432 cx
365 5377 499 5448 sepulcris
518 5376 575 5430 suis
593 5380 673 5430 eruta
690 5376 782 5430 cultus
801 5392 885 5430 causa
898 5376 953 5430 alio
970 5383 1059 5431 trans·
1091 5377 1222 5432 Caluinus
1242 5376 1415 5433 idololatras
1442 5380 1582 5443 discrerit,
1612 5389 1642 5433 αι
1673 5382 1775 5436 mulier
1794 5383 1919 5437 lesmor·
1933 5374 2006 5421 ‘⁸⁰⁸¹‘

230 5464 329 5519 ferunt.
367 5468 391 5518 3.
408 5461 553 5517 Ιιιιιὲιίιιι
569 5479 624 5516 non
645 5461 776 5533 leguntur
793 5463 829 5517 ad
848 5462 910 5519 illas
929 5462 1061 5535 reliquias
1087 5466 1192 5518 rhousa
1216 5465 1305 5517 solam
1328 5465 1468 5531 fimbriam
1499 5465 1606 5521 Chresti
1622 5467 1751 5534 fideliter
1776 5469 1865 5538 letigit
1893 5476 1920 5522 ct
1933 5428 2026 5517 iiiiii.
