4104 6014
338 251 400 311 464
953 236 1181 298 mesenus
1199 236 1401 300 SECUNDUS

338 413 454 467 corpus,
479 397 532 452 sed
547 412 642 466 suum,
663 399 740 468 quod
756 396 906 463 mutuae,
926 396 1169 467 reparatemur
1243 396 1274 448 si
1299 414 1391 449 srnrr
1425 415 1577 467 curemus
1597 393 1679 464 fur‘t,
1704 403 1736 450 ut
1761 413 1821 451 non
1849 394 1983 461 sentim,
2005 396 2036 451 id

338 489 537 552 consequenter
560 483 650 554 possit
674 501 730 555 pro
756 484 893 553 aeonibus
913 482 1071 553 praesenu's
1096 481 1172 534 ustae
1200 480 1299 552 erint·
1324 483 1366 537 sic
1390 483 1420 538 in
1444 483 1499 537 illa
1518 482 1565 536 die
1585 483 1723 551 dicemus,
1746 499 1807 538 ease
1825 484 1878 538 boc
1898 500 2034 554 coepisse

338 588 400 623 cum
428 571 524 623 anima
548 587 602 623 sua
627 586 695 623 caro
718 570 762 623 ael
782 570 891 640 pudiea
914 569 1049 624 coronari
1062 567 1106 621 oel
1122 567 1173 620 im·
1199 567 1337 621 vermibus
1375 586 1521 623 corrosum
1558 569 1589 622 in
1623 576 1758 637 astantem
1789 570 1884 624 subito
1917 569 2036 640 plorimi

333 655 444 726 pudica
465 656 571 724 puniri.
607 671 673 727 pug.
697 660 762 711 eet:
791 656 939 725 Numquid
965 671 1068 723 corpus
1091 670 1172 706 suum
1199 654 1298 722 serpit.

338 742 522 809 continueritis
550 750 576 795 et
603 742 692 811 dipito
714 743 865 813 palpantis
893 759 946 796 aaa
974 748 1029 805 est,
1058 739 1172 808 wando
1234 743 1273 793 tu.
1306 739 1469 794 Antithesis.
1492 745 1514 794 1.
1535 739 1698 808 deOripine
1719 738 1846 795 referunt
1862 740 2035 812 Epiphanius

218 847 277 888 nx,
291 827 482 898 mnpostolus
510 827 594 896 dicit,
623 824 737 898 oportet
760 828 812 880 boc
842 827 1024 897 corruptibile
1054 826 1172 878 induere
1199 821 1304 881 haeres.
1323 831 1366 881 64.
1402 825 1589 896 Hieronymus
1615 825 1644 879 in
1668 825 1749 896 epist.
1774 825 1811 880 ud
1836 825 1948 885 Psmm.
1968 834 1996 883 et
2010 828 2036 882 in

295 933 307 959 ο
336 914 597 983 incorruptionem!
627 913 767 968 Macarius
790 913 883 969 homil.
911 918 958 968 15:
993 912 1072 967 Simu
1104 926 1172 964 ocus
1199 909 1273 981 apol.
1301 918 1388 967 contr.
1416 911 1520 967 Raffin.
1556 911 1747 967 Dnmeseeuus
1777 912 1814 968 de
1840 912 1952 970 haeres.
1986 918 2035 971 etc.

337 1000 367 1052 in
387 1000 478 1068 ipnem
499 999 631 1069 projecta
647 1007 753 1053 mutato
772 1000 867 1054 colore
885 1000 1004 1053 uertitur
1022 998 1051 1050 in
1070 997 1170 1066 ierem,
1198 999 1275 1064 quod
1297 1000 1449 1052 eorundem
1472 1014 1587 1052 numero
1613 1014 1780 1066 corporum,
1813 1000 1917 1068 quibus
1938 999 1971 1053 in
1988 998 2036 1053 ber

336 1101 392 1138 non
411 1092 504 1139 tamen
522 1085 611 1154 plane
629 1085 724 1139 deleta
742 1092 783 1139 est
801 1094 906 1139 natura
923 1085 1013 1148 ferri,
1038 1085 1091 1136 sed
1109 1083 1171 1136 sub-
1197 1083 1291 1137 seculo
1318 1084 1467 1153 vestimur,
1500 1086 1732 1139 resurrectionem
1762 1086 1928 1156 nepnoerit,
1964 1086 2036 1156 qnod

336 1172 411 1224 sistit
417 1191 429 1235 ;
445 1171 486 1224 ita
502 1172 533 1224 in
549 1171 754 1226 resurrectione
769 1177 916 1240 resurgent
934 1170 1029 1223 omnia
1049 1168 1171 1222 membra
1198 1171 1365 1223 concesserit
1391 1171 1504 1238 peridem
1533 1170 1659 1224 homines
1682 1179 1895 1226 resurrecturos
1922 1172 1953 1225 in
1979 1188 2035 1225 cor·

337 1273 372 1310 ac
396 1256 500 1310 lumine
525 1264 550 1309 et
572 1258 637 1324 ipae
655 1258 814 1325 impunem,
834 1263 978 1310 mutantur
998 1256 1122 1324 quidem,
1141 1260 1172 1306 at
1195 1255 1329 1323 poribus,
1358 1257 1411 1309 sed
1442 1257 1535 1310 aereis
1563 1257 1607 1311 vel
1638 1262 1704 1310 atre
1736 1258 1951 1326 subtilioribus,
1983 1274 2034 1311 nos

338 1359 394 1396 nan
417 1343 608 1411 resolvuntur,
638 1349 689 1396 aut
713 1342 744 1395 in
769 1343 861 1412 ipnem
882 1343 1017 1409 madunt,
1048 1348 1078 1393 ut
1094 1340 1170 1393 ultra
1198 1348 1291 1413 autem
1315 1342 1503 1395 constantibus
1527 1359 1611 1396 carere
1636 1349 1662 1396 et
1685 1344 1819 1399 membris.
1855 1343 1981 1408 Quidum
1998 1350 2034 1398 ts·

336 1447 392 1482 non
426 1430 552 1484 subsistit
591 1436 703 1482 natura
753 1428 923 1483 Prudentius
963 1428 992 1482 in
1029 1425 1170 1498 apotheos.
1198 1443 1260 1482 men
1280 1431 1421 1497 statuunt,
1450 1427 1600 1499 Origenem
1629 1428 1691 1500 (qui
1706 1435 1823 1499 propter
1844 1428 1992 1485 asiduum
2008 1434 2034 1484 et

336 1514 430 1585 hymn,
450 1515 516 1573 ult:
1198 1511 1366 1568 indefessum
1392 1514 1548 1585 scriptionis
1571 1514 1695 1570 laborem
1717 1516 1914 1570 Adamantius
1947 1515 2052 1570 dictus

336 1638 431 1691 Nosco
449 1654 539 1691 meum
556 1637 587 1689 in
604 1635 716 1690 Christo
733 1651 836 1703 corpus
848 1650 1025 1702 consurpere,
1044 1634 1115 1703 quid
1128 1647 1171 1684 me
1198 1597 1261 1698 llll)
1278 1599 1315 1653 “b
1336 1599 1388 1656 ¹¹⁰⁰
1408 1617 1500 1656 “mre
1519 1600 1606 1657 s¹¹l⁸⁸0
1624 1601 1760 1671 aliems
1787 1601 1855 1673 qul⁸
1874 1600 2033 1673 Pssmpffilut

336 1724 501 1793 Desperare
513 1722 620 1790 jubes!
636 1722 754 1790 veniam,
774 1720 874 1789 quihus
894 1720 946 1774 ills
964 1721 1080 1787 revenit,
1199 1702 1257 1783 slve
1275 1691 1382 1786 mnityr
1400 1686 1459 1742 sive
1478 1686 1549 1741 elius
1570 1687 1632 1758 quis
1656 1688 1687 1786 in
1709 1687 1855 1759 apologis,
1883 1704 1969 1760 quem
1987 1702 2032 1760 pre

337 1806 459 1861 Calcota
476 1808 512 1859 de
531 1813 620 1859 morte
634 1807 697 1875 uiis,
717 1807 794 1874 quod
809 1805 951 1859 credimus
969 1807 1021 1859 boe
1038 1813 1089 1869 est,
1198 1770 1247 1826 ’ΠΟ
1270 1781 1381 1841 mmm
1405 1789 1434 1841 Ρ·
1455 1777 1512 1828 ⁸⁸⁸·
1538 1789 1612 1843 ⁰9⁶¹·
1640 1772 1752 1846 Ollssffl·
1772 1778 1801 1828 el
1819 1779 1887 1830 mm·
1905 1780 1930 1830 4·
1962 1788 2032 1844 ⁰9⁸¹·

336 1895 376 1947 33
393 1901 466 1947 tom
481 1892 600 1960 veniam,
618 1908 669 1944 m
686 1891 760 1944 onim
777 1891 878 1955 minor,
897 1898 946 1944 aa
966 1891 1043 1945 dim
1061 1909 1146 1959 quam
1199 1855 1314 1955 liieron.
1339 1875 1366 1927 p.
1394 1864 1450 1915 18¹1.
1481 1858 1642 1930 exscriptis
1668 1861 1730 1930 ejus
1756 1859 1886 1915 evincere
1912 1864 2031 1923 conetur,

337 1980 420 2032 Nunc
438 1995 499 2031 mm
526 1977 663 2031 mm
704 1977 802 2030 Vnum
828 1977 909 2045 W
927 1985 954 2030 a
972 1977 1052 2030 calor
1071 1978 1147 2031 idem
1200 1961 1290 2013 ipsum
1317 1943 1353 1997 de
1381 1945 1581 2000 resurrectione
1607 1951 1778 2001 mertuorum
1808 1945 1947 2002 estholice
1976 1962 2032 2001 sen·

501 2016 509 2045 ’
663 2018 669 2030 '
803 2017 810 2039 '
1149 2015 1155 2041 ’
1199 2029 1281 2099 sisse,
1306 2035 1339 2083 ut
1361 2029 1508 2085 verisimile
1526 2031 1575 2100 sit,
1601 2046 1635 2087 es
1652 2049 1724 2103 quse
1746 2031 1783 2087 sb
1800 2031 1963 2104 Epiphanio
1981 2029 2029 2103 ipsi

1199 2114 1366 2183 tribuuntur,
1385 2116 1421 2171 sb
1436 2116 1583 2173 haereticis
1601 2116 1645 2173 sel
1667 2117 1768 2173 insidis
1792 2117 1954 2173 haminibus
1972 2116 2030 2173 uelo

1199 2202 1271 2257 melo
1290 2202 1401 2273 scriptis
1420 2202 1494 2257 illius
1514 2202 1644 2274 Graecis,
1669 2208 1701 2258 ut
1727 2205 1757 2259 iu
1781 2202 1884 2260 latins
1906 2204 2029 2259 versione

338 2285 514 2356 Augustinus
531 2285 561 2340 in
581 2285 683 2340 enchir.
702 2302 724 2343 c.
744 2290 792 2341 sl:
809 2287 1043 2340 Resurrecturam
1060 2302 1173 2340 earnem
1198 2286 1304 2342 iactum
1322 2303 1382 2342 esse
1401 2292 1524 2354 constet,
1548 2288 1635 2344 fuisse
1653 2290 1765 2359 inserte,
1784 2289 1912 2361 quemvis
1929 2289 1976 2345 elii
1993 2288 2028 2344 di·

339 2374 480 2442 omnium,
505 2372 661 2441 quintaque
689 2373 752 2427 nati
774 2379 841 2427 sunt
859 2372 1000 2427 bominum
1020 2379 1103 2442 atoue
1123 2390 1172 2426 na·
1199 2388 1308 2427 versum
1336 2378 1467 2429 statuunt.
1510 2373 1612 2430 Confer
1640 2374 1832 2447 Augustinnm
1857 2373 1967 2431 heeres.
1992 2380 2029 2430 st

338 2467 458 2527 secutur,
478 2466 503 2511 et
520 2460 625 2513 mmtui
640 2465 706 2513 sunt
722 2466 807 2529 atque
816 2459 976 2524 morientur,
995 2459 1073 2512 mutto
1090 2461 1172 2513 modo
1198 2457 1341 2513 Ruifinum
1378 2460 1406 2514 in
1440 2476 1511 2518 com.
1548 2460 1583 2516 de
1617 2461 1736 2517 adulter.
1768 2460 1864 2518 libror.
1898 2459 2029 2533 origenis

339 2544 470 2598 dubitare
502 2544 583 2600 debet
617 2544 803 2600 Obmstianus.
853 2543 1005 2616 Gregorius
1037 2545 1098 2601 libr.
1134 2551 1171 2601 14.
1197 2544 1343 2599 Erasmum
1372 2545 1401 2600 in
1432 2562 1537 2601 census.
1565 2546 1593 2600 in
1620 2545 1682 2601 libr.
1707 2545 1785 2618 Orig.
1810 2546 1914 2604 Johsn.
1934 2544 2028 2601 Picum

340 2063 396 2124 Qui
412 2064 497 2117 modo
515 2063 592 2131 riou,
612 2063 675 2131 erit,
693 2078 742 2116 nec
759 2063 862 2117 merel
879 2063 968 2128 dente,
984 2063 1028 2116 uel
1049 2080 1138 2131 unone

338 2151 518 2203 Fraudatum
539 2155 661 2203 revomet
676 2149 823 2217 patefacti
840 2150 921 2206 tona
939 2149 1071 2218 sepulcri.

338 2630 433 2685 merul.
454 2645 477 2685 c.
498 2633 547 2685 29:
577 2631 756 2687 Dubietatsm
774 2633 809 2685 ds
826 2632 1010 2701 reparatione
1027 2648 1095 2685 aero
1111 2649 1171 2686 cor·
1199 2629 1384 2686 Mirandulam
1407 2632 1437 2686 in
1459 2631 1533 2702 epol.
1558 2649 1586 2703 p.
1610 2637 1666 2688 199.
1701 2632 1879 2703 Alphonsum
1897 2649 1915 2687 s
1933 2630 2028 2688 essm

333 2718 417 2786 poris
437 2717 560 2787 abstulit,
580 2717 700 2786 pulait.-
718 2726 745 2770 et
761 2735 873 2771 rursum
886 2718 1082 2772 circumdabor
1094 2719 1172 2789 pelle
1198 2716 1261 2772 eds.
1287 2716 1362 2770 huer.
1388 2717 1417 2771 in
1442 2717 1517 2771 verb.
1554 2716 1731 2773 Resurrectio
1760 2734 1841 2774 error.
1865 2724 1886 2774 l.
1927 2717 2029 2773 Sixtnm

336 2820 416 2870 mea,·
443 2805 493 2874 qui
511 2804 604 2858 Meus
624 2806 666 2858 ad
683 2805 859 2870 auferendas
877 2806 1009 2874 ambapes
1028 2805 1170 2874 capitatio·
1197 2801 1345 2858 Senensem
1362 2802 1425 2857 libr.
1446 2809 1469 2859 5.
1500 2801 1627 2860 biblioth.
1653 2810 1747 2858 annot.
1767 2808 1823 2860 148.
1863 2803 1970 2875 Negsri
1987 2820 2029 2858 ns·

336 2892 382 2944 nis
400 2899 515 2944 nostrae
531 2891 642 2944 subdit:
667 2898 693 2944 et
719 2891 747 2943 in
769 2908 856 2945 carne
874 2907 936 2944 mea
953 2892 1053 2945 uidebo
1070 2894 1170 2946 Deum.
1197 2889 1266 2959 quit,
1284 2886 1432 2958 Origenem
1452 2888 1480 2943 in
1494 2889 1600 2960 eliquat
1612 2888 1680 2943 locis
1693 2889 1874 2961 ipsorummet
1885 2906 2029 2962 corporum

338 2977 412 3030 Eece
442 2976 690 3042 resurrectionen,
724 2993 785 3030 eece
815 2993 943 3043 earnem,
979 2994 1040 3032 ecee
1067 2978 1171 3048 pellem
1198 2974 1425 3029 resurrectionem
1452 2991 1575 3030 asserere
1594 2990 1627 3029 se
1645 2976 1768 3046 graviter
1786 2975 1936 3047 conqueri,
1960 2974 2030 3048 quoti

337 3064 444 3134 apertis
463 3064 574 3127 fatetur
591 3064 711 3119 uocibus.
752 3063 829 3126 Quid
845 3082 912 3136 erqo
930 3073 1070 3133 remanet,
1096 3068 1171 3120 unde
1198 3058 1329 3115 hebuerit
1362 3078 1484 3132 aucupes
1512 3076 1668 3116 sermonum
1709 3078 1818 3133 semper
1850 3063 1964 3119 deditos
1996 3061 2029 3118 sd

332 3150 425 3219 pouit
448 3165 526 3204 mm
551 3157 649 3203 nostra
673 3150 827 3204 dubitare!
851 3159 901 3205 ew,
939 3150 974 3205 δι’
992 3158 1060 3221 port
1078 3169 1171 3206 resur.
1198 3143 1415 3216 criminandum,
1442 3153 1473 3202 ut
1497 3153 1649 3207 venellam
1673 3147 1703 3203 ln
1725 3165 1788 3203 elim
1807 3147 1922 3220 lingua!
1941 3148 2027 3204 rihn-

335 3235 485 3290 rectianem
501 3251 605 3305 eorpus
619 3235 768 3304 palpatae
785 3253 843 3290 non
862 3236 929 3300 erit,
945 3241 1078 3306 projecto
1096 3238 1171 3292 alius
1196 3235 1267 3287 rent.
1302 3231 1386 3286 Forte
1406 3233 1493 3305 igitur
1510 3235 1607 3288 earnis
1624 3235 1751 3305 nomine,
1778 3252 1865 3307 quam
1883 3252 1901 3290 s
1918 3235 2029 3292 mussi·

336 3322 435 3392 meruit,
453 3338 537 3391 quom
553 3319 681 3391 moritur,
700 3324 777 3389 quod
790 3323 869 3375 dictu
887 3323 970 3387 nefas
987 3330 1028 3377 est
1046 3327 1171 3388 credere,
1197 3316 1263 3371 tatis
1291 3318 1453 3389 corporibus
1473 3327 1609 3391 remoret,
1639 3322 1789 3393 quelitstes
1813 3321 1948 3389 vitiosus,
1978 3341 2029 3379 non

336 3407 405 3477 quia
426 3423 478 3476 epo
496 3408 611 3472 morior,
637 3414 663 3460 et
687 3407 763 3461 alius
786 3410 940 3478 resurpatl
974 3424 1037 3480 esp.
1059 3415 1109 3465 30:
1137 3410 1173 3465 Si
1198 3409 1290 3458 butem
1307 3421 1469 3477 corpoream
1487 3407 1672 3462 substantium
1683 3406 1837 3477 intellexit·
1845 3407 1922 3480 quod
1934 3415 2029 3480 poetes

337 3493 411 3547 enim
439 3493 511 3547 stem
535 3492 652 3562 qnidam
679 3509 809 3548 errorum
833 3511 966 3565 sequaces
984 3494 1171 3566 arbitrantur,
1197 3490 1226 3544 in
1263 3489 1384 3546 alienum
1417 3507 1528 3547 sensum
1565 3491 1654 3564 ipsius
1686 3493 1816 3550 malevoli
1849 3494 2026 3551 detorserunt

333 3588 402 3648 post
420 3579 653 3633 resurrectionem
671 3596 773 3648 coeptu
788 3581 938 3650 palpabile
952 3599 1009 3634 non
1027 3583 1093 3649 erit,
1120 3586 1172 3638 sed
1198 3583 1223 3636 2.
1252 3578 1419 3647 Eutbymiur
1451 3576 1581 3650 Origenis
1611 3579 1735 3652 vestigiis
1772 3580 1903 3636 insistens
1942 3581 2026 3638 locun

337 3664 490 3719 inuisibs'ls's
507 3665 638 3734 corporis
656 3665 800 3720 subtilitas
817 3683 885 3721 earo
901 3675 1027 3739 reamur,
1045 3669 1173 3737 quamuis
1198 3663 1314 3735 spostoli
1343 3669 1363 3719 1.
1387 3663 1447 3720 Oai.
1469 3671 1516 3735 15,
1544 3683 1569 3724 s.
1594 3671 1634 3721 50.
1667 3684 1735 3721 caro
1769 3675 1796 3720 et
1824 3662 1944 3738 sunonis
1974 3686 2024 3725 eas

341 3751 499 3805 substantia
524 3752 619 3804 carnes
644 3768 700 3805 non
721 3750 769 3817 sit,
795 3753 926 3821 profecta
944 3752 1021 3807 alius
1038 3761 1094 3820 est,
1124 3757 1174 3823 qui
1196 3750 1378 3820 possidebunt
1397 3767 1513 3820 repnum
1534 3752 1598 3822 Dei,
1616 3752 1655 3806 sic
1672 3751 1800 3822 explicet,
1817 3756 1895 3821 quod
1912 3755 2024 3809 beatiis

338 3838 471 3904 moritur,
488 3845 514 3892 et
534 3837 616 3905 alius,
635 3838 686 3906 qui
705 3838 836 3906 resuspit.
856 3837 1172 3896 Sedboatusdabbano
1198 3837 1276 3891 coelo
1288 3855 1344 3890 non
1359 3838 1415 3891 siut
1427 3838 1552 3892 babituri
1564 3856 1668 3908 corpus
1684 3856 1825 3908 corneum,
1841 3842 1894 3894 sed
1912 3847 2022 3897 &eum

340 3925 381 3978 eis
400 3924 567 3979 sententiam
583 3924 712 3978 oeridma
729 3941 794 3979 ooee
814 3925 943 3995 destruit,
959 3926 1009 3994 qui
1024 3928 1073 3991 ait,
1091 3946 1172 3999 quem
1199 3927 1222 3977 3.
1239 3921 1410 3993 Nicephorus
1430 3922 1477 3980 lib.
1497 3929 1536 3980 14.
1555 3923 1619 3978 hist.
1639 3925 1708 3981 eccl
1728 3941 1752 3984 c.
1771 3931 1813 3980 lb.
1834 3927 1936 3994 refert,
1969 3936 2024 3981 tes·

337 4011 450 4064 uisurus
473 4028 533 4063 sum
555 4025 605 4079 epo
625 4011 685 4080 ipm
703 4016 729 4064 et
748 4011 825 4064 ocssli
842 4011 900 4065 mei
915 4013 1092 4081 conspecturi
1109 4023 1173 4067 sunt
1194 4026 1267 4079 pore
1293 4009 1446 4063 Theodosii
1474 4011 1657 4079 imperatoris
1681 4013 1717 4065 de
1742 4020 1917 4067 mortuorum
1943 4030 2024 4068 resur-

339 4105 366 4151 et
385 4114 440 4152 non
459 4096 543 4150 alius.
580 4097 641 4150 Nos
662 4103 755 4149 omen
773 4096 849 4150 beati
872 4097 928 4151 Job
951 4099 1036 4163 fidem
1059 4115 1172 4170 remeen-
1198 4095 1321 4150 rectione
1355 4096 1492 4163 inpentem
1527 4095 1749 4165 disputationem
1786 4096 2025 4169 Constantinopoli

337 4190 379 4237 tes
396 4189 424 4237 et
440 4181 608 4236 redemtoris
625 4182 719 4235 nostri
729 4188 796 4250 post
818 4184 1050 4237 resurrectionem
1068 4202 1172 4255 eorpus
1200 4188 1299 4236 ortam.
1338 4181 1462 4243 Quidam
1490 4182 1562 4234 enim
1585 4185 1820 4238 resurrectionem
1839 4203 1962 4258 prorsus
1977 4201 2023 4239 sos

333 4269 483 4339 palpabile
507 4269 645 4324 omaciter
667 4269 827 4334 credentes,
848 4268 974 4333 fatemur
991 4286 1105 4325 carnem
1123 4290 1171 4326 no·
1200 4283 1260 4320 esse
1279 4267 1390 4336 opinati
1406 4274 1480 4335 wll,
1499 4267 1616 4336 buldam
1633 4278 1727 4323 “ulem
1745 4274 1965 4340 (14914411ῑᾶ6θῆ
1980 4269 2022 4324 Μ

337 4362 425 4409 stram
446 4362 514 4423 post
541 4353 773 4408 resurrectionem
797 4354 928 4418 futuram
954 4363 980 4409 et
1005 4358 1121 4411 eandem
1146 4366 1172 4412 et
1200 4353 1385 4407 crediderunt
1403 4360 1504 4420 tamea.
1526 4355 1675 4417 ‘ltfuntlot
1691 4357 1842 4413 &tilulum
1861 4357 1909 4429 ὄπ’,
1927 4356 2022 4430 aperllt

338 4442 498 4511 diversam5
518 4442 636 4495 eandem
650 4457 706 4511 per
722 4434 864 4510 naturam,
882 4441 1022 4495 diuersam
1037 4459 1094 4514 per
1112 4445 1171 4514 plo·
1199 4446 1226 4492 tl
1246 4439 1491 4509 irrefrapibrlibus
1512 4439 1724 4510 Scripturarum
1748 4461 1899 4498 sacrarum
1917 4445 2021 4499 tulisse-

337 4526 430 4596 riam,·
456 4527 574 4582 eandem
587 4541 643 4597 per
662 4525 821 4595 oemtaum,
842 4527 985 4581 diuersam
1002 4546 1057 4597 per
1072 4537 1171 4601 poten·
1199 4525 1255 4578 niis
1281 4526 1402 4579 adducti
1423 4527 1482 4580 alio
1506 4545 1627 4596 prorsus
1651 4535 1676 4582 et
1700 4536 1805 4584 mutato
1831 4536 1959 4599 corpore.
1993 4528 2021 4583 tu

337 4612 415 4664 tiam.
451 4612 519 4665 Erit
537 4612 632 4681 itaque
652 4610 827 4681 spiritualis,
844 4613 912 4681 quia
931 4620 956 4666 et
973 4613 1172 4685 incorruptibi·
1193 4613 1320 4680 primum
1338 4612 1411 4666 enim
1428 4629 1532 4680 corpus
1550 4614 1638 4682 tund,
1667 4616 1744 4684 quod
1762 4615 1855 4669 uariis
1877 4617 1969 4671 modis
1984 4633 2021 4671 so·

337 4697 391 4764 lis,·
423 4699 477 4751 erit
505 4697 677 4768 palpabilis,
707 4698 776 4766 auia
804 4715 861 4752 non
890 4700 995 4754 amiud
1024 4702 1171 4756 essentiam
1198 4697 1287 4751 lutum
1307 4698 1494 4767 abolitumque
1511 4701 1555 4766 sit,
1574 4701 1765 4768 resuscitetur,
1778 4702 1850 4768 fieri
1866 4720 1924 4758 non
1940 4718 2019 4775 posse,

337 4782 446 4836 amosis
471 4789 599 4837 notmae.
636 4781 745 4838 Similis
770 4792 920 4841 occurrunt
946 4785 1021 4855 apud
1050 4786 1171 4859 Epiphs·
1197 4785 1251 4838 sed
1277 4792 1393 4853 praeter
1419 4784 1454 4838 id
1476 4785 1559 4839 aliud
1584 4785 1664 4840 nulla
1688 4789 1877 4856 praecedente
1905 4789 2020 4855 macru,

337 4867 414 4922 nium
449 4865 478 4920 in
511 4884 604 4925 encor.
634 4886 662 4939 p.
694 4875 753 4925 605.
787 4877 815 4925 et
839 4870 902 4928 eds.
926 4870 1037 4927 Hicine.
1059 4891 1087 4945 p.
1112 4879 1170 4931 305.
1199 4871 1309 4937 divina,
1327 4887 1400 4941 meae
1420 4871 1514 4924 omnia
1530 4872 1659 4941 perficit,
1678 4872 1821 4927 volumtate
1842 4876 1936 4932 denum
1953 4874 2020 4931 resti·

340 4953 566 5026 chrysostomum
585 4954 657 5012 hom.
676 4961 717 5012 41.
741 4955 769 5011 in
796 4963 819 5014 1.
839 4955 902 5013 Cor.
932 4957 1171 5031 Theophyluctum
1199 4964 1286 5011 tutum
1310 4976 1369 5010 una
1395 4975 1457 5011 cum
1484 4958 1581 5011 anima
1608 4966 1830 5014 resurrecturum
1857 4977 1919 5016 esse
1940 4960 2020 5017 aaut

340 5041 369 5096 in
393 5056 418 5097 c.
446 5045 489 5097 12.
512 5040 599 5095 Mero.
625 5048 678 5097 ete.
714 5041 830 5098 Gerson
856 5042 885 5097 in
903 5059 996 5114 expos.
1016 5044 1066 5100 XI.
1093 5048 1170 5106 artic.
1198 5052 1318 5098 morunt.
1364 5047 1386 5101 4.
1411 5044 1567 5112 Eutycbius
1596 5041 1921 5116 Constantinopolitsnse
1955 5046 2021 5104 urbis

337 5125 402 5181 flu:
424 5124 605 5181 Credendum
622 5136 677 5197 est,
695 5127 726 5181 in
743 5130 946 5183 resurrectione
965 5130 1041 5185 idem
1060 5149 1170 5203 corpus,
1198 5130 1346 5202 episcopus
1376 5136 1447 5186 teste
1478 5128 1614 5201 Gregorio
1643 5129 1706 5186 libr.
1739 5135 1777 5186 14.
1811 5132 1909 5190 morel.
1937 5152 1959 5190 c.
1986 5136 2021 5191 te.

337 5215 415 5282 quod
423 5230 478 5284 per
495 5220 610 5267 mortem
629 5214 739 5282 cecidit,
760 5215 802 5267 od
816 5217 933 5269 eundem
951 5216 1091 5286 spiritum,
1109 5221 1127 5273 ι’.
1148 5238 1169 5274 e.
1198 5218 1317 5290 scripsit,
1336 5234 1439 5287 corpus
1456 5223 1581 5272 nostrum
1595 5217 1626 5271 in
1638 5217 1693 5271 illa
1707 5219 1925 5275 resurrectionis
1937 5220 2021 5293 plor-io

336 5300 379 5352 ad
396 5300 513 5353 eandem
531 5298 667 5368 animam,
686 5300 851 5355 reditumm.
892 5299 1031 5356 Lutherus
1051 5302 1080 5358 in
1100 5321 1170 5363 com,
1197 5305 1264 5369 sore
1282 5303 1469 5374 impalpabile
1487 5304 1575 5357 sentis
1592 5308 1711 5374 aereque
1727 5303 1868 5376 moltitiem,
1895 5306 1940 5362 cui
1963 5304 2022 5364 (ire-

267 5377 269 5381 ’
335 5402 359 5439 c.
378 5389 401 5442 2.
435 5383 507 5440 Gen.
522 5390 588 5442 tom.
610 5388 634 5441 1.
658 5401 686 5456 p.
705 5388 737 5440 31
744 5402 752 5442 t
779 5385 859 5441 etna
874 5388 971 5440 Adam
990 5390 1171 5447 adnuerabsm·
1198 5389 1293 5462 gorius
1319 5389 1359 5443 sic
1384 5387 1546 5459 respondet:
1579 5387 1616 5442 In
1633 5389 1688 5443 illa
1705 5392 1923 5447 resurrectiones
1938 5390 2024 5464 oloris

336 5472 390 5527 dus
409 5472 489 5546 dieb,
505 5471 557 5528 boc
574 5478 616 5528 est
632 5488 664 5528 os
682 5487 716 5526 er
735 5473 843 5528 arabus
858 5474 943 5545 meis,
971 5482 1111 5533 ettamen
1128 5480 1170 5536 sic
1199 5478 1253 5532 erit
1278 5492 1381 5547 carpus
1407 5482 1533 5532 isaurum
1558 5475 1659 5532 subtile
1685 5476 1798 5548 quidem
1820 5495 1877 5551 por
1907 5481 2025 5555 effectius
