4104 6014
238 237 298 297 244
839 231 960 289 Locus
977 229 1180 290 messurus
1199 232 1345 292 SEXTUS

238 385 424 450 adducentur,
449 403 482 441 ac
501 387 544 442 rel
569 387 598 441 in
621 391 735 442 aeterna
751 386 911 442 habitacula
928 387 1066 442 1111111111
1093 393 1125 442 ut
1147 388 1220 443 viam
1250 390 1399 445 descensus
1429 388 1509 444 nobis
1540 393 1719 457 monstraret,
1753 386 1802 442 sed
1833 385 1928 458 potius

238 478 425 535 assumentur,
452 472 496 526 vel
521 473 549 528 in
574 475 710 545 supplicia
736 474 885 529 inferorum
903 473 1066 545 praecipita·
1092 480 1206 546 propter
1221 479 1357 546 meritum,
1375 477 1554 532 utinfernum
1566 476 1594 530 in
1608 482 1734 531 nostrum
1749 475 1925 528 commodum

237 556 347 614 buntur.
394 557 466 611 lllud
494 559 715 615 administratum
734 562 871 630 priuatim
900 570 925 614 et
954 561 1067 624 occidte,
1094 560 1260 632 destrueret,
1283 580 1318 618 ne
1334 563 1363 616 in
1381 580 1443 618 cum
1462 563 1630 618 descendere
1650 567 1822 633 cogeremur.
1864 558 1928 612 Col·

237 642 288 698 hoc
307 661 372 700 vero
391 645 629 701 administrabitur
647 648 762 716 prabiice
784 656 809 703 et
834 649 989 710 manifesta.
1023 647 1066 701 Pii
1093 645 1159 702 latio
1189 647 1372 704 membrorum
1399 649 1427 703 in
1454 666 1567 719 corpore
1591 648 1708 719 mystico
1734 663 1797 702 cum
1816 644 1928 701 Christo

236 735 343 785 veteres
368 738 531 788 enumerant
562 735 685 804 quinque
712 750 823 797 11111111,
857 740 971 804 propter
999 751 1067 804 quas
1093 733 1184 803 capite
1199 752 1254 789 non
1272 739 1316 789 est
1332 734 1506 789 extendenda
1530 734 1604 789 ultra
1625 735 1756 789 terminos
1775 750 1809 789 ac
1826 732 1929 786 limites

236 817 365 888 generale
391 818 473 883 illud,
503 820 657 876 universale
683 837 715 874 ac
755 820 898 891 publicum
930 820 1066 890 Judicium
1094 819 1122 872 in
1141 821 1225 874 111111
1253 821 1340 875 literis
1366 821 1560 891 praescriptos.
1605 819 1729 875 Christus
1758 823 1855 875 exacto
1881 818 1928 873 de·

235 901 294 957 ficri
311 905 427 970 debeat,
454 906 559 960 etiarnsi
584 907 749 977 particulare
772 923 805 960 ac
831 906 968 976 privatum
988 923 1066 977 prae·
1094 923 1169 959 mum
1186 908 1289 961 11111ιὲ1
1307 925 1381 961 11111
1399 908 1543 976 tripesimo
1570 907 1651 960 tertio
1675 923 1774 977 passus
1799 922 1832 960 ac
1855 923 1928 960 mor·

236 991 356 1045 cesserit
401 992 495 1046 Prima
519 999 561 1048 est
587 994 696 1061 plorioe
725 993 838 1047 divinae
864 994 1068 1056 manifestatio,
1094 999 1159 1046 tuus
1176 1000 1219 1048 est
1238 985 1271 1048 et'
1284 1010 1333 1063 per
1350 993 1506 1064 passionem
1525 992 1640 1047 11111111
1657 993 1687 1047 in
1703 991 1820 1064 gloriam
1838 1007 1926 1045 ruam.

237 1080 270 1130 ut
296 1077 402 1132 scilicet
428 1080 590 1134 ostendatur
615 1078 668 1134 Dei
689 1079 801 1150 J'ustitia
823 1085 851 1135 et
873 1078 1066 1134 misericordia.
1095 1078 1197 1151 Ecquis
1219 1096 1282 1135 vero
1300 1097 1334 1134 cx
1346 1095 1379 1135 eo
1394 1079 1524 1152 colligere
1541 1080 1617 1148 velit,
1635 1080 1709 1150 quod
1724 1095 1804 1133 nemo
1818 1076 1928 1148 piorum
1942 1093 2002 1132 xvir

237 1162 401 1218 cumcuim
420 1165 512 1220 inhac
529 1167 589 1221 rita
602 1165 681 1220 malis
699 1165 771 1222 bene
788 1174 816 1221 et
830 1166 909 1220 bonis
923 1167 994 1220 male
1008 1182 1067 1221 csse
1096 1175 1160 1220 ante
1186 1164 1256 1220 illud
1286 1165 1360 1221 vitae
1391 1172 1502 1236 tempus
1526 1166 1593 1220 mori
1619 1182 1652 1219 ac
1677 1181 1727 1235 per
1749 1170 1865 1219 mortem
1891 1162 1928 1218 ad

236 1249 371 1320 videatur,
391 1269 424 1306 ac
444 1259 590 1324 propterea
610 1253 720 1308 divinae
740 1252 928 1323 providentiae
949 1251 1067 1306 amale-
1095 1251 1169 1306 vitae
1187 1259 1315 1307 aeternae
1331 1252 1499 1307 consortium
1518 1251 1596 1306 evehi
1613 1249 1735 1306 debeat?
1779 1250 1929 1306 Oonfcrme

236 1336 305 1390 volis
334 1339 492 1393 censoribus
519 1339 694 1408 detrahatur,
724 1339 787 1393 ideo
815 1339 964 1393 constituet
990 1336 1067 1392 Deus
1094 1344 1137 1392 est
1158 1337 1221 1392 huic
1245 1345 1408 1409 argumento
1438 1338 1520 1392 illud:
1564 1338 1666 1392 Seruus
1689 1356 1746 1391 non
1771 1345 1811 1390 est
1835 1354 1927 1406 supra

237 1423 325 1489 diem,
357 1425 384 1478 in
414 1443 469 1494 quo
501 1443 593 1481 coram
622 1432 680 1481 toto
703 1426 806 1480 mundo
830 1442 964 1478 summam
988 1440 1067 1478 suam
1094 1427 1250 1492 dominnm,
1283 1444 1334 1480 nec
1359 1427 1516 1496 disciputus
1532 1420 1621 1496 supra
1646 1427 1820 1495 mapistruna.
1858 1425 1929 1479 ι11111

233 1509 371 1578 justitiam
398 1511 529 1566 adversus
553 1512 651 1583 impios
670 1517 699 1568 11
716 1528 850 1566 summam
868 1528 946 1566 suam
964 1510 1066 1565 miseri·
1093 1512 1277 1565 1111111111
1303 1510 1409 1565 Christi
1428 1531 1483 1566 non
1510 1513 1659 1566 adscendit
1682 1513 1712 1564 in
1740 1512 1848 1566 coetum
1872 1510 1930 1564 nisi

236 1596 358 1649 cordiam
379 1613 447 1669 erga
464 1598 524 1669 pios
545 1598 674 1653 ostendat
691 1603 719 1654 et
737 1598 766 1652 in
779 1605 929 1670 conspectu
945 1596 1065 1652 omnium
1092 1607 1213 1653 resumta
1229 1600 1315 1668 prins
1339 1617 1464 1668 corpora.
1508 1602 1587 1669 Erpa
1610 1618 1660 1653 nec
1686 1599 1799 1652 animae
1818 1606 1929 1652 sancto·

236 1682 398 1751 angelorum
430 1691 459 1739 et
488 1685 629 1739 hominum
654 1684 789 1750 declaret,
816 1701 846 1740 se
871 1701 935 1738 cum
961 1701 1068 1738 summa
1093 1704 1155 1739 rum
1183 1687 1279 1740 debent
1311 1689 1484 1741 adscendere
1512 1688 1570 1740 nisi
1587 1689 1716 1741 resunsts's
1753 1687 1929 1756 corporibus.

236 1767 422 1828 misericordia
453 1787 521 1841 erga
550 1771 609 1841 pios
641 1771 718 1825 nulla
752 1770 792 1825 uti
822 1771 986 1826 crudelitate
1022 1770 1067 1824 vel
1093 1771 1316 1842 Respondemus:
1339 1772 1449 1828 Christo
1467 1774 1642 1844 privilegium
1668 1773 1737 1827 illud
1762 1777 1857 1827 manet
1875 1772 1928 1827 illi·

236 1853 372 1924 injustitia
391 1856 523 1912 adversus
543 1857 651 1928 impios,
669 1863 697 1913 et
716 1874 778 1912 cum
798 1874 905 1912 summa
922 1856 1066 1912 severitate
1094 1860 1189 1913 batum
1206 1876 1240 1915 ae
1259 1859 1435 1929 inviolatum,
1462 1860 1536 1930 quod
1557 1868 1620 1913 ante
1637 1858 1820 1914 universalem
1838 1875 1928 1914 resur·

236 1957 304 2013 erga
335 1942 433 2014 impios
466 1946 543 2000 nulla
572 1945 613 2000 uti
642 1952 866 2020 npcarnnotnrptn
894 1945 938 1999 vel
971 1943 1067 2014 iniqua
1093 1944 1242 2000 rectionem
1273 1962 1372 2016 corpus
1403 1944 1551 2016 gloriosum
1586 1945 1737 2016 acceperit,
1773 1946 1859 2017 inque
1894 1963 1927 2000 eo

235 2026 402 2084 liberalitate
423 2048 490 2103 erga
503 2032 571 2102 pios.
603 2032 699 2088 Altera
711 2037 753 2088 est
769 2031 876 2085 0111111·
886 2031 1064 2100 glorificatio.
1093 2030 1198 2085 coelum
1223 2031 1411 2095 adscenderit,
1438 2049 1501 2086 cum
1530 2032 1617 2086 sancti
1637 2031 1788 2086 secundum
1820 2032 1927 2086 animas

235 2115 318 2167 Nunc
336 2119 459 2171 nondum
476 2107 610 2187 uidemus,
630 2118 849 2173 Christoomnia
865 2134 924 2172 esse
941 2117 1065 2185 subjecta
1093 2118 1230 2173 duntaxat
1253 2119 1359 2174 coelum
1391 2118 1590 2189 ingrediantur.
1639 2118 1812 2172 Contrarium
1840 2119 1928 2189 igitur

234 2199 320 2261 Hebr.
339 2208 369 2272 2,
398 2221 424 2260 v.
448 2209 470 2260 8.
493 2210 560 2259 tnnc
585 2221 650 2259 vero
679 2206 767 2259 renim
791 2206 821 2258 in
848 2205 993 2273 majestate
1013 2221 1065 2257 11111
1092 2204 1183 2273 potius
1199 2221 1232 2259 ex
1251 2204 1305 2259 boc
1322 2209 1487 2275 argumento
1500 2203 1595 2258 inferri
1612 2210 1711 2274 potest.
1740 2203 1832 2270 Adde,
1850 2203 1926 2275 quod

234 2285 333 2343 Mattb.
353 2293 401 2358 25,
419 2307 445 2343 v.
466 2296 507 2346 31.
546 2290 623 2348 Sicut
642 2290 671 2345 in
688 2291 777 2362 primo
793 2290 916 2345 adventu
933 2297 1066 2361 tauquam
1092 2291 1196 2346 Christi
1223 2291 1316 2346 anima
1343 2291 1404 2362 ipso
1423 2291 1558 2360 passionis
1582 2290 1627 2344 dic
1647 2290 1732 2345 fuerit
1758 2290 1787 2344 in
1812 2289 1926 2345 coelesti

233 2390 296 2428 reus
315 2375 419 2444 injuste
433 2377 576 2446 judicatus
594 2384 637 2432 est
656 2393 749 2432 coram
765 2375 908 2447 omnibus3
926 2376 966 2431 sic
986 2376 1066 2430 vicis·
1092 2394 1178 2448 regno
1198 2379 1267 2433 Luc.
1289 2383 1335 2443 23,
1364 2383 1451 2434 1111,
1501 2381 1525 2432 4.
1546 2378 1591 2430 At
1611 2376 1722 2430 animae
1751 2385 1776 2430 et
1796 2378 1926 2446 corporis

232 2461 283 2513 sim
303 2461 331 2515 in
351 2463 473 2518 secundo
490 2462 613 2518 adventu
629 2469 761 2536 tanquam
778 2465 872 2534 justus
890 2469 919 2518 11
930 2462 1065 2535 gloriosus
1092 2466 1242 2519 consortio.
1289 2464 1393 2517 Anima
1421 2472 1447 2518 et
1474 2480 1578 2532 corpere
1607 2463 1637 2516 in
1669 2465 1721 2518 bac
1753 2463 1812 2517 1111
1840 2463 1926 2518 mmai

230 2547 318 2616 judex
337 2563 431 2604 omues
448 2549 596 2621 judicabit.
625 2550 722 2605 Tertia
736 2556 778 2605 est
791 2551 906 2620 piorum
923 2551 1065 2605 exaltatio.
1092 2560 1208 2622 eperunt
1225 2551 1299 2604 bona
1317 2559 1342 2605 et
1360 2550 1446 2605 malo.
1488 2551 1567 2618 Erpa
1594 2551 1678 2605 etium
1702 2550 1800 2620 simui,
1826 2556 1854 2604 et
1868 2568 1926 2604 non

189 2639 192 2644 “
231 2633 309 2689 Sicut
328 2635 357 2689 in
374 2635 427 2690 hac
443 2636 502 2691 vita
521 2637 561 2708 pii
581 2637 610 2692 in
630 2637 686 2693 suis
710 2637 907 2694 certaminibus
925 2646 1064 2706 spectacu-
1089 2657 1161 2707 pars
1182 2638 1303 2692 bominis
1323 2656 1381 2691 una
1405 2639 1465 2691 sine
1492 2637 1586 2691 altera
1607 2636 1746 2708 praemiis
1765 2638 1808 2691 oei
1824 2639 1924 2707 poenis

230 2721 289 2774 lum
306 2724 382 2787 facti
401 2732 465 2777 sunt
481 2725 593 2795 mundo,
616 2725 726 2795 crapulis
746 2733 771 2778 et
790 2726 945 2780 horninibus
967 2723 1063 2780 1011.
1091 2725 1174 2790 affici
1196 2726 1282 2781 debet.
1327 2724 1550 2795 Respondemus:
1583 2725 1628 2780 Ad
1657 2741 1741 2796 opera
1764 2731 1823 2778 tum
1842 2723 1924 2789 bona,

230 2813 261 2877 4,
287 2825 312 2861 v.
335 2814 359 2865 9.
379 2809 419 2864 sic
444 2810 473 2864 11
492 2817 614 2866 extremo
637 2810 747 2880 Judicio
764 2827 856 2867 coram
875 2816 933 2866 toto
951 2809 1064 2879 mundo,
1090 2817 1148 2866 tum
1169 2811 1243 2866 mala
1258 2810 1443 2866 diversimode
1462 2817 1631 2866 concurrunt
1656 2811 1728 2865 duae
1745 2810 1810 2865 illae
1830 2826 1923 2865 essen-

222 2894 359 2950 'omnibus
378 2898 485 2967 angelis
509 2904 537 2952 et
559 2896 716 2952 bominibus
742 2914 788 2953 eos
807 2897 924 2953 victores
941 2913 1062 2968 pronun·
1090 2897 1171 2953 tiales
1189 2897 1307 2953 hominis
1326 2904 1432 2969 partes,
1463 2898 1558 2952 anima
1578 2898 1794 2968 principaliter,
1823 2913 1924 2968 corpus

228 2980 293 3035 tiari
320 2988 348 3037 ct
371 2983 497 3037 coronari
521 2998 640 3055 aequum
674 2990 723 3039 est.
769 2986 848 3038 Tunc
865 2985 977 3049 madunt
988 2983 1065 3052 justi
1089 3002 1154 3040 vero
1167 2985 1435 3052 instrumentaliter,
1450 2985 1577 3055 justitiae
1595 2984 1680 3056 igitur
1698 2984 1808 3038 divinae
1826 2984 1923 3040 adrer-

228 3068 259 3121 in
278 3087 381 3139 mopso
399 3070 557 3124 constantia
574 3072 710 3124 1111111111
728 3089 788 3140 eos,
814 3072 864 3140 qui
880 3088 909 3125 se
928 3078 1060 3140 11191111-
1089 3087 1149 3125 sum
1167 3089 1223 3126 non
1242 3077 1292 3136 est,
1312 3072 1432 3126 animam
1449 3071 1525 3142 prius
1544 3071 1667 3141 praemia
1683 3071 1728 3126 vel
1746 3088 1848 3141 poenas
1861 3088 1922 3141 per·

229 3164 327 3209 uerunt
355 3154 419 3226 Sap.
439 3162 470 3221 3,
497 3174 523 3212 v.
543 3163 566 3213 1.
613 3157 720 3221 Quarta
748 3163 792 3213 est
811 3158 1005 3230 praemiorum
1028 3174 1062 3210 ac
1089 3157 1180 3227 cipere
1198 3174 1282 3227 quarn
1298 3174 1406 3228 corpus.
1439 3158 1545 3224 Quodsi
1564 3158 1608 3213 rel
1625 3157 1742 3213 maxime
1760 3174 1815 3213 uon
1834 3158 1921 3226 possi-

225 3260 383 3312 pocnorum
403 3245 608 3300 consummatio.
654 3244 772 3300 Α111111
795 3245 903 3315 piorum
920 3250 949 3300 et
965 3244 1061 3315 impio·
1088 3263 1148 3298 mus
1170 3262 1281 3299 causam
1308 3243 1441 3315 indagare
1472 3243 1516 3298 rel
1542 3244 1706 3314 exprimere,
1741 3261 1827 3316 quare
1844 3243 1921 3299 Deus

229 3346 290 3382 rum
309 3346 326 3382 a
343 3329 505 3400 corporibus
524 3337 669 3401 separatae
694 3331 772 3386 initia
792 3331 927 3386 duntaxat
941 3330 1060 3386 beatitu·
1088 3331 1214 3397 noluerit,
1232 3348 1332 3401 corpus
1352 3332 1447 3385 statim
1470 3348 1527 3386 111
1544 3348 1607 3385 cum
1626 3333 1719 3386 anima
1737 3330 1921 3402 praemiorum

228 3415 300 3469 dinis
325 3421 353 3471 ct
379 3416 562 3473 damnationis
593 3418 761 3490 percipiunt,
794 3424 860 3473 tunc
888 3436 953 3474 vero
986 3423 1061 3474 totus
1087 3434 1121 3471 11
1149 3432 1299 3487 poenarum
1328 3419 1467 3489 particeps
1497 3417 1570 3486 fieri,
1600 3423 1692 3472 tamen
1721 3417 1750 3470 in
1776 3417 1921 3472 voluntate

228 3501 311 3556 bomo
339 3504 431 3559 anima
458 3511 486 3559 et
517 3523 632 3577 corpore
667 3513 796 3561 constans
819 3505 994 3576 iudicabitur
1027 3522 1061 3560 ac
1088 3504 1182 3558 divina
1200 3504 1229 3559 in
1248 3504 1333 3558 verbo
1353 3504 1477 3559 revelata
1502 3503 1599 3559 humili
1616 3503 1682 3559 111111
1699 3503 1858 3559 obedientia
1875 3520 1920 3558 ac·

228 3589 412 3657 praemiorum
439 3590 483 3646 vel
509 3607 661 3661 poenarum
688 3592 917 3662 complementum
943 3593 972 3648 in
1003 3608 1061 3647 cor·
1088 3589 1228 3660 quiescere
1245 3589 1381 3646 convenit
1414 3592 1484 3645 ,111
1504 3591 1733 3646 collationecum
1752 3591 1921 3645 daemonum

228 3691 295 3744 pore
313 3677 456 3747 percipiet.
502 3679 606 3743 Quinta
633 3685 675 3733 est
702 3680 835 3733 bonorum
862 3697 896 3733 11
922 3679 1060 3733 malorum
1086 3676 1235 3745 simplicio.
1267 3680 1426 3730 Daemones
1444 3679 1568 3731 nondum
1581 3677 1735 3739 ininferna
1751 3678 1919 3747 puniuntur,

229 3780 343 3831 operum
362 3765 455 3817 adbuc
476 3766 586 3817 durans
605 3765 800 3821 consideratio.
839 3765 968 3821 Nondum
987 3765 1059 3820 enim
1086 3764 1139 3815 ssd
1156 3764 1198 3816 ad
1215 3762 1288 3817 diem
1307 3763 1413 3831 judicii
1423 3763 1559 3832 puniendi
1574 3771 1763 3828 reservantur,
1779 3761 1879 3819 Matth.
1895 3768 1920 3831 8,

227 3856 292 3904 sunt
327 3849 406 3904 finita
441 3850 514 3904 bona
549 3850 593 3904 rel
629 3851 703 3904 mala
737 3868 822 3921 opera
858 3851 1058 3909 defunctorum.
1087 3865 1112 3901 v.
1134 3854 1174 3904 29.
1206 3848 1274 3905 Luc.
1293 3855 1323 3919 8,
1349 3867 1373 3904 v.
1393 3855 1435 3906 31.
1467 3855 1490 3904 2.
1510 3850 1586 3904 Petri
1607 3855 1637 3919 1,
1659 3867 1684 3905 v.
1704 3856 1728 3906 4.
1761 3849 1828 3904 Jud.
1846 3867 1871 3903 r.
1891 3855 1916 3905 6.

227 3934 384 4006 Prophetae
411 3942 439 3990 ct
456 3935 575 4006 apostoli
599 3936 709 4006 scriptis
734 3941 762 3990 ct
784 3937 909 4009 exemplo
927 3937 1060 3993 ecclesiae
1086 3937 1165 4003 Erpa
1188 3937 1286 3990 eodem
1314 3936 1424 3989 videtur
1448 3954 1511 3990 sors
1542 3937 1690 4004 impiorum
1719 3946 1782 3992 ante
1807 3937 1919 4006 judicii

226 4021 318 4075 adbuc
336 4021 505 4090 inserviunt,
528 4020 736 4076 haeresiarchae
759 4022 870 4093 scriptis.
891 4024 949 4078 suis
969 4024 1059 4080 adhuc
1086 4023 1168 4076 diem.
1214 4023 1248 4077 Si
1266 4030 1357 4076 autem
1383 4023 1466 4092 impii
1488 4041 1544 4077 non
1559 4024 1731 4091 puniuntur,
1752 4024 1848 4093 utique
1868 4040 1918 4079 nee

226 4116 333 4165 mentes
356 4109 497 4164 hominum
523 4115 715 4178 corrumpunt,
746 4108 796 4164 sed
823 4110 934 4181 quando
958 4112 987 4165 in
1013 4111 1058 4167 dic
1080 4109 1128 4178 pii
1152 4117 1373 4162 remunerantur.
1415 4108 1640 4179 Respondemus:
1672 4108 1830 4166 Daemones
1857 4111 1917 4166 ubi·

222 4197 323 4266 judicii
350 4215 407 4252 una
433 4214 495 4253 cum
523 4196 584 4267 ipso
610 4196 713 4250 mundo
737 4196 810 4250 bona
831 4205 859 4252 at
883 4199 1058 4270 malaopera
1084 4211 1194 4265 cunque
1218 4201 1295 4264 sunt,
1326 4212 1406 4248 suum
1434 4211 1528 4250 secum
1552 4195 1690 4251 infernum
1712 4195 1918 4268 circumferunt,

226 4283 419 4338 defunctorum
439 4283 577 4349 finientur,
596 4291 662 4339 tunc
676 4283 772 4338 ultima
786 4288 815 4338 ct
828 4284 981 4340 decretoria
998 4303 1058 4340 sen·
1084 4288 1149 4336 sunt
1181 4280 1254 4335 enim
1283 4298 1300 4334 a
1330 4297 1415 4351 regno
1440 4280 1493 4335 Dei
1523 4288 1643 4336 extorres
1669 4288 1697 4336 et
1723 4299 1741 4337 a
1767 4280 1839 4337 11111
1863 4283 1918 4340 Ι)11

225 4371 312 4425 tentia
343 4370 454 4426 feretur.
502 4375 529 4428 3.
559 4371 586 4423 Α
623 4371 729 4424 Christi
764 4372 896 4441 eosmplo.
953 4371 1060 4426 Christi
1082 4368 1207 4439 projecti.
1254 4366 1294 4423 Ut
1320 4366 1393 4421 enim
1417 4366 1506 4422 sancti
1531 4368 1638 4439 angeli,
1668 4369 1716 4439 qui
1741 4367 1771 4422 in
1798 4368 1917 4426 veritate

225 4458 321 4509 anima
346 4467 414 4527 post
442 4458 647 4526 separationem
678 4476 696 4510 a
726 4474 845 4527 corpore
874 4477 930 4512 non
962 4460 1057 4512 statim
1083 4460 1225 4518 steterunt,
1245 4471 1354 4524 semper
1370 4455 1465 4507 uident
1481 4455 1586 4518 sociem
1600 4455 1708 4520 Patris,
1726 4455 1821 4524 quiin
1839 4457 1917 4511 coelo

225 4545 372 4597 1111111111
390 4545 420 4597 in
438 4544 554 4606 eoelum,
573 4546 624 4598 sed
635 4544 720 4612 prius
739 4545 882 4598 descendit
897 4544 1057 4611 edisseras
1083 4540 1311 4611 est,Matth.18,
1339 4557 1363 4593 v.
1386 4546 1426 4595 10.
1447 4539 1487 4594 sic
1505 4540 1571 4594 mali
1591 4540 1693 4612 angeli,
1711 4542 1758 4612 qui
1776 4542 1917 4612 proprium

224 4640 249 4684 et
274 4639 342 4702 post
369 4631 600 4685 resurrectionem
633 4631 727 4684 earnis
750 4634 863 4686 tandem
892 4632 922 4685 in
952 4633 1055 4687 eoelum
1083 4645 1164 4683 suum
1184 4625 1721 4698 111111111111111111111111111,1111111
1739 4627 1793 4682 Dei
1811 4627 1917 4684 visione

223 4716 379 4771 adsccndit.
424 4717 504 4787 Drpo
533 4725 559 4770 et
588 4725 750 4771 sanctorum
782 4720 894 4773 animae
919 4737 974 4772 uon
1002 4720 1058 4773 nisi
1083 4721 1149 4769 sunt
1161 4713 1275 4782 remoti,
1291 4712 1368 4784 atqui
1389 4714 1485 4766 Deum
1498 4731 1554 4767 non
1572 4714 1669 4767 uidere
1687 4721 1801 4783 superat
1821 4716 1917 4768 omnia

218 4810 286 4871 post
303 4820 452 4875 corporum
471 4804 703 4858 resurrectionem
717 4805 758 4857 ad
771 4806 878 4859 coelum
899 4805 1056 4859 acciuntur.
1082 4802 1224 4870 pebennae
1244 4800 1395 4868 simplicio.
1438 4799 1506 4854 Ideo
1523 4806 1615 4854 autern
1635 4800 1765 4854 dicuntur
1782 4802 1916 4856 reservari

223 4888 331 4944 Obristi
347 4893 419 4945 enim
438 4892 564 4960 requies,
592 4892 761 4946 resurrectio
787 4901 814 4946 et
834 4892 982 4946 adscensio
1000 4894 1057 4955 fuit
1082 4887 1183 4943 futuris
1211 4886 1354 4940 tormentis
1386 4903 1419 4941 ac
1443 4886 1609 4957 praecipites
1635 4887 1663 4941 in
1690 4885 1824 4957 abyssum
1855 4904 1915 4942 sese

224 4978 368 5048 coemptor
386 4986 500 5031 nostrae
520 4978 634 5047 1111111,
660 4978 874 5032 resurrectionis
899 4986 924 5030 ct
941 4980 1056 5033 adscen-
1082 4973 1144 5044 rapi
1176 4974 1373 5043 deprecantur,
1403 4974 1469 5044 quia
1499 4973 1731 5046 complementum
1765 4990 1917 5043 poenarum

222 5066 318 5119 sicma
361 5063 423 5118 Hoc
449 5073 644 5135 argumentum
670 5073 752 5137 urget
781 5066 912 5121 benacus
941 5064 1002 5119 libr.
1031 5072 1056 5120 5.
1082 5078 1137 5115 non
1154 5061 1245 5114 minus
1264 5058 1317 5130 ipsi
1335 5076 1420 5130 quarn
1437 5060 1513 5131 impii
1532 5061 1561 5115 in
1581 5061 1626 5116 die
1641 5060 1915 5132 judiciipercipicng

221 5151 283 5208 adv.
302 5149 405 5207 haeres.
420 5150 493 5205 circa
513 5148 559 5203 111.
588 5150 797 5221 Respondemus
815 5168 865 5224 per
882 5151 1054 5207 instantiam:
1081 5149 1193 5219 quando
1224 5145 1353 5202 infernali
1390 5147 1492 5201 carceri
1524 5146 1637 5201 inclusis
1672 5146 1764 5202 nullus
1796 5147 1914 5219 amplius

223 5236 350 5291 Christus
370 5237 469 5292 latroni
484 5236 560 5303 dicit,
577 5238 777 5294 bodiemecum
789 5238 888 5293 crisin
904 5239 1055 5308 paradiso,
1079 5235 1188 5306 patebit
1209 5234 1306 5290 exitus.
1352 5235 1377 5290 6.
1396 5235 1440 5286 111
1467 5233 1626 5288 animarum
1650 5243 1812 5289 sanctarum
1842 5236 1915 5309 desi·

123 5383 127 5393 ,
220 5324 317 5396 utique
342 5341 408 5396 ergo
432 5324 519 5396 ipsius
544 5324 636 5378 anima
663 5324 724 5395 ipso
750 5324 885 5396 passionis
905 5330 934 5380 et
959 5326 1054 5380 mortis
1079 5325 1169 5377 deria.
1212 5321 1326 5375 Animae
1358 5327 1508 5392 separatae
1535 5331 1665 5392 expetunt
1688 5323 1821 5377 unionem
1853 5340 1914 5377 oum

221 5410 265 5465 die
287 5411 332 5464 ‘ud
371 5410 531 5481 paradisum
569 5410 722 5483 emigravit.
774 5410 927 5466 Descendit
961 5418 1052 5466 autern
1078 5409 1251 5464 resuscitatis
1265 5408 1436 5477 corporibus,
1458 5407 1785 5479 desiderantcorporum
1798 5427 1913 5465 suorum

218 5502 316 5569 postea
327 5501 506 5568 coascendite
517 5498 554 5554 ad
572 5497 675 5554 inferos
694 5512 749 5552 non
760 5504 873 5570 propter
886 5496 1051 5568 cuempiam,
1078 5496 1311 5568 plurificatiouem
1329 5501 1356 5549 et
1379 5493 1520 5548 vindictas
1537 5499 1764 5565 persecutoribus
1782 5498 1914 5570 irrepan-
