4104 6014
915 215 969 273 ΒΕ
985 213 1128 272 MORTE.
1806 224 1868 285 287

165 372 261 430 divino
288 371 454 429 interiorem.
505 371 536 429 si
565 371 653 427 omnis
681 375 793 445 λατρεία
818 377 927 428 tantum
949 370 1004 425 illis
1031 367 1175 425 hominum
1201 370 1230 424 in
1256 369 1309 426 bac
1338 370 1411 443 vita,
1442 387 1476 427 ac
1506 372 1623 442 proinde
1648 372 1737 428 alium
1755 373 1870 440 cultum

168 460 278 517 duobus
294 459 395 516 officiis
413 458 601 525 concluditur,
626 477 734 513 samma
751 460 859 514 seilicet
876 460 1003 514 solante·
1016 484 1018 501 ι
1029 460 1098 524 puta
1122 455 1284 526 religiosum
1311 461 1339 512 et
1365 457 1394 511 in
1412 456 1502 527 prima
1530 457 1657 529 decalogi
1674 457 1772 513 tabula
1792 474 1870 529 prae·

164 547 203 601 tis
225 547 430 615 prostratione,
460 553 486 599 et
512 547 574 614 ejus
602 548 679 614 meod
705 547 817 616 λατρεία
844 546 947 600 colitur
974 508 1164 627 ntiscriptum
1184 541 1235 596 soli
1253 540 1323 611 Deo,
1341 543 1428 598 alium
1447 543 1579 599 bonorem
1597 543 1738 600 defunctis
1757 543 1868 612 unctis,

162 632 253 702 primi
266 631 409 704 principii
435 639 461 686 et
485 632 580 686 ultimi
606 632 683 696 ίῐηίν,
710 633 838 700 adeoque
861 631 962 683 rammi
978 627 1114 684 etlalium
1146 626 1318 694 viventibus,
1349 629 1377 684 in
1406 635 1480 684 terra
1507 629 1665 685 homiuibus
1691 630 1870 687 tribuendum

165 718 286 772 inor-eati
308 718 379 771 entis
403 735 422 770 a
443 716 546 770 reinna
571 715 637 769 boni
655 716 891 784 apprehensione,
910 730 1103 782 conse-,essm
1129 713 1158 768 iu
1182 730 1237 785 quo
1263 713 1407 783 probando
1433 714 1617 769 Bellnrminus
1643 714 1793 787 prolixam,
1820 717 1869 772 sed

166 819 253 875 quens
271 803 369 866 fuerit,
393 802 497 857 nullam
517 799 651 855 committi
671 799 869 868 idololatriam,
896 800 948 854 nisi
967 782 1217 856 ablfrmtrsnean
1246 800 1326 871 pouit
1355 816 1467 871 operam
1498 816 1521 855 e.
1540 805 1577 856 13,
1604 801 1654 855 sed
1677 818 1712 856 ex
1735 817 1768 858 eo
1792 801 1870 858 nulla

166 889 215 955 iis,
243 889 292 961 qui
326 905 384 943 rem
413 893 534 942 creatam
573 893 605 940 ut
636 886 754 955 primum
779 886 945 956 principium
972 859 1245 1001 asloensequcutiac
1265 887 1329 958 lege
1345 888 1470 953 infertur,
1491 895 1602 943 sanctos
1621 905 1682 944 ease
1699 889 1870 944 invocandos
1883 900 1958 945 avua
1973 898 2018 943 tot.

169 992 305 1030 summum
324 975 427 1029 bonum
456 971 668 1043 apprehendunt
692 988 725 1025 ne
743 971 913 1026 voluntatem
926 976 1060 1047 auam,et
1082 971 1165 1025 talem
1182 971 1298 1041 duliam,
1325 973 1435 1044 qualem
1454 972 1594 1030 Pontifieii
1622 974 1692 1044 ipsis
1710 973 1868 1043 vendicant,

167 1077 260 1115 eoram
276 1076 311 1115 eo
337 1075 443 1113 summe
463 1063 650 1129 prosternunt
698 1056 754 1112 Sed
773 1073 944 1127 consequens
964 1063 1006 1110 est
1017 1056 1020 1167 l
1032 1055 1136 1112 eisdem
1156 1074 1215 1113 esse
1233 1059 1418 1128 tribuendam,
1435 1060 1596 1130 proceditur
1614 1060 1687 1115 enim
1699 1060 1752 1116 hac
1764 1061 1869 1118 ratione

167 1146 328 1200 absurdum.
360 1144 436 1213 Ergo
454 1150 482 1199 ct
496 1141 672 1199 antecedens.
703 1142 844 1197 Connexio
863 1141 1049 1212 probatur„a
1068 1160 1169 1213 genere
1191 1144 1403 1200 indeterminato
1432 1146 1467 1200 ad
1487 1153 1592 1201 certam
1610 1152 1639 1201 et
1659 1146 1870 1203 determinatum

168 1232 235 1302 quia
264 1233 478 1300 είδωλολατρεία
510 1236 554 1284 est
583 1232 710 1298 λατρείας
739 1228 776 1282 ad
806 1234 947 1283 creaturas
979 1214 1165 1323 etispeciem,
1190 1230 1227 1285 ab
1251 1230 1355 1287 honore
1378 1236 1405 1286 et
1428 1233 1505 1287 cultu
1530 1232 1558 1285 in
1584 1247 1686 1302 genere
1710 1233 1747 1287 ad
1763 1233 1869 1289 cultum

168 1317 267 1373 fictitia
284 1316 398 1373 numina
417 1315 568 1371 translatio.
600 1316 765 1370 Assumum
778 1314 920 1385 probatur,
940 1314 1200 1385 quia¹rsligiosum
1239 1317 1329 1380 Quem
1358 1323 1387 1371 et
1421 1317 1532 1387 qualem
1563 1317 1695 1372 honorem
1723 1319 1869 1389 Scriptura

168 1403 313 1458 Israiilitae
334 1404 362 1457 in
388 1401 561 1475 μασχοπονΐᾳ
584 1407 630 1456 καλ
657 1405 861 1474 μοσχαλατρείᾳ
884 1372 1171 1489 commit-{defunctis
1202 1403 1306 1456 sancus
1334 1402 1454 1464 tribuat,
1486 1419 1520 1456 ex
1549 1402 1621 1466 illia,
1647 1420 1720 1473 quae
1738 1405 1775 1458 de
1795 1410 1870 1460 statu

170 1494 260 1545 tentes
283 1490 467 1545 idololatriam
494 1506 549 1544 non
578 1488 657 1544 fuere
681 1495 738 1542 tam
757 1487 888 1543 vecordes
912 1494 940 1540 et
957 1485 1202 1556 arb-'quaestionis
1241 1487 1318 1541 dicta
1359 1495 1425 1542 sunt
1459 1487 1599 1558 superius,
1640 1489 1736 1560 colligi
1770 1495 1870 1561 potest.

170 1576 261 1644 surdi,
287 1581 319 1630 ut
335 1575 455 1630 vitulum
479 1581 545 1631 ante
563 1572 696 1643 pauculas
723 1572 805 1628 hores
824 1590 858 1628 ex
877 1589 945 1627 auro
964 1571 1006 1627 fu·
1035 1577 1058 1626 5.
1073 1570 1213 1627 Pontifioii
1234 1578 1373 1628 nunaunt
1392 1572 1516 1628 contenti
1533 1572 1587 1627 illis
1607 1572 1741 1629 limitibus
1759 1574 1870 1629 honoris

170 1680 232 1717 sum
249 1662 385 1716 haberent
400 1677 451 1731 pro
470 1676 578 1716 summo
594 1664 623 1714 et
634 1660 758 1715 increato
776 1659 897 1714 omnium
915 1675 1006 1714 rerum
1033 1656 1062 1709 in
1080 1656 1224 1727 Scriptura
1247 1657 1383 1727 definitis,
1405 1659 1453 1713 sed
1478 1659 1606 1713 tribuunt
1633 1659 1736 1714 sanctis
1756 1659 1869 1727 duliam,

171 1747 319 1820 principio,
345 1764 396 1802 nse
422 1747 545 1803 saniores
569 1747 688 1818 gentiles
709 1746 793 1818 lignis
817 1751 846 1800 et
864 1745 1006 1815 lapidibus
1033 1758 1116 1812 quam
1135 1742 1176 1797 sie
1195 1741 1346 1806 definiunt,
1367 1746 1445 1813 quoti
1463 1745 1501 1796 sit
1518 1745 1613 1798 media
1631 1747 1771 1814 ρννααάανι
1787 1745 1868 1799 incli-

169 1834 223 1890 boc
250 1833 424 1902 tribuebant,
452 1833 528 1902 quod
555 1838 648 1888 essent
670 1832 790 1903 primum
816 1837 846 1885 et
870 1848 1006 1885 summum
1031 1828 1110 1882 natio
1127 1829 1353 1882 noluntatiscam
1371 1829 1594 1898 apprehensione
1608 1830 1786 1884 melantiae
1802 1832 1869 1899 plus

171 1921 292 1974 omnium
318 1935 410 1973 rerum
436 1916 616 1988 principium,
646 1918 695 1971 sed
725 1917 837 1987 utrique
861 1918 1008 1971 voluerunt
1032 1931 1115 1981 qaam
1123 1915 1398 1967 bumanaeetminas
1410 1916 1621 1983 qaamdioinae,
1632 1915 1760 1986 religiose
1773 1934 1819 1971 eos
1829 1917 1870 1971 in·

172 2008 261 2061 lleum
289 2005 359 2061 coeli
384 2010 530 2075 terraeque
552 2010 704 2059 creatorem
730 2019 781 2073 per
802 2003 852 2056 has
872 2002 1008 2073 imagines
1033 2007 1140 2063 vocant,
1158 1998 1292 2054 beneficia
1312 2000 1468 2069 spiritualia
1488 2006 1516 2054 et
1535 2001 1689 2070 corporalia
1708 2002 1744 2055 ab
1763 2002 1802 2056 eis
1821 2020 1868 2072 pe·

171 2092 276 2153 colere,
309 2089 395 2144 nibilo
413 2094 506 2145 umen
537 2089 627 2143 minus
654 2089 764 2159 utrique
784 2089 954 2143 idololatrias
979 2088 1006 2141 in
1033 2091 1110 2153 tunr,
1136 2084 1241 2139 moritis
1261 2102 1355 2139 eorum
1384 2084 1539 2153 eorriidunt,
1566 2085 1702 2139 honorant
1724 2102 1772 2141 eos
1791 2089 1870 2155 votis,

97 2231 99 2235 ,
171 2177 323 2249 seripturis
340 2181 515 2243 accusantur,
535 2174 575 2229 illi
593 2175 706 2245 quidem
723 2175 811 2230 Exod.
830 2180 871 2241 32,
890 2191 915 2228 v.
937 2180 960 2229 4.
981 2180 1008 2229 et
1031 2170 1156 2240 jejuniis,
1174 2170 1446 2241 peregrinationibus
1467 2177 1517 2225 etc.
1550 2171 1637 2240 Atqui
1655 2171 1690 2225 ad
1710 2173 1869 2243 religiosum

170 2280 247 2334 seqq.
278 2269 300 2317 1.
326 2261 395 2332 Reg.
424 2267 470 2328 lt,
505 2277 530 2314 v.
559 2266 601 2316 28.
629 2259 739 2314 bivero
765 2259 843 2316 Rom.
867 2268 893 2326 1,
921 2279 946 2315 v.
967 2265 1007 2314 ⁶23.
1034 2256 1170 2324 ejusmodi
1189 2256 1294 2311 cultum
1312 2274 1367 2310 non
1382 2256 1486 2310 sufficit
1504 2256 1802 2326 quaeviaexcellentia,
1821 2259 1871 2314 sed

172 2354 196 2403 2.
210 2349 299 2404 Dece
319 2364 375 2401 uon
392 2363 486 2401 sumus
504 2346 653 2400 admodum
672 2345 781 2413 soliciti,
799 2363 854 2416 quo
871 2346 1007 2401 vocabulo
1032 2341 1183 2411 requiritur
1212 2358 1319 2396 summa
1346 2349 1374 2395 et
1398 2341 1492 2395 divina
1527 2341 1692 2396 excellentia
1722 2360 1778 2398 uua
1806 2361 1869 2399 eum

172 2432 276 2489 cultum
310 2433 405 2497 illum,
445 2448 527 2502 quem
564 2431 667 2484 sanctis
696 2430 834 2485 defunctis
871 2426 1204 2500 tribuunt,5obligntione
1227 2429 1305 2497 ejus,
1336 2428 1384 2498 qui
1412 2428 1490 2494 colit,
1521 2429 1556 2482 ud
1584 2445 1661 2492 eum,
1690 2429 1739 2499 qui
1763 2429 1869 2484 colitur.

172 2518 312 2575 Pontificii
332 2518 524 2580 denominent,
548 2516 598 2571 sed
623 2515 692 2586 quid
716 2515 868 2570 seeundum
887 2508 1129 2586 spiritualitatis
1148 2513 1209 2582 ipsa
1227 2513 1314 2583 igitur
1331 2513 1462 2579 ostendit,
1480 2516 1618 2586 tarpeiae,
1636 2530 1718 2585 quam
1736 2515 1787 2570 soli
1807 2516 1869 2571 Deo
1968 2553 1979 2571 .

176 2604 265 2658 sancti
290 2603 428 2674 judicium
458 2601 486 2655 in
510 2600 658 2670 Scripturis
685 2600 837 2654 revelatum
861 2602 896 2656 de
920 2619 953 2656 eo
971 2603 1007 2656 sit
1033 2614 1094 2652 sese
1113 2598 1267 2668 relinquere
1299 2598 1443 2666 dictitant,
1467 2606 1494 2654 et
1518 2599 1627 2663 dulian,
1658 2618 1741 2671 quam
1767 2604 1870 2658 sanctis

171 2689 413 2759 pronuntiandum.
466 2687 508 2742 Ea
528 2702 592 2741 vero
613 2686 758 2741 manifeste
782 2688 870 2756 docet,
894 2686 1007 2742 idolola-
1033 2682 1177 2749 deterunt,
1195 2682 1323 2757 omuibus
1340 2699 1487 2737 cananum
1504 2684 1653 2754 generibus
1670 2686 1787 2740 invicem
1805 2704 1869 2742 con·

171 2775 251 2830 triam
269 2792 345 2840 esse,
363 2775 387 2829 si
405 2776 497 2829 cultus
513 2773 658 2843 religiosae
676 2773 857 2828 invocationis
875 2775 925 2829 soli
945 2775 1006 2831 Deo
1032 2769 1135 2825 venire·
1168 2770 1263 2823 Cauta
1280 2770 1408 2835 officient
1426 2769 1569 2839 utriusque
1587 2776 1630 2825 eoi
1648 2787 1725 2825 mena
1743 2772 1871 2841 bominis,

172 2861 281 2916 debitur
316 2861 377 2916 aliis
407 2860 555 2916 tribuatur.
609 2858 687 2914 Nihil
721 2875 788 2929 ergo
812 2860 889 2914 aliud
919 2867 1007 2931 agunt
1033 2871 1106 2924 quae
1123 2860 1151 2909 et
1168 2855 1259 2909 Deum
1278 2862 1306 2910 et
1324 2861 1435 2910 sanems
1454 2854 1618 2926 alloquitur,
1642 2874 1713 2927 quae
1730 2857 1824 2913 Deum
1842 2865 1870 2915 et

170 2946 318 3015 Pontificii,
336 2962 420 3017 quam
438 2950 470 2999 ut
483 2943 537 3001 sub
554 2944 665 2999 nomine
683 2947 809 3005 δουλείας
823 2945 1006 3002 idololatriam
1033 2947 1143 2994 sanctos
1172 2941 1238 2995 colit
1262 2948 1347 3013 atque
1374 2942 1493 2996 invocat.
1547 2942 1641 2996 Causa
1662 2945 1800 3011 famatis
1828 2952 1870 3000 est

171 3049 249 3087 suam
280 3031 419 3086 occultent
446 3037 531 3103 etque
556 3030 679 3098 pallient.
728 3036 752 3090 3.
776 3029 894 3094 Quando
921 3031 1007 3103 igitur
1032 3026 1136 3080 fiducia
1155 3026 1322 3096 impetrandi
1338 3028 1416 3096 illud,
1435 3029 1509 3098 quod
1529 3029 1645 3097 petitur,
1675 3048 1746 3100 quae
1766 3030 1869 3087 utrobi·

170 3123 283 3189 negant,
304 3119 333 3171 in
350 3125 513 3171 sanctornm
533 3117 710 3172 invocatione
726 3117 924 3171 idololatriam
943 3136 961 3169 a
976 3134 1006 3170 ae
1033 3128 1087 3182 que
1106 3112 1198 3166 locum
1216 3112 1312 3181 habet,
1335 3128 1529 3184 quamcunque
1552 3115 1624 3168 enim
1643 3115 1814 3185 invocamus,
1839 3117 1868 3171 iu

170 3203 312 3272 committi,
328 3210 483 3274 propterea
501 3204 579 3272 quod
589 3221 645 3257 non
665 3198 791 3256 imbuant
808 3203 915 3257 sanctis
935 3203 1006 3257 dini·
1032 3199 1110 3253 illum
1134 3199 1217 3254 etiam
1236 3198 1367 3255 fiduciam
1390 3200 1557 3256 collocamus
1582 3208 1611 3254 et
1632 3203 1670 3256 ab
1700 3218 1733 3258 co
1752 3219 1802 3258 uos
1823 3221 1868 3260 ex·

171 3308 237 3344 nam
264 3296 289 3343 et
316 3289 454 3358 infinitam
488 3288 680 3342 exceltentiam
714 3307 763 3343 nec
788 3290 909 3343 habeant
939 3288 1006 3344 ilios
1033 3285 1121 3338 audiri
1141 3284 1313 3349 confidimus,
1331 3285 1411 3342 Rom.
1433 3292 1472 3355 λθ,
1494 3305 1518 3343 v.
1539 3293 1580 3341 λλ.
1616 3287 1746 3342 Materia
1764 3288 1868 3344 utrobi·

166 3393 223 3445 pro
239 3376 349 3443 primo,
379 3391 501 3441 rosamo,
527 3382 640 3429 aeterno
672 3382 698 3429 et
722 3375 831 3442 infinito
852 3376 1005 3445 principio,
1031 3387 1085 3442 que
1118 3378 1161 3425 est
1185 3372 1295 3449 eadem,
1324 3379 1382 3427 tam
1408 3373 1480 3426 enim
1502 3389 1520 3427 a
1543 3374 1645 3427 sanctis
1676 3391 1727 3444 per
1755 3376 1868 3437 duliam,

171 3462 339 3516 obvertimus
353 3460 422 3526 illia,
446 3459 520 3530 quod
540 3458 626 3514 Satan
644 3476 662 3514 a
681 3459 790 3515 Christo
807 3456 1005 3536 προσκύνησιν,
1031 3474 1115 3528 quam
1148 3474 1165 3512 a
1195 3457 1255 3512 Deo
1284 3475 1334 3528 per
1365 3458 1473 3512 latriam
1501 3457 1636 3513 beneficia
1663 3461 1816 3530 corporalia
1840 3467 1870 3517 et

170 3545 394 3617 prostrationem,
419 3545 626 3600 inclinationem
651 3552 680 3600 ct
704 3545 863 3602 servitutem
888 3546 941 3602 sibi
960 3563 1004 3601 ex·
1033 3543 1189 3614 spiritualia
1208 3550 1315 3613 petunt.
1359 3543 1453 3597 Causa
1469 3546 1567 3611 finalis
1585 3546 1680 3601 itidem
1697 3547 1795 3601 eadem
1816 3553 1868 3617 eat,

170 3632 259 3687 hiberi
276 3631 408 3702 flagitans
432 3629 580 3698 Matini,
611 3649 636 3685 v.
656 3636 681 3686 e.
700 3631 766 3687 Luc
790 3639 820 3701 4,
848 3651 874 3689 v.
897 3639 919 3691 i.
948 3652 1002 3689 non
1032 3629 1098 3699 quia
1122 3629 1151 3682 in
1180 3629 1300 3699 eorporis
1324 3636 1354 3685 et
1383 3631 1491 3685 animae
1519 3632 1734 3686 emolumentum
1766 3639 1823 3686 tam
1849 3649 1868 3687 a

170 3718 284 3791 petebat
306 3717 465 3786 aChristo,
490 3733 521 3772 ae
544 3716 642 3772 baberi
667 3717 793 3774 absolute
816 3737 867 3788 pro
890 3718 951 3775 Deo
975 3726 1003 3776 et
1031 3715 1133 3768 sanctis
1153 3731 1234 3785 quum
1253 3714 1343 3769 aDeo
1364 3715 1497 3784 ejusmodi
1517 3716 1591 3770 bona
1602 3723 1742 3786 petuntur.
1773 3718 1865 3780 Quod-

171 3819 278 3859 summo
299 3802 449 3874 principio,
481 3802 593 3857 dicebat
619 3803 691 3857 enim
715 3806 786 3858 mibi
809 3807 916 3858 tradita
940 3815 1003 3859 arnt
1033 3817 1095 3854 nam
1122 3817 1189 3871 ergo
1215 3801 1363 3855 discrimen
1387 3810 1512 3856 remanet
1535 3802 1606 3856 inter
1624 3805 1755 3858 δουλείαν
1773 3809 1801 3858 et
1820 3807 1866 3859 λα-

169 3908 258 3958 repno
276 3898 388 3958 terrae;
411 3887 589 3942 nibilominus
615 3895 707 3942 tamen
734 3889 877 3944 aChristo
896 3892 1004 3961 repelli·
1031 3887 1143 3956 tortor?
1201 3887 1295 3941 Latris
1329 3892 1371 3942 eat
1399 3888 1462 3942 talio
1498 3890 1643 3960 religiosus
1676 3889 1782 3959 cultus,
1810 3907 1866 3961 quo

170 3981 232 4041 tur,
251 3992 284 4030 ac
303 3976 327 4031 ai
344 3975 545 4030 idololatricam
557 3974 662 4029 cultum
680 3975 855 4045 postulasset,
873 3968 900 4032 et
919 3994 1004 4047 eppo·
1030 3973 1206 4043 agnoscimus
1226 3989 1301 4040 eum,
1325 3989 1406 4042 quern
1425 3973 1600 4038 invocamus,
1620 3992 1679 4031 esse
1699 3974 1867 4047 καρδαογνώ·

170 4064 245 4123 nitur
263 4061 305 4115 illi
326 4061 468 4116 madatum
487 4061 625 4127 divinum,
644 4062 797 4115 Dominum
814 4064 909 4116 Deam
929 4071 1003 4117 taam
1031 4077 1106 4126 στην,
1127 4058 1223 4113 audire
1241 4064 1350 4112 nostras
1361 4075 1466 4129 preces,
1484 4076 1517 4114 ac
1537 4068 1612 4116 serto
1630 4061 1776 4127 credimus,
1790 4064 1864 4133 quod

169 4148 305 4202 admotis
323 4155 349 4200 et
368 4147 415 4200 itti
432 4147 490 4200 soli
508 4149 614 4201 servies
628 4140 728 4204 Matth.
748 4155 772 4214 4,
789 4164 815 4204 v.
834 4154 873 4205 lo.
890 4149 956 4203 Luc.
979 4156 1004 4213 l,
1032 4145 1100 4200 velit
1125 4151 1153 4199 et
1171 4144 1259 4214 possit
1275 4144 1356 4199 nobis
1381 4144 1411 4199 in
1430 4145 1504 4200 omui
1523 4146 1691 4201 adversitate
1708 4163 1867 4203 succurrere

170 4251 193 4290 v.
215 4239 239 4289 8.
286 4232 470 4288 Bellarminus
495 4233 599 4302 regerit
629 4249 653 4288 c.
675 4238 714 4288 14.
740 4230 768 4305 ξ
794 4239 833 4287 10.
861 4235 1004 4289 diabolum
1032 4248 1065 4285 ac
1084 4231 1156 4286 bona
1177 4230 1285 4285 animae
1304 4235 1333 4286 et
1351 4232 1473 4300 corporis
1493 4232 1572 4286 nobis
1588 4232 1690 4302 largiri.
1726 4233 1790 4288 Jam
1803 4251 1868 4290 vero
1973 4294 1980 4303 ,

165 4319 326 4388 postulasse
344 4337 361 4372 a
383 4318 494 4373 oerore
513 4315 704 4389 προσκύνησιν
720 4320 750 4370 in
770 4320 878 4386 monam
898 4323 1005 4375 landae
1032 4316 1172 4370 Pontificii
1199 4315 1273 4369 hunc
1297 4317 1388 4386 ipsum
1415 4315 1547 4371 honorem
1579 4323 1608 4372 et
1631 4316 1735 4372 cultum
1764 4319 1867 4376 sanetis

170 4414 196 4460 et
211 4406 334 4475 proinde
346 4406 509 4473 postulasse
529 4405 659 4473 latriam,
677 4405 751 4476 quod
778 4421 873 4460 verum
893 4407 1004 4477 quidem
1031 4401 1165 4455 tribuunt,
1213 4401 1290 4471 Ergo
1318 4402 1429 4457 eosdem
1458 4401 1540 4457 latria
1567 4404 1673 4471 colunt,
1702 4405 1755 4459 nisi
1783 4405 1868 4461 velint
1968 4422 1973 4434 ·

169 4497 224 4562 cst,
241 4492 265 4545 si
286 4491 320 4546 de
339 4491 433 4546 divino
450 4491 554 4546 bonore
583 4490 752 4561 accipiatur,
778 4508 834 4546 non
862 4499 956 4546 autem
981 4493 1005 4546 si
1031 4486 1219 4540 definitionem
1245 4487 1396 4543 concedere
1423 4495 1452 4543 et
1477 4488 1621 4543 definitum
1640 4506 1750 4561 negare.
1795 4498 1817 4548 t.
1838 4492 1866 4547 Si

168 4578 203 4633 de
241 4576 353 4648 proprio
388 4576 476 4630 divini
517 4576 628 4631 honoris
665 4577 777 4646 objecto
824 4576 1003 4648 intelligetur,
1031 4573 1174 4627 obvertere
1191 4571 1291 4640 velint,
1318 4575 1375 4627 ‹tao
1400 4576 1494 4642 adine
1519 4592 1665 4630 remanere
1688 4577 1868 4647 defferentiae

169 4663 197 4719 id
225 4669 267 4719 est
292 4661 411 4718 Satanas
438 4662 526 4716 voluit
552 4662 606 4717 sibi
633 4662 756 4717 divinum
782 4663 839 4718 sive
867 4664 926 4718 Deo
954 4664 1004 4718 soli
1030 4659 1139 4728 captio,
1169 4676 1287 4726 quorum
1311 4660 1396 4727 p-rias
1425 4660 1552 4714 consistit
1585 4662 1616 4714 in
1640 4650 1765 4730 'objecta
1792 4666 1869 4732 qamt

168 4749 310 4820 proprium
327 4747 459 4802 honorem
476 4746 593 4810 deferri,
620 4765 672 4804 nee
689 4754 783 4805 tamen
801 4767 830 4805 se
846 4766 897 4819 pro
914 4749 1004 4820 primo
1030 4745 1121 4799 latria
1146 4745 1203 4799 soli
1228 4747 1307 4809 Deo,
1338 4747 1420 4800 datia
1447 4747 1530 4800 etiam
1558 4749 1664 4803 sanetis
1689 4751 1867 4816 exhibeatur,-

168 4842 196 4890 et
220 4834 328 4889 infinito
348 4833 469 4888 omnium
495 4849 587 4888 rerum
607 4834 742 4905 principio
770 4836 935 4904 venditavit,
955 4837 1004 4890 sed
1028 4831 1171 4899 posterius
1188 4832 1217 4885 in
1233 4833 1355 4895 fiduciae
1373 4834 1468 4901 meda
1488 4851 1523 4888 ac
1546 4836 1631 4888 motio
1649 4838 1726 4905 paea
1744 4836 1817 4889 bona
1836 4836 1867 4889 in

168 4921 255 4975 voluit
281 4919 391 4976 Christo
414 4917 595 4989 persuadere,
622 4919 713 4975 Deum
741 4921 1004 4978 administrationem
1027 4918 1160 4986 previbus
1183 4921 1276 4988 potito
1305 4936 1325 4970 a
1354 4920 1418 4972 Dov
1443 4927 1577 4989 mutuam
1600 4922 1722 4985 afonso
1747 4922 1867 4976 omnivm

167 5006 250 5077 hujus
268 5005 364 5060 mundi
382 5009 411 5060 et
426 5002 648 5059 distributionem
665 5007 799 5061 bonorum
811 5008 1004 5077 temporalium
1032 5004 1166 5058 bonoram
1187 5005 1391 5074 prisseipaliter
1415 5013 1441 5060 et
1454 5006 1613 5074 primerio,
1639 5023 1658 5059 o
1676 5006 1783 5060 sosimas
1800 5025 1867 5062 sero

168 5110 223 5148 non
240 5107 353 5159 curare,
377 5091 426 5146 aed
445 5107 506 5146 eam
525 5089 579 5143 sibi
597 5096 695 5160 utpote
713 5091 796 5163 hujus
815 5093 910 5147 mundi
930 5093 1167 5167 prin-:tanquam
1185 5092 1220 5144 ab
1243 5092 1475 5145 intercessoribm
1499 5099 1526 5145 et
1550 5093 1752 5147 mediatoribus
1777 5094 1869 5149 minoto

167 5179 224 5249 cipi
243 5178 364 5234 cessisse
409 5177 510 5233 Confer
534 5176 621 5231 herm.
645 5194 745 5249 evang.
770 5195 830 5249 cap.
854 5185 892 5233 19.
917 5196 944 5250 p.
963 5186 1014 5237 49:
1029 5178 1230 5246 principaliter
1264 5185 1290 5231 et
1311 5180 1482 5234 secundario
1521 5188 1682 5249 sperentur,
1711 5179 1867 5249 responsio,

168 5272 193 5320 4.
212 5263 396 5319 concedimus
415 5263 534 5335 quidem,
555 5263 636 5317 aliem
656 5278 716 5318 ease
729 5268 901 5336 majestatem
920 5265 1005 5321 solius
1030 5262 1092 5318 καθ’
1115 5263 1237 5335 ὕστερον,
1255 5265 1296 5316 ad
1309 5266 1465 5334 posteriue,
1484 5264 1614 5320 fiduciam
1634 5265 1663 5318 in
1681 5272 1792 5320 sanctos
1811 5267 1867 5322 eol·

168 5350 227 5405 veri
246 5348 302 5405 Dei
319 5349 468 5420 propriam,
488 5350 571 5404 ubam
583 5349 750 5419 dignitatern
768 5356 797 5405 st
814 5349 1004 5406 excellentiam
1017 5328 1020 5462 ἱ
1031 5349 1116 5405 locari
1136 5349 1242 5420 absque
1260 5348 1419 5419 Scripturas
1436 5349 1578 5422 suffragio,
1596 5350 1704 5421 absque
1722 5351 1774 5407 Dei
1792 5368 1869 5409 mau-

167 5433 328 5507 angelorum
353 5440 388 5490 ‘ot
418 5440 575 5490 nucmrum
606 5435 635 5488 in
667 5432 724 5489 vita
756 5440 884 5501 aetmna,
920 5437 1004 5493 aliam
1032 5438 1113 5508 dato,
1141 5436 1247 5508 absque
1271 5436 1420 5508 promisso,
1451 5436 1557 5510 absque
1586 5438 1703 5511 probato
1733 5440 1867 5511 exemplo.
