4104 6014
214 125 272 182 196
805 113 928 172 Locus
948 112 1151 171 VICESIMUS
1172 113 1318 172 SEXTUS

246 276 304 327 262.
342 277 365 330 3.
384 271 413 327 Si
432 288 482 340 per
511 271 603 339 ipuem
627 270 827 341 intelligeretur
846 268 1045 339 purgatorium,
1074 264 1146 336 ignis
1174 267 1406 339 significationes,
1432 269 1511 324 nulla
1537 271 1589 326 erit
1621 270 1740 326 intexta
1757 270 1908 342 συνάφεια,

210 373 383 427 consequens
401 356 485 423 foret,
517 372 611 410 omnes
637 356 778 420 homines,
804 356 887 409 etiam
906 351 1044 407 sanctissi·
1071 352 1147 406 nulla
1167 358 1309 423 συνέχεια,
1335 356 1410 425 quod
1434 356 1514 412 absit.
1567 362 1589 411 4.
1609 355 1748 427 Agnoscit
1765 356 1826 427 ipse
1844 356 1908 412 Bel-

210 459 277 509 mos,
297 444 414 496 transire
434 459 484 512 per
503 443 695 513 purgatorium
715 448 742 497 et
760 441 864 498 salvari
884 457 933 511 per
951 439 1043 509 ignem
1071 435 1216 507 larminus,
1251 456 1384 510 perquam
1409 441 1509 495 durum
1532 457 1605 505 8⁸³0·
1630 440 1654 494 δί
1685 441 1747 512 φῑὶῦ
1780 443 1907 512 8P081010

208 529 371 598 purgatorii.
424 530 573 598 Apostolus
601 528 673 582 enim
701 530 730 583 in
757 544 860 598 genere
883 524 1044 596 pronuntiat
1070 522 1191 578 tribuere
1208 525 1290 589 velit,
1315 527 1389 596 quod
1416 526 1522 597 duplici
1549 527 1778 597 aequivocatione
1802 536 1906 595 utatur,

208 630 235 670 v.
257 619 302 668 13:
330 615 552 682 Urrirrscujusquc
576 632 647 682 opus
673 615 853 682 manifestum
879 613 946 677 erit,
977 611 1044 680 quia
1071 609 1144 662 unda
1163 609 1267 680 stylum
1286 608 1445 675 inflectens,
1464 611 1539 681 quod
1557 612 1633 681 prius
1651 611 1767 679 dixerat,
1784 612 1906 683 corrigit.

209 699 270 751 dias
289 701 461 764 declarabit,
491 699 559 768 quia
576 700 607 751 iu
630 699 693 766 iqua
713 699 870 763 revelatur,
903 705 928 750 et
948 696 1042 748 uuius—
1070 696 1233 748 Nsctamsu
1247 695 1356 766 (inquit)
1370 699 1489 766 proprie
1503 697 1706 765 aequivocatio,
1728 699 1781 750 sad
1792 698 1907 766 alequas

208 785 343 853 cujusque
360 802 430 855 opus
450 785 535 855 quale
554 786 604 851 ait,
629 785 704 853 ipris
716 785 857 853 probabit.
895 784 934 837 At
950 799 1043 836 consc-
1069 781 1174 835 allusio
1191 782 1386 835 mibiridetur
1405 799 1465 837 esse
1483 783 1513 835 iu
1531 783 1622 836 rrerbis
1642 784 1740 840 Pauli,
1774 789 1799 838 b.
1819 783 1906 839 Nulla

208 885 295 938 quens
317 870 392 939 apud
411 871 484 939 ipsos
502 869 665 923 Pontificius
682 877 725 924 est
742 869 901 923 absurdum.
938 867 1043 922 Bellar·
1069 882 1118 919 nos
1137 866 1214 936 cogit
1232 868 1397 935 necessitas,
1420 873 1452 921 nt
1474 883 1557 921 unam
1584 866 1628 922 vel
1647 867 1717 921 duas
1737 868 1905 940 aequivoca·

207 954 299 1007 minus
315 956 388 1008 enim
416 955 475 1012 12.
505 955 541 1009 de
558 961 667 1026 purgat
694 971 716 1008 e.
740 960 762 1009 1.
787 954 858 1008 inter
878 969 982 1009 errores
1001 969 1042 1006 re·
1068 951 1156 1005 tiones
1174 951 1219 1005 hic
1242 959 1402 1006 statuamus.
1439 951 1503 1008 Non
1523 952 1595 1006 enim
1616 953 1684 1007 dicit
1700 953 1853 1024 apostolus,
1872 960 1905 1009 ut

206 1037 262 1094 fert
280 1039 351 1094 hanc
371 1039 544 1109 opinionem,
570 1043 648 1109 quod
675 1058 767 1094 omues
787 1040 899 1092 omuino
917 1039 1042 1091 hemines
1067 1034 1250 1091 Bellarminus
1268 1038 1401 1103 somniat,
1428 1039 1502 1091 diem
1523 1039 1634 1106 judicii
1651 1040 1836 1103 manifestari
1846 1055 1904 1108 per

207 1132 264 1178 tam
281 1126 362 1189 boui,
386 1143 471 1194 quam
496 1127 581 1194 mati,
604 1144 659 1179 uuo
685 1124 795 1178 Christo
821 1132 949 1193 accepto,
975 1132 1041 1193 post
1066 1121 1166 1190 ipueur,
1180 1124 1230 1178 scd
1243 1124 1588 1196 uniuscujusqusmpusiu
1602 1125 1666 1193 ipae
1681 1125 1726 1180 vel
1747 1127 1904 1194 peripsam

127 1222 134 1234 ·
207 1211 279 1264 banc
295 1212 382 1264 citam
398 1214 524 1282 perpuri
540 1213 665 1277 debeam,
685 1228 718 1266 sc
737 1211 755 1264 1.
777 1216 798 1268 1.
818 1210 853 1264 de
872 1225 953 1279 purg.
973 1225 996 1264 c.
1015 1216 1040 1265 5.
1067 1206 1251 1275 manifestari,
1277 1209 1349 1263 sicut
1376 1208 1493 1278 ipsemet
1514 1210 1545 1264 in
1571 1210 1663 1265 verbis
1680 1211 1840 1266 immediata
1859 1229 1901 1267 sc

135 1323 139 1332 ·
206 1295 315 1350 scribit:
350 1298 451 1349 Omnes
476 1298 598 1350 transire
628 1313 683 1367 per
706 1297 798 1364 ipram
822 1294 986 1366 purpuras-ii
1015 1302 1041 1346 at
1067 1294 1214 1363 questibus
1240 1296 1391 1352 clarissime
1417 1296 1447 1351 id
1473 1297 1594 1367 exponit.
1643 1296 1742 1367 Neque
1769 1303 1900 1369 pugnant

203 1382 314 1435 salvari
325 1400 380 1450 per
392 1385 491 1449 ipucm,
506 1391 547 1436 est
565 1390 661 1450 aperte
676 1383 793 1445 falsum.
824 1381 955 1434 Ecclesia
968 1380 1040 1433 cuim
1066 1377 1179 1434 interne
1192 1380 1261 1436 haec
1273 1381 1337 1448 duo,
1355 1384 1433 1451 quod
1449 1383 1667 1452 uuiuscujusque
1679 1401 1750 1451 opus
1762 1385 1903 1452 quateris,

199 1476 338 1537 perpetuo
358 1471 454 1534 sensit,
479 1476 590 1521 saucios
615 1475 753 1535 martyres
777 1473 803 1519 et
825 1466 951 1529 infantes
975 1473 1040 1533 post
1068 1463 1142 1530 iuuit
1154 1467 1271 1533 prodet,
1295 1473 1324 1521 et
1348 1469 1425 1535 quod
1450 1469 1535 1535 quasi
1556 1485 1611 1536 per
1637 1469 1729 1537 dquam
1745 1471 1903 1524 salvandus

205 1554 372 1624 baptismum
392 1557 540 1608 morientes
558 1573 621 1608 mou
636 1555 666 1606 iu
682 1554 789 1609 coelum
803 1552 895 1621 recipi
907 1552 1039 1606 siueutlo
1066 1548 1104 1600 sit
1125 1550 1164 1617 is,
1190 1552 1271 1619 cujus
1289 1568 1359 1620 opus
1384 1555 1499 1619 arserit,
1529 1553 1595 1623 quia
1625 1554 1728 1624 duplex
1753 1562 1797 1609 est
1819 1555 1903 1626 hujus

204 1641 325 1692 transitu
348 1657 404 1707 per
431 1642 529 1707 ipuem.
573 1646 597 1695 4.
617 1640 694 1710 Ignis
715 1637 869 1709 purgatorii
891 1654 925 1692 ex
950 1636 1038 1706 hypo·
1065 1632 1153 1703 ignis,
1178 1636 1213 1690 de
1237 1653 1292 1707 quo
1312 1637 1453 1707 apostolus
1474 1637 1611 1709 loquitur,
1631 1639 1753 1694 officinm
1773 1639 1904 1696 videlicet

204 1722 275 1777 thesi
296 1723 499 1779 Pontificiorum
517 1741 572 1778 non
589 1723 692 1794 probat
708 1723 801 1777 omnia
818 1721 940 1776 omnium
952 1720 1037 1775 homi·
1065 1719 1235 1788 probationis
1252 1739 1286 1777 ac
1304 1722 1478 1792 purgationis
1496 1739 1547 1793 per
1567 1724 1752 1792 exustionem,
1770 1725 1841 1779 illud
1859 1732 1902 1781 est

204 1826 270 1863 num
290 1827 387 1880 opera,
412 1811 461 1864 sed
487 1827 581 1864 eorum
605 1809 753 1871 duntaxat,
777 1808 905 1879 quicum
921 1806 1037 1860 veniali·
1065 1821 1210 1861 commune
1229 1807 1371 1874 omnibus,
1400 1809 1447 1880 qui
1472 1825 1556 1880 super
1576 1809 1787 1865 fundamentum
1805 1808 1901 1867 aedifi-

203 1896 253 1947 bus
275 1897 400 1964 peccatis
425 1895 488 1948 hinc
517 1900 707 1958 excesserunt,
734 1894 859 1948 maculas
886 1909 918 1947 ac
945 1891 1035 1947 labem
1065 1896 1130 1944 cant
1144 1892 1202 1946 sive
1215 1909 1321 1961 surum,
1338 1900 1486 1964 argentum
1505 1900 1534 1948 et
1551 1894 1657 1965 lapides
1669 1896 1819 1964 pretiosos,
1841 1898 1902 1952 siva

202 1981 346 2052 abstergit.
395 1982 435 2034 At
460 1981 546 2052 ignis,
581 1983 615 2035 de
646 1996 701 2051 quo
734 1978 875 2049 apostolus
905 1977 1037 2049 loquitur,
1063 1975 1187 2047 lignum,
1205 1977 1315 2033 foenum
1334 1987 1362 2032 et
1378 1978 1510 2049 stipulas,
1530 1978 1584 2034 hoc
1599 1996 1664 2034 vero
1683 1980 1739 2034 illis
1756 1983 1899 2053 proprium

202 2066 323 2121 omnium
342 2068 454 2122 omnino
480 2066 613 2121 ecclesiae
637 2065 780 2119 doctorum
796 2081 866 2134 opus
891 2064 949 2118 sive
969 2064 1037 2134 dog·
1063 2067 1113 2128 est,
1133 2061 1181 2131 qui
1200 2079 1283 2133 super
1294 2063 1505 2119 fundamentum
1518 2073 1662 2120 exstruunt
1682 2066 1768 2136 ligna,
1785 2066 1898 2123 foenum

201 2159 277 2206 mata
307 2153 414 2223 probat.
465 2159 488 2207 5.
520 2151 597 2221 Ignis
632 2150 787 2222 purgatorii
825 2166 858 2203 cx
887 2148 1036 2219 hypothesi
1063 2151 1092 2200 et
1110 2147 1234 2216 stipulas.
1814 2174 1819 2181 ·

200 2235 408 2292 Pontificiorum
426 2237 482 2289 urit
501 2242 659 2306 operantes,
684 2235 791 2289 animas
809 2235 915 2290 scilicet
932 2251 1034 2296 eorum,
1098 2237 1156 2289 164,
1193 2237 1220 2289 2.
1244 2235 1311 2288 Nou
1337 2244 1377 2288 est
1407 2239 1535 2307 apostolo
1563 2239 1715 2305 insuetam,
1745 2238 1776 2291 iu
1801 2243 1899 2294 eadem

200 2322 248 2393 qui
271 2339 333 2376 cunr
359 2322 448 2392 culpis
467 2320 619 2376 venialibus
643 2320 687 2374 vel
707 2328 786 2374 reatu
806 2335 912 2388 poenae
929 2326 1035 2390 tempo·
1062 2321 1200 2372 sententia
1217 2322 1263 2373 uti
1279 2321 1359 2374 uarie
1375 2322 1472 2390 aliquo
1492 2324 1617 2387 uomina,
1633 2326 1713 2377 caris
1732 2326 1805 2377 euim
1825 2327 1899 2380 acci·

200 2407 265 2462 ralis
285 2407 350 2462 hinc
376 2407 568 2468 decesserunt,
604 2405 763 2459 Alexander
788 2405 899 2459 Alcnsis
922 2412 992 2475 part
1010 2411 1034 2460 4.
1058 2405 1103 2471 pit
1120 2423 1213 2460 uocem
1226 2409 1355 2478 pcccati,
1374 2425 1436 2461 cum
1454 2411 1496 2462 ait
1515 2415 1537 2464 2.
1557 2408 1619 2464 Cor.
1642 2416 1666 2467 5.
1686 2427 1755 2480 urm,
1774 2411 1826 2479 qui
1842 2430 1899 2467 uorr

200 2510 227 2562 q.
245 2498 286 2548 65.
306 2491 404 2546 memb.
424 2497 449 2548 4.
475 2497 519 2544 art
538 2497 561 2546 4.
598 2493 638 2545 Αι
658 2490 745 2561 ignis,
765 2490 801 2545 da
819 2507 874 2561 quo
893 2491 1035 2560 apostolus
1061 2498 1176 2544 uocarat
1199 2501 1365 2561 peccatum,
1395 2512 1452 2562 pro
1477 2496 1557 2549 uobis
1583 2497 1655 2562 fecit
1678 2505 1840 2567 peccatum,
1871 2506 1898 2552 ct

199 2577 336 2648 loquitur,
376 2595 431 2632 non
466 2583 626 2648 operantes,
669 2577 718 2630 sed
760 2593 845 2646 opera
889 2575 1034 2631 comburit.
1060 2575 1140 2632 Rom.
1157 2583 1181 2632 8.
1199 2581 1235 2631 de
1251 2588 1366 2647 peccato
1386 2582 1531 2634 domuerit
1544 2590 1699 2650 peccatum.
1736 2581 1897 2654 Responde·

194 2662 375 2733 enervique
395 2664 467 2735 ignis
488 2662 642 2733 purgatorii
663 2678 696 2716 ex
710 2662 856 2732 hypothesi
875 2662 1034 2716 Pontificio·
1061 2679 1136 2717 mus:
1168 2669 1190 2720 1.
1216 2670 1275 2718 tum
1306 2666 1416 2720 demum
1443 2684 1500 2721 una
1525 2668 1678 2738 eademque
1706 2685 1760 2723 vox
1786 2670 1815 2723 in
1841 2687 1899 2724 unu

198 2766 261 2807 rum
288 2757 328 2803 est
351 2766 444 2816 uersa,
471 2765 622 2817 corporeus
646 2755 672 2800 st
692 2748 850 2801 materialis
870 2749 960 2816 ἐφείη
985 2747 1034 2802 sed
1061 2747 1214 2819 eademque
1228 2751 1367 2806 sententia
1378 2752 1561 2806 diversimode
1574 2753 1662 2822 accipi
1674 2754 1766 2818 dehet,
1784 2756 1897 2825 quando

198 2833 288 2906 ignis,
320 2834 355 2888 de
380 2851 434 2904 quo
465 2834 606 2906 apostolus
634 2833 775 2904 loquitur,
808 2850 864 2887 non
893 2839 936 2888 est
962 2834 1034 2906 ignis
1061 2834 1122 2903 ipsa
1141 2835 1292 2889 necessitas
1309 2852 1341 2889 ac
1359 2835 1399 2890 rei
1413 2836 1552 2891 evidentia
1566 2855 1584 2892 a
1602 2837 1682 2893 litera
1693 2838 1834 2896 discedere
1845 2857 1896 2896 nos

199 2920 349 2975 materialis
385 2937 417 2973 ac
456 2935 618 2989 corporeus,
655 2919 703 2972 sed
733 2918 884 2988 spiritualis
918 2925 946 2973 et
974 2937 1033 2989 my·
1059 2920 1141 2990 cogit.
1174 2921 1262 2992 Atqui
1274 2922 1336 2975 talis
1348 2923 1498 2977 necessitas
1510 2924 1562 2977 hoc
1576 2923 1637 2978 loco
1650 2924 1772 2980 nondum
1785 2926 1895 2981 demon·

199 3006 299 3069 uicus,
333 3004 401 3060 dicit
436 3006 509 3061 enim
541 3004 576 3065 ὡς
608 3003 654 3057 διὰ
684 3003 784 3078 πυρός,
817 3012 951 3073 tauquam
977 3021 1033 3074 per
1059 3012 1155 3060 strata.
1179 3011 1204 3060 2.
1218 3006 1335 3070 Quando
1349 3024 1433 3061 unum
1447 3007 1602 3062 membrum
1612 3026 1645 3065 ex
1657 3010 1744 3066 altero
1755 3010 1896 3081 dependet

197 3092 298 3159 ipuem.
1007 3082 1009 3086 Α
1059 3096 1088 3145 ει
1099 3091 1218 3147 alterum
1230 3109 1263 3146 ex
1275 3093 1362 3147 altero
1371 3109 1422 3164 per
1433 3094 1585 3150 illationem
1597 3095 1753 3165 deducitur,
1765 3113 1821 3151 non
1833 3103 1894 3168 pot·

232 3182 291 3232 163.
327 3175 412 3232 Hisce
438 3177 609 3247 argumentis
630 3193 663 3231 ex
683 3176 751 3245 ipsis
771 3182 862 3232 textus
887 3176 1031 3247 apostolici
1059 3182 1101 3231 est
1119 3177 1229 3231 diversa
1246 3178 1412 3248 significatio
1432 3179 1520 3233 locum
1537 3179 1654 3249 habere,
1680 3182 1749 3235 alias
1765 3183 1794 3237 in
1812 3199 1895 3254 argu·

196 3261 349 3316 visceribus
372 3261 466 3330 petitis
490 3278 544 3315 non
568 3263 660 3331 potuit
679 3260 863 3317 Bellarminus
885 3262 967 3316 aliter
986 3281 1031 3318 oc·
1059 3265 1500 3335 mentoessentquatuortermini.
1520 3265 1895 3339 ,lamveroinhoclocoapo-

197 3364 316 3414 currere,
335 3365 418 3419 quam
435 3354 467 3402 ut
479 3353 620 3411 statueret,
639 3349 796 3417 apostolum
813 3349 842 3400 iu
854 3367 913 3403 uua
924 3351 1032 3403 cadem
1057 3348 1155 3403 stolico
1172 3365 1259 3402 unum
1273 3349 1427 3404 membrum
1441 3367 1474 3404 ex
1487 3351 1574 3406 altero
1584 3351 1724 3421 dependet
1735 3359 1763 3407 et
1774 3355 1892 3410 alterum

195 3452 248 3504 quc
266 3437 403 3489 sententia
420 3436 499 3488 uarie
517 3436 647 3502 occupare
664 3451 763 3488 nomeu
781 3436 864 3504 ipris,
883 3437 968 3489 scrut
977 3454 1031 3506 pro
1057 3449 1090 3487 ex
1098 3433 1184 3487 altero
1195 3451 1246 3503 per·
1254 3434 1405 3489 illationem
1412 3435 1566 3500 deducitur,
1575 3444 1607 3491 ut
1615 3438 1737 3493 ostendit
1748 3441 1893 3497 connexio.

194 3519 306 3585 judicic
326 3530 352 3574 et
369 3522 454 3574 semel
469 3539 524 3590 pro
536 3539 600 3574 uero
615 3522 680 3589 ipae
692 3523 870 3590 purqators'o.
901 3521 956 3576 Sed
968 3538 1030 3576 cum
1057 3518 1135 3571 Idem
1154 3535 1220 3573 vero
1238 3520 1266 3573 in
1285 3521 1417 3591 exemplis
1432 3522 1560 3577 adductis
1579 3540 1634 3579 nou
1652 3525 1831 3596 conspicitur,
1850 3535 1893 3582 est

195 3605 333 3676 aurique
352 3613 444 3660 textus
464 3614 493 3660 et
506 3606 641 3660 connexio
653 3605 825 3676 singulorum
845 3606 1029 3683 membrorum
1056 3604 1337 3673 ergodissimilitudo.
1359 3607 1421 3661 3.In
1429 3608 1504 3662 dicto
1515 3609 1666 3679 apostolico
1676 3615 1701 3665 1.
1709 3609 1771 3666 Cor.
1782 3619 1806 3680 t,
1816 3618 1890 3670 v.21.

196 3689 261 3745 huic
275 3700 429 3745 commento
442 3691 610 3759 adversetur,
624 3691 687 3744 idco
700 3690 818 3745 colorem
831 3691 952 3763 aliquem
965 3692 1029 3746 huic
1058 3690 1169 3759 quando
1186 3691 1313 3745 Christus
1332 3692 1433 3746 dicitur
1455 3712 1510 3763 pro
1527 3696 1607 3749 uobis
1619 3700 1720 3761 sactus
1736 3706 1891 3765 peccatum,

194 3776 316 3846 opinioni
336 3777 469 3831 inducere
484 3776 598 3830 laborat.
636 3780 660 3830 1.
680 3777 725 3828 Ab
744 3778 805 3846 ipso
825 3778 934 3848 (inquit)
954 3787 1029 3832 testu
1056 3792 1111 3830 nou
1130 3783 1238 3832 tantum
1257 3779 1421 3851 intelligitur
1439 3781 1578 3851 impositio
1597 3798 1704 3853 poenae
1723 3786 1766 3850 (ut
1784 3785 1890 3840 Bellar·

193 3864 318 3932 capimur
343 3864 384 3915 cd
406 3862 663 3932 aequivocationem
686 3879 742 3916 uou
768 3880 854 3915 usuam
878 3867 931 3916 sed
956 3866 1029 3918 diras
1056 3863 1146 3915 minus
1170 3867 1387 3934 praesupponit),
1417 3867 1466 3921 sed
1493 3867 1577 3921 etiam
1604 3869 1752 3938 imputatio
1784 3870 1892 3940 culpae.

192 3950 391 4004 admitteudus.
428 3946 497 4000 Cum
522 3948 595 4000 euim
621 3947 692 4000 dicit
711 3949 872 4017 apostolus,
891 3951 964 4004 diem
979 3952 1029 4020 ju·
1056 3948 1210 4012 Quomodo
1229 3951 1302 4002 enim
1315 3967 1365 4004 nos
1380 3951 1408 4004 in
1422 3951 1532 4004 Christo
1550 3952 1692 4008 reddimur
1706 3955 1834 4025 justitia,
1858 3973 1892 4011 eo

194 4035 266 4087 dicii
283 4035 466 4094 manifestari
485 4050 540 4102 per
562 4035 666 4101 ipram,
689 4035 800 4087 videtur
819 4037 930 4088 omniuo
951 4037 1030 4106 loqui
1056 4034 1138 4087 modo
1159 4034 1285 4089 Christus
1306 4035 1396 4089 factus
1422 4042 1465 4089 est
1492 4054 1544 4106 pro
1570 4037 1650 4092 nobis
1673 4048 1832 4108 peccatum,
1863 4047 1893 4096 et

193 4122 229 4173 dc
247 4120 311 4187 ipris
334 4120 584 4188 σοιιιιαφᾞιιίηιίε,ο
606 4138 666 4172 cum
688 4122 787 4188 addit,
808 4123 941 4190 cujusque
958 4141 1028 4191 opus
1056 4120 1116 4173 vice
1133 4135 1221 4175 versa.
1258 4121 1313 4175 Sed
1326 4138 1377 4175 nos
1393 4121 1535 4175 reddimur
1552 4123 1580 4176 in
1599 4123 1709 4179 Christo
1727 4127 1847 4193 iustitia,
1862 4127 1892 4180 id

192 4205 265 4276 ignee
287 4207 433 4272 probabit,
458 4223 514 4258 ποτε
528 4211 623 4275 potest
641 4205 719 4274 toqui
743 4205 857 4273 deique
876 4209 1028 4276 materiali,
1047 4205 1235 4274 ,est-perfecte
1251 4207 1320 4274 justi
1340 4221 1390 4277 per
1407 4206 1616 4276 imputationem
1633 4210 1759 4279 justitiae
1778 4211 1890 4267 Christi.

191 4292 242 4358 qui
264 4309 320 4345 uou
343 4299 436 4359 polest
456 4291 580 4359 probare
611 4307 712 4361 opera,
738 4308 811 4359 quae
839 4293 1029 4357 transieruut;
1056 4290 1131 4360 Ergo
1154 4289 1281 4344 Christus
1305 4292 1396 4345 factus
1421 4299 1465 4345 est
1489 4310 1539 4362 pro
1567 4293 1646 4348 nobis
1671 4304 1817 4365 peccatum
1841 4315 1891 4369 per

190 4393 302 4429 rursum
321 4395 381 4430 cum
402 4377 589 4431 secrrudoisto
602 4378 666 4445 ique
683 4377 761 4429 dicat
775 4378 920 4446 apostolus
935 4380 1028 4431 omnia
1056 4376 1269 4445 imputationem
1297 4384 1407 4431 nostrae
1437 4377 1597 4447 injustitiae.
1646 4381 1725 4436 Conf.
1756 4382 1821 4440 Esu.
1850 4390 1892 4452 5³,

191 4456 278 4529 dpera
310 4463 497 4514 examinanda
504 4483 516 4530 ,·
553 4463 635 4515 tertio
666 4478 732 4514 saro
762 4480 818 4516 nou
854 4480 943 4534 opera
977 4468 1029 4518 scd
1055 4479 1080 4514 v.
1107 4468 1131 4514 6.
1156 4469 1183 4518 et
1209 4481 1242 4518 cx
1261 4463 1329 4532 ipsis
1353 4462 1507 4518 Pontificiis
1534 4465 1638 4520 Iluard.
1663 4466 1824 4538 'l'apperum
1844 4470 1891 4526 de·

190 4548 354 4617 operarios,
374 4556 400 4601 et
420 4565 465 4602 eos
484 4566 541 4601 uou
568 4565 661 4601 curres
679 4549 732 4600 ssd
760 4548 827 4601 illos
844 4549 950 4613 solum,
979 4552 1029 4618 qui
1054 4564 1152 4601 cenum
1171 4548 1277 4606 Lovan.
1299 4555 1349 4604 art.
1369 4557 1393 4605 8.
1412 4555 1477 4607 tom.
1499 4557 1523 4606 2.
1541 4570 1568 4621 p.
1584 4559 1626 4608 27.
1644 4552 1762 4609 Barrad.
1779 4561 1845 4611 tom.
1865 4563 1891 4613 4.

192 4635 343 4697 certificant
373 4635 493 4702 tiquam,
523 4636 654 4698 foenum,
685 4633 834 4702 stipidum,
867 4637 1025 4689 necessario
1054 4649 1130 4687 cone.
1152 4651 1248 4704 evang.
1279 4635 1297 4688 1.
1316 4642 1338 4690 6.
1373 4651 1396 4688 c.
1417 4640 1442 4689 3.
1473 4637 1502 4690 in
1524 4644 1594 4708 sept.
1623 4639 1743 4709 passion.
1763 4642 1891 4710 praeeelt

191 4720 297 4772 diuersi
313 4719 390 4787 s'pses
411 4737 468 4772 esse
493 4720 599 4775 debent.
637 4718 859 4788 Respondemus:
881 4718 950 4775 1.οὐ
968 4723 1025 4775 δια·
1056 4730 1079 4773 t.
1100 4724 1176 4776 Rom.
1194 4725 1224 4788 8,
1250 4738 1274 4776 v.
1294 4727 1317 4776 3.
1341 4721 1455 4791 quidam
1478 4740 1573 4778 vocem
1594 4721 1733 4796 ἁμαρτίας
1750 4725 1779 4778 in
1798 4726 1891 4797 priore

191 4809 301 4860 λεκτέον
328 4811 387 4864 ταῖς
416 4810 603 4881 μεταφοραῖς,
636 4823 670 4858 uc
697 4806 805 4858 erroris
831 4805 954 4873 perrilria
986 4803 1119 4885 eet1dieti
1140 4805 1286 4874 apostolici
1305 4806 1428 4861 membro
1445 4827 1494 4879 pro
1511 4811 1652 4879 sacrificio
1667 4812 1777 4880 peccati
1796 4813 1890 4882 expia·

191 4892 383 4960 aequivocatio
414 4908 536 4961 seraper,
575 4888 649 4943 absit
679 4890 778 4960 igitur,
816 4895 848 4944 ut
871 4890 1123 4960 apostolumltorio
1136 4890 1254 4960 positam
1263 4890 1441 4962 arbitrantur,
1454 4895 1482 4950 in
1493 4912 1548 4967 qua
1559 4894 1892 4969 significationcahloyae

191 4976 465 5048 aequivocationibus
501 4975 599 5028 lusisse
635 4976 814 5045 suspicemur.
872 4982 895 5030 2.
925 4976 1026 5032 Omnia
1052 4976 1080 5029 in
1092 4974 1183 5029 Lavit
1195 4983 1223 5031 et
1234 4975 1301 5030 alibi
1313 4977 1341 5032 in
1354 4980 1504 5051 Scripturis
1515 4990 1674 5051 usurpatur,
1688 4982 1739 5036 Ex.
1753 4989 1795 5048 29,
1806 5002 1832 5037 v.
1849 4992 1890 5042 14.

191 5063 316 5117 membra
342 5064 369 5117 in
392 5067 452 5116 toto
478 5061 532 5116 hoc
558 5069 720 5133 argumento
740 5062 891 5132 apostolico
909 5062 1024 5118 exactis·
1051 5079 1073 5116 c.
1094 5070 1136 5124 30,
1155 5079 1181 5115 v.
1203 5066 1242 5119 10.
1260 5062 1306 5120 Ps.
1326 5071 1369 5131 40,
1386 5084 1412 5124 v.
1432 5074 1455 5125 7.
1474 5067 1521 5122 Es.
1536 5072 1578 5134 53,
1596 5082 1622 5120 v.
1646 5074 1686 5126 10.
1706 5084 1763 5138 qua
1781 5069 1891 5125 radone

191 5150 260 5203 sime
277 5148 427 5202 cohaerent
456 5152 484 5202 et
502 5164 586 5201 unum
612 5165 644 5202 ex
668 5148 755 5202 altero
773 5148 934 5213 deducitur,
958 5166 1025 5221 ergo
1051 5147 1162 5202 diverse
1178 5148 1344 5219 significatio
1362 5151 1390 5206 in
1409 5168 1477 5206 voce
1494 5148 1633 5224 ἁμαρτίας
1657 5153 1686 5207 in
1702 5152 1827 5208 membro
1840 5171 1890 5225 po-

192 5251 248 5288 non
270 5233 357 5289 habet
374 5235 464 5289 locum
489 5233 597 5287 diversa
619 5233 668 5286 illa
692 5233 820 5288 vocabuli
848 5234 920 5304 ignis
940 5236 1024 5307 signi·
1050 5233 1164 5310 steriore
1193 5236 1408 5305 agnoscenda·
1430 5235 1550 5300 Quidam
1579 5254 1644 5292 vero
1672 5238 1891 5312 subintelligvmt

45 5324 113 5373 xlll·
130 5321 177 5377 tlt
193 5318 296 5379 deado.
343 5325 369 5386 3,
393 5321 423 5376 Si
447 5326 489 5377 tot
518 5335 553 5377 sc
575 5323 632 5373 tam
659 5318 784 5375 diversas
807 5326 874 5375 sunt
894 5320 1024 5378 vocabuli
1049 5336 1145 5375 vocam
1165 5327 1252 5376 tactu
1279 5338 1330 5393 per
1355 5321 1473 5376 hostiam
1497 5321 1666 5393 piacularem
1694 5341 1745 5396 pro
1772 5332 1890 5398 peccatu
