4104 6014
103 256 165 315 450
723 241 952 303 5111511155
973 242 1172 305 5551151155

104 418 160 473 (155
178 402 237 461 5511
260 418 394 474 corporeo
412 401 555 473 proprium
574 417 655 456 suum
673 416 787 472 corpus,
814 401 839 454 is
858 398 943 453 etiam
971 401 1067 455 mendi
1083 400 1147 457 Joh.
1170 405 1210 465 10,
1228 417 1254 456 1.
1277 405 1317 457 11.
1336 398 1412 470 quod
1427 399 1550 456 excitare
1564 400 1656 470 possit
1676 397 1807 468 corperis

105 505 223 560 corpore
247 494 417 544 mortuorum
437 487 578 542 hominum
603 488 633 541 in
650 488 736 543 vitam
754 485 898 542 revocabit
915 490 945 539 et
970 488 1017 542 sai
1043 487 1176 559 ternplum
1205 486 1270 542 Joh.
1300 491 1332 556 2,
1359 502 1385 540 1.
1408 491 1448 543 19.
1476 486 1525 542 ubi
1554 503 1605 558 per
1630 486 1660 540 rb
1687 487 1807 556 lystpers

105 575 199 631 omnia
222 575 368 631 individua
393 575 430 628 ad
457 575 576 646 speciem
603 574 752 629 humanam
776 571 944 644 pertinentia
970 575 1114 643 efficacem
1146 574 1335 641 operationem
1368 578 1396 628 at
1430 572 1568 626 miamin
1594 570 1805 642 intelligendam

4 667 94 711 ¹11⁰·
108 677 141 717 ex
164 669 255 717 terrae
282 661 397 732 puluere
417 660 568 716 suscitabit.
605 659 661 715 Sed
681 658 755 714 solus
771 658 848 714 Deus
866 672 943 711 erea-
971 674 1030 712 esse
1050 662 1128 729 patet
1146 674 1180 713 ex
1201 657 1378 713 connexione.
1412 655 1540 711 Christus
1559 657 1633 712 enim
1654 656 1806 727 quaesitus,

105 752 183 803 tures
210 763 304 804 omnes
329 751 489 815 conservat,
520 745 626 817 species
640 751 791 815 propagat,
817 741 943 798 (1511151-
970 761 1026 814 que
1044 743 1177 799 miraculo
1195 744 1340 815 probaret,
1364 759 1394 797 se
1413 742 1517 799 habere
1534 747 1701 814 potestatem
1720 740 1806 797 15151·

106 833 207 903 cuique
228 833 285 889 enti
299 849 431 902 corporeo
451 831 593 902 proprium
609 848 689 885 suurn
703 846 812 900 corpus,
841 829 905 885 Joh.
919 835 943 896 5,
970 829 1065 885 mandi
1082 829 1225 901 templum,
1242 828 1394 899 respondit,
1417 846 1450 885 se
1467 829 1603 900 templum
1622 828 1746 900 corporis
1763 828 1806 881 sui

107 935 133 975 v.
157 924 194 973 11.
222 923 243 973 1.
265 919 326 972 Cor.
346 922 371 985 8,
388 936 414 972 1.
433 923 459 973 6.
478 934 540 989 cap.
559 922 599 985 15,
619 935 643 974 1.
664 922 706 974 39.
731 916 790 971 051.
812 921 835 980 1,
855 933 880 969 1.
902 919 942 970 15.
969 931 1003 969 ex
1029 920 1116 970 morte
1136 915 1257 970 excitare
1275 921 1303 969 et
1322 931 1453 985 reparare
1469 930 1566 985 posse,
1591 931 1625 970 ex
1644 931 1700 970 uno
1720 913 1807 984 igitur

105 1003 194 1060 Hebr.
216 1010 238 1073 1,
263 1020 289 1060 v.
306 1009 331 1061 3.
349 1008 400 1061 etc.
436 1003 511 1074 Ergo
529 1003 614 1058 etiam
634 1004 708 1058 solus
729 1001 807 1056 Deus
826 1016 943 1072 corpora
969 1001 1115 1070 potestatis
1143 1001 1254 1056 divinae
1273 1000 1374 1059 effecto
1400 1001 1518 1056 alterum
1539 1000 1688 1058 concludit.
1727 999 1807 1064 Quae

105 1096 275 1145 mortuorum
293 1089 434 1144 hominum
453 1088 482 1142 in
500 1089 585 1145 vitam
604 1088 745 1145 revocabit
758 1094 787 1142 et
798 1086 943 1141 individua
969 1091 1066 1142 5511115
1091 1086 1161 1143 haec
1184 1087 1260 1142 dicta
1275 1086 1436 1143 Photiniani
1462 1088 1617 1158 excipiunt,
1645 1087 1682 1142 ad
1699 1086 1749 1141 illa
1766 1102 1807 1140 re·

106 1175 199 1230 omnia
220 1175 256 1229 ad
284 1175 406 1246 speciem
430 1174 579 1229 humanam
604 1175 773 1245 pertinentia
799 1189 832 1226 ex
852 1178 942 1228 terrae
971 1190 1104 1244 sponsum
1126 1172 1181 1228 fuit
1197 1178 1279 1230 tract.
1298 1172 1333 1227 de
1351 1172 1413 1227 Deo
1432 1174 1516 1229 Patra
1535 1178 1564 1228 et
1580 1173 1652 1228 Filio
1672 1169 1699 1247 5.
1719 1179 1761 1229 95.
1778 1179 1807 1226 51

108 1260 387 1331 151151555551151111
420 1258 589 1315 Eodeducit
603 1259 817 1331 nosapostolus,
830 1257 942 1330 quando
969 1273 1046 1329 seqq.
1086 1265 1111 1314 4.
1137 1258 1264 1314 Christus
1287 1257 1399 1328 propria
1422 1263 1561 1329 potestate
1586 1259 1655 1314 alios
1683 1265 1806 1313 1115111155

106 1345 839 1417 155511551151115511155151511511155151151051.15,
863 1361 887 1398 1.
902 1348 942 1398 31.
970 1343 1122 1401 suscitavit.
1150 1344 1214 1403 doh.
1240 1352 1265 1411 5,
1292 1363 1319 1401 1.
1342 1349 1383 1401 21.
1399 1345 1545 1399 5555115551
1570 1361 1640 1412 quos
1663 1345 1733 1410 5511,
1756 1359 1806 1397 cur
1819 1343 1908 1387 ffli-

107 1438 137 1487 et
158 1438 200 1490 38.
221 1431 304 1488 dicit:
332 1430 415 1493 Quod
432 1433 568 1501 seminas,
592 1450 650 1486 non
667 1449 770 1503 eorpus
792 1432 870 1501 guod
894 1430 943 1495 fu·
969 1446 1036 1501 ergo
1073 1447 1129 1486 non
1166 1432 1303 1501 potuisset
1340 1430 1424 1485 etiam
1463 1446 1493 1485 se
1524 1431 1616 1501 ipsum
1653 1429 1809 1485 suscitem?

108 1526 201 1572 turum
227 1524 268 1570 est
285 1519 424 1587 seminas,
451 1520 504 1572 sed
520 1520 626 1571 audian
646 1535 778 1587 prunum,
801 1516 942 1586 11515155·-
971 1524 994 1575 5.
1023 1514 1133 1572 Christo
1161 1517 1249 1570 Pater
1274 1518 1356 1570 dedit
1385 1518 1471 1570 uitam
1498 1518 1601 1571 trabere
1630 1517 1661 1570 ia
1686 1531 1715 1569 sa
1743 1516 1808 1584 ipso

107 1604 159 1658 tici
181 1610 231 1658 aut
253 1603 378 1672 alicujus
403 1611 570 1673 ceterorum,
597 1606 679 1658 Deus
703 1611 795 1657 autcm
821 1605 873 1656 dat
895 1602 943 1655 illi
969 1601 1033 1658 Joh.
1056 1609 1086 1667 5,
1114 1619 1140 1658 1.
1163 1608 1205 1659 26.
1232 1601 1306 1656 unde
1330 1601 1414 1657 etiam
1441 1608 1483 1657 551
1508 1603 1571 1672 ipsa
1591 1601 1762 1657 resurrectio
1780 1605 1810 1656 et

108 1706 220 1760 carpus,
239 1691 312 1744 51551
329 1691 417 1745 uoluit
436 1699 462 1745 et
480 1691 629 1760 unicuique
641 1691 778 1743 seminum
795 1689 944 1758 proprium
969 1690 1027 1743 5115
1046 1687 1110 1745 doh.
1133 1693 1180 1758 11,
1204 1706 1230 1746 v.
1249 1692 1291 1744 25.
1314 1695 1414 1742 auctor
1431 1689 1506 1742 sitae
1527 1688 1590 1745 Act.
1611 1692 1644 1756 3,
1667 1705 1693 1746 1.
1704 1692 1745 1742 15.
1763 1702 1807 1741 ec-

107 1792 217 1846 carpus,
244 1775 273 1829 id
291 1783 334 1830 551
349 1775 398 1846 (151
415 1781 507 1845 potest
521 1775 671 1846 unicuique
690 1775 787 1830 semini
802 1774 944 1845 proprium
971 1791 1020 1829 cur
1040 1773 1127 1845 igitur
1144 1790 1200 1828 non
1214 1774 1351 1845 potuisset
1363 1790 1394 1829 se
1411 1773 1502 1844 ipsum
1514 1770 1668 1828 suscitare?
1691 1771 1808 1834 511555

109 1862 175 1917 dare
197 1878 314 1932 corpus,
340 1861 414 1917 idem
438 1861 522 1918 etiam
547 1862 576 1914 in
595 1861 744 1916 novissimo
769 1860 814 1916 die
830 1877 946 1931 corpora
972 1860 1063 1915 Pater
1076 1861 1144 1928 epit,
1163 1863 1250 1914 seire
1268 1860 1315 1912 sal
1330 1856 1442 1933 ὁμοίως,
1461 1860 1560 1913 eadem
1572 1858 1713 1922 similiter,
1732 1857 1808 1924 facit

110 1951 206 2003 nostra
222 1963 256 2001 ex
273 1954 363 2002 terrae
383 1947 498 2018 pulvere
517 1946 671 2018 producere
680 1947 791 2018 poterit.
821 1945 945 2001 Hebraei
972 1953 998 1999 51
1015 1945 1112 2000 Fabius
1135 1944 1199 2002 Joh.
1218 1952 1248 2012 5,
1276 1962 1301 1999 v.
1322 1949 1363 2001 19.
1401 1943 1493 2008 Quare
1521 1943 1687 1999 511111Ρ5151
1714 1942 1810 1997 divina

111 2032 225 2102 dicunt,
248 2040 370 2101 quatuor
395 2049 492 2087 rerum
516 2033 677 2102 apertiones
700 2033 946 2087 51555155555555
972 2031 1075 2086 virtute
1091 2030 1233 2087 Christum
1256 2029 1446 2098 suscitaverit,
1473 2030 1570 2100 utique
1590 2030 1688 2085 eadem
1706 2028 1809 2085 virtute

114 2120 145 2174 in
161 2136 246 2173 manu
267 2119 333 2186 Dei,
347 2117 475 2187 pluuias,
495 2118 698 2187 sepssicrcrum,
715 2119 790 2172 utari
805 2125 831 2172 et
847 2119 945 2173 victua.
974 2116 1101 2172 Christus
1119 2117 1266 2173 suscitavit
1283 2133 1313 2173 se
1333 2116 1433 2187 ipsum.
1469 2123 1494 2173 1.
1513 2116 1558 2172 De
1569 2115 1679 2171 01111515
1696 2115 1806 2179 dicitur,

1 2216 96 2276 sesne.
145 2210 187 2260 tr.
215 2203 340 2258 Porisrna
364 2202 448 2273 hrp'us
475 2202 633 2258 mentionis
651 2203 686 2257 de
705 2219 791 2258 causa
808 2201 946 2258 efficiente
973 2203 1048 2273 quod
1086 2209 1118 2258 ut
1161 2206 1346 2274 mortificatus
1382 2205 1441 2268 suit
1482 2220 1582 2271 corne,
1623 2204 1666 2257 ita
1699 2218 1808 2272 priapus

1 2268 96 2359 ⁰:2⁸2·
109 2289 257 2360 principali
273 2288 481 2345 resurrectionis
499 2297 543 2344 est
558 2289 637 2359 illud,
655 2289 731 2360 quod
749 2290 846 2344 nultus
859 2289 946 2345 15551·
972 2292 1165 2358 ζωοποιηθεὶς,
1195 2292 1352 2353 5151155155
1378 2289 1469 2356 tuerit
1496 2289 1608 2357 Spiritu
1635 2294 1658 2344 1.
1681 2287 1759 2345 Patr.
1779 2292 1805 2354 3,

0 2379 73 2470 ὃτι.
109 2392 176 2429 num
195 2376 319 2445 propria
343 2376 447 2431 uirtute
471 2393 506 2430 ae
527 2377 659 2444 propriis
684 2376 790 2429 viribus
807 2391 836 2429 55
855 2376 948 2445 speum
972 2390 997 2430 1.
1018 2379 1056 2431 18.
1077 2380 1109 2428 51
1125 2392 1193 2446 5135
1210 2393 1261 2447 per
1277 2392 1390 2431 carnem
1408 2374 1572 2446 intelligitur
1589 2373 1803 2444 propriaipsins

7 2476 68 2512 aar·
108 2461 247 2516 suscitare
278 2469 369 2530 queat.
417 2461 499 2526 Quod
528 2462 600 2517 enim
621 2462 740 2532 Spiritus
768 2466 881 2516 55551115
896 2459 948 2514 soli
972 2477 1051 2526 caro,
1075 2462 1104 2515 in
1129 2480 1185 2529 qua
1208 2479 1307 2532 passus
1335 2469 1363 2518 et
1382 2468 1520 2530 mortuus3
1547 2461 1588 2515 ita
1605 2477 1656 2530 per
1674 2459 1810 2531 Spiritum

7 2524 81 2616 :ppei
110 2563 175 2602 reru
205 2546 266 2602 Deo
295 2553 429 2617 tanquam
457 2548 601 2618 proprium
635 2547 776 2618 assignat,
803 2547 879 2619 quod
906 2553 948 2602 est
974 2546 1001 2600 11
1027 2548 1210 2618 oppositionis
1237 2547 1436 2619 intelligendus
1453 2547 1582 2619 proprius
1600 2547 1661 2617 ejus
1678 2546 1811 2617 Spiritus,

110 2649 181 2704 opus
200 2633 324 2688 infinitae
343 2633 469 2701 virtutis,
490 2633 565 2702 quod
583 2632 706 2703 ejusdem
724 2650 787 2688 cum
805 2633 948 2704 primaeva
973 2634 992 2687 i.
1010 2650 1034 2690 e.
1053 2635 1149 2689 diuina
1162 2637 1223 2705 ejus
1242 2641 1351 2704 natura,
1369 2634 1443 2689 unde
1461 2634 1546 2690 etiam
1566 2633 1595 2688 in
1609 2632 1809 2689 resurrectione

110 2718 251 2775 creatione
270 2724 314 2773 est
333 2717 488 2788 dignitatis,
503 2719 578 2789 quod
601 2719 703 2774 diserte
724 2718 881 2773 hominibus
900 2718 946 2773 de·
974 2737 1025 2775 sua
1051 2726 1079 2776 at
1100 2737 1150 2790 1151
1174 2721 1408 2775 resurrectionem
1425 2738 1506 2774 55555
1525 2722 1733 2774 demonstratus
1751 2718 1809 2782 suit

110 2812 243 2876 negatur,
267 2803 336 2858 illud
359 2821 414 2858 nou
440 2808 534 2875 potest
549 2804 654 2859 homini
671 2803 717 2859 151
734 2803 783 2859 ulli
803 2811 947 2860 creaturae
975 2807 1070 2861 Irl'lius
1090 2809 1149 2860 Dei
1167 2807 1198 2860 irs
1217 2808 1320 2862 uirtute
1338 2806 1419 2861 Rom.
1439 2813 1462 2872 1,
1482 2824 1507 2861 v.
1525 2813 1550 2864 1.

111 2891 204 2946 tribui.
237 2890 488 2946 Resuscitationem
507 2907 541 2945 ex
559 2891 674 2945 mortuis
694 2890 814 2960 Spiritus
834 2897 947 2947 sanctus
1009 2899 1051 2949 48.
1081 2893 1160 2958 Quae
1179 2893 1207 2946 in
1224 2893 1393 2947 contrarium
1410 2892 1611 2948 aPhotinianis
1621 2892 1809 2962 proferuntur,

112 2977 164 3031 soli
189 2992 255 3031 vero
287 2976 348 3031 Deo
380 2982 514 3047 1511155111
539 2977 682 3047 proprium
712 2994 782 3046 opus
813 2983 946 3049 assignat,
974 2994 1008 3033 ex
1031 2978 1164 3034 hactenus
1189 2980 1271 3035 dictis
1296 2979 1379 3035 facile
1404 2980 1535 3050 explicari
1554 2985 1678 3050 possunt.
1719 2985 1741 3036 1.
1762 2979 1810 3033 Es

111 3062 211 3117 eadem
230 3067 273 3119 est
294 3078 364 3134 opus
391 3061 515 3118 infinitae
540 3063 650 3117 uirtutis
674 3069 703 3118 et
730 3063 855 3132 ejusdem
883 3081 946 3119 cum
972 3067 1057 3120 Patri
1087 3066 1224 3119 attributa
1263 3067 1475 3120 resuscitatione
1513 3067 1662 3136 Scriptura
1696 3066 1808 3134 passim

112 3147 253 3218 primaeva
279 3149 419 3204 creatione
443 3148 604 3219 dignitatis,
631 3154 662 3203 ut
679 3165 713 3203 cr
731 3148 813 3202 dictis
830 3156 947 3219 constat,
972 3153 1049 3206 dlud
1066 3153 1129 3206 Deo
1141 3152 1228 3206 Patri
1244 3153 1350 3220 tribuit,
1371 3155 1448 3222 guod
1459 3153 1566 3207 dilium
1585 3169 1664 3205 suum
1682 3169 1715 3206 55
1733 3169 1809 3206 ruor-

111 3249 145 3289 ac
183 3233 285 3292 (1155115
321 3234 478 3290 hominibus
516 3235 576 3305 ejus
621 3236 746 3306 ἐνέργεια
784 3235 946 3306 denegatur.
973 3240 1028 3292 tuis
1054 3239 1216 3293 aesitaverit
1240 3239 1303 3294 Act.
1324 3245 1347 3303 5,
1371 3257 1398 3294 1.
1419 3244 1461 3295 39.
1483 3244 1523 3295 31.
1562 3238 1691 3307 1151111,
1719 3254 1745 3295 1.
1765 3243 1807 3295 11.

113 3320 282 3391 Ρ551115.19,
308 3327 382 3379 1.8;
406 3322 539 3376 tratres
562 3340 619 3375 non
643 3323 808 3376 redimendo
827 3322 948 3375 redimet
973 3340 1034 3395 cap.
1054 3328 1084 3394 8,
1111 3343 1137 3380 1.
1160 3328 1200 3379 11.
1226 3326 1301 3379 unde
1327 3325 1361 3377 id
1383 3325 1476 3393 1115555
1499 3333 1634 3394 tanquam
1654 3325 1807 3396 proprium

112 3408 261 3477 quiequam
286 3411 433 3477 (51115115).
467 3408 543 3480 Ergo
570 3408 744 3463 resuscitatio
774 3426 806 3463 ex
832 3409 948 3463 mortuis
974 3409 1060 3463 Patri
1094 3411 1240 3473 tribuitur,
1274 3410 1324 3478 qui
1361 3410 1461 3465 orniam
1496 3409 1580 3464 etiam
1609 3411 1670 3464 Dei
1697 3410 1809 3466 aomina

113 3510 169 3549 uon
193 3498 286 3565 potest
311 3495 415 3550 homini
435 3496 480 3550 vel
506 3495 556 3549 ulli
581 3501 724 3550 creaturae
743 3494 836 3552 tribui.
872 3494 948 3550 0515
974 3497 1140 3565 quandoque
1159 3496 1200 3549 sic
1220 3495 1402 3559 describitur,
1425 3498 1503 3564 1155511
1520 3497 1558 3550 511
1577 3497 1617 3564 15,
1639 3496 1689 3566 qui
1707 3497 1808 3551 Jasum

113 3586 221 3648 tamen,
242 3596 306 3636 cum
324 3580 498 3635 Photinianis
521 3579 573 3635 hoc
599 3597 632 3634 eo
659 3579 775 3644 referas,
802 3580 876 3651 quod
897 3597 948 3634 nec
975 3598 993 3634 a
1012 3583 1129 3636 55551515
1149 3582 1289 3639 crederit.
1324 3581 1551 3652 Respondemus:
1578 3588 1601 3637 1.
1621 3581 1664 3636 Ex
1682 3581 1809 3637 subordi-

114 3664 243 3720 Cbristus
260 3682 291 3721 se
309 3668 401 3735 ipsum
419 3685 438 3719 a
459 3674 548 3721 morte
568 3666 704 3720 5555511555
722 3668 860 3736 potuerit,
878 3666 948 3738 disp.
975 3667 1534 3739 5511511511551115515515111135511115,
1555 3684 1606 3723 uec
1625 3685 1698 3740 quas
1716 3667 1746 3723 iu
1766 3684 1809 3723 ar·

114 3751 149 3807 de
167 3751 243 3822 unig.
261 3750 327 3805 Filii
344 3751 423 3807 exist
445 3751 507 3806 adv.
525 3752 617 3808 Socin.
638 3752 666 3806 in
679 3753 824 3807 Erasmum
843 3751 947 3807 1511511-
975 3756 1067 3810 ticulis
1090 3754 1155 3810 fidei
1179 3756 1401 3826 conjunguntur,
1428 3755 1481 3810 eibi
1506 3755 1624 3811 invicem
1641 3755 1745 3825 opponi
1762 3755 1810 3810 de·

113 3854 163 3893 nes
190 3854 255 3909 pag.
285 3843 343 3893 111.
373 3836 480 3892 catech.
509 3837 612 3893 Racov.
640 3854 702 3909 cap.
733 3843 773 3893 11.
797 3854 862 3909 pag.
889 3843 948 3894 312.
975 3841 1055 3910 bent,
1080 3842 1128 3912 qui
1149 3841 1352 3912 paralogismus
1370 3845 1402 3896 ut
1419 3839 1565 3896 haereticis
1583 3840 1660 3911 aliis,
1687 3841 1727 3897 ita
1741 3857 1809 3912 quo·

114 3922 276 3994 Enyedinus
302 3921 330 3978 in
356 3922 513 3977 detorsione
538 3922 833 3987 tristissumum.
868 3922 949 3978 Osto·
976 3944 1030 3998 quc
1051 3926 1225 3982 Photinianis
1245 3943 1379 3998 perquam
1399 3926 1544 3982 familiaris
1563 3933 1615 3984 est.
1651 3927 1809 3996 Utrumque

114 4010 198 4064 rodus
227 4008 288 4064 libr.
315 4014 339 4064 2.
369 4015 456 4064 551111.
489 4007 599 4064 Tradel.
633 4027 694 4080 cap.
728 4015 766 4065 10.
795 4025 859 4079 pag.
893 4015 948 4064 115.
976 4013 1120 4083 Scriptura
1147 4013 1254 4082 asserit,
1291 4019 1438 4084 utrumque
1465 4012 1545 4068 nobis
1570 4011 1616 4082 pie
1641 4011 1809 4067 credendum

115 4094 297 4152 Schmaltaius
318 4095 353 4149 de
369 4095 455 4152 divin.
468 4096 569 4151 Christi
590 4112 650 4168 cap.
665 4101 704 4152 13.
717 4102 772 4153 etc.
807 4095 859 4149 Est
876 4098 948 4151 enim
975 4099 1117 4170 proponit,
1135 4099 1211 4169 quod
1230 4098 1315 4154 Pater
1330 4098 1433 4153 Filium
1451 4115 1531 4153 snum
1552 4115 1586 4154 ex
1604 4098 1718 4152 mortuis
1736 4097 1809 4153 exci-

114 4179 161 4237 hic
184 4179 256 4235 ratio
278 4180 362 4252 longe
386 4181 482 4252 dispar
506 4182 578 4236 inter
601 4181 743 4237 Christum
771 4188 799 4235 at
824 4180 949 4236 homines
975 4185 1077 4239 tenerit
1102 4191 1130 4241 et
1160 4184 1235 4256 quod
1254 4184 1342 4239 Filius
1362 4184 1474 4254 propria
1500 4184 1601 4239 virtute
1622 4184 1810 4239 resurrexerit.

7 4292 22 4322 n
39 4265 242 4336 curt-reliquos.
278 4271 300 4321 1.
313 4266 441 4321 Christus
459 4285 515 4322 non
536 4272 579 4321 est
600 4268 681 4335 55115
698 4265 857 4337 ἄνθρωπος,
876 4267 949 4322 51551
978 4275 1002 4325 2.
1028 4271 1267 4336 Quemadmodum
1290 4271 1376 4342 igitur
1401 4275 1549 4340 utrumque
1576 4268 1681 4340 optima
1704 4269 1811 4327 ratione

3 4342 75 4425 κζ’
114 4367 209 4408 omues
234 4350 333 4422 reliqui
359 4352 498 4419 homines,
522 4354 573 4409 sed
600 4371 672 4408 unus
690 4370 771 4408 15155
784 4369 847 4407 eum
865 4353 950 4410 Patre
976 4355 1058 4409 simul
1082 4356 1221 4424 consistit,
1246 4356 1322 4427 quod
1341 4356 1429 4409 Pater
1454 4355 1608 4409 tradiderit
1626 4355 1735 4410 Filium
1756 4372 1811 4426 pro

1 4437 81 4528 Ίῗέῑῑ·
116 4443 144 4492 51
172 4436 274 4504 Spiritu
302 4444 399 4493 sancto
426 4438 518 4497 Deus.
553 4446 584 4494 ut
608 4455 658 4493 suo
690 4438 752 4493 loco
775 4438 950 4495 evidentibus
976 4443 1055 4496 nabis
1079 4444 1109 4495 in
1134 4449 1249 4496 mortem
1267 4441 1395 4510 1151118,
1420 4458 1445 4496 1.
1464 4445 1505 4497 32.
1532 4447 1561 4495 51
1578 4442 1652 4512 quod
1674 4440 1762 4496 Filius
1779 4459 1811 4497 se

51 4515 56 4526 “
116 4523 288 4594 argumentis
312 4524 526 4581 demonstretur.
572 4529 595 4579 1.
620 4525 752 4579 Humana
774 4524 876 4580 Christi
902 4542 950 4580 ua·
976 4529 1069 4596 ipsum
1096 4529 1250 4581 tradiderit
1281 4527 1375 4584 Galat.
1396 4533 1429 4593 1,
1457 4546 1483 4585 1.
1504 4533 1545 4583 19.
1571 4529 1646 4598 quod
1664 4528 1754 4582 Pater
1778 4529 1811 4582 in

116 4613 181 4664 tura
210 4609 240 4661 in
271 4608 362 4679 ipsam
394 4609 559 4680 hypostasin
591 4608 691 4679 Λόγου
718 4619 762 4666 551
791 4617 887 4667 evecta
917 4630 950 4668 ac
977 4613 1055 4666 Filio
1080 4630 1197 4667 mancas
1217 4614 1319 4679 fecerit
1341 4613 1482 4667 miracuta
1506 4612 1570 4668 Joh.
1600 4619 1646 4682 14,
1670 4630 1696 4667 1.
1720 4619 1759 4669 19.
1783 4621 1812 4668 51

117 4693 232 4766 proinde
258 4711 276 4751 a
312 4696 435 4765 corporis
462 4697 505 4749 sui
531 4696 741 4752 resuscitatione
767 4696 892 4751 Christus
919 4704 951 4753 ut
976 4700 1051 4770 quod
1071 4699 1166 4754 Filius
1192 4699 1332 4752 nsiracuta
1350 4699 1453 4762 feccrit
1469 4696 1710 4767 Α51.10,1.38.
1735 4699 1811 4770 quod

25 4778 27 4783 '
116 4780 198 4836 homo
229 4780 338 4834 excludi
366 4781 470 4850 nequit.
522 4780 719 4837 Consideratur
750 4782 823 4836 enim
851 4790 951 4839 natura
976 4787 1066 4839 Pater
1085 4785 1197 4838 5555511
1227 4784 1365 4838 Christum
1389 4784 1501 4854 Spiritu
1522 4793 1548 4838 et
1571 4785 1673 4838 virtuts
1697 4785 1764 4842 ibid.
1784 4794 1812 4843 ct

116 4863 220 4920 01111511
247 4865 368 4921 bumana
394 4865 439 4920 vel
468 4867 620 4922 secundnm
644 4867 797 4923 divinitatis
819 4884 949 4939 persona·
976 4871 1050 4941 quod
1068 4871 1163 4924 111155
1186 4886 1216 4922 55
1240 4870 1333 4940 ipsum
1354 4871 1466 4924 51155111
1492 4887 1526 4925 ac
1550 4870 1675 4940 Spiritus
1697 4879 1812 4925 5555155

116 4951 179 5005 liter
194 4950 248 5005 sibi
266 4951 361 5005 unitae
379 4957 407 5004 et
427 4967 491 5005 cum
509 4957 569 5006 tota
585 4953 759 5022 plenitudine
778 4953 807 5007 in
827 4960 950 5010 assumto
975 4973 1061 5027 saper
1088 4957 1180 5025 ipsum
1212 4958 1390 5013 descenderit
1418 4974 1452 5011 ac
1487 4957 1622 5012 5115555111
1652 4956 1749 5012 1151111.
1787 4961 1812 5028 3,

115 5051 231 5107 corpore
249 5034 402 5091 habitantis
422 5037 561 5105 virtutem,
578 5044 606 5092 et
623 5039 663 5094 sic
676 5038 803 5094 Christus
822 5046 853 5095 ut
866 5039 948 5096 homo
976 5058 1000 5097 1.
1023 5048 1061 5099 16,
1092 5041 1178 5097 Marc.
1197 5049 1226 5109 1,
1252 5048 1338 5100 119.
1369 5042 1444 5112 quod
1462 5042 1547 5098 Pater
1572 5043 1663 5114 ipsum
1687 5042 1811 5096 colloca·

115 5138 145 5176 se
163 5122 254 5192 ipsum
272 5123 430 5194 suscitavit3
449 5122 494 5179 vel
512 5124 665 5179 secundum
682 5127 816 5181 rationem
833 5131 949 5183 naturae
974 5128 1045 5181 uerit
1069 5131 1110 5182 ad
1135 5131 1264 5185 dextram
1292 5147 1372 5183 suam
1391 5128 1491 5199 Ephes.
1514 5136 1543 5199 1,
1569 5147 1594 5187 v.
1615 5136 1657 5187 11.
1681 5135 1710 5185 et
1733 5128 1811 5201 quod

114 5214 237 5273 creatae,
270 5213 299 5263 et
322 5209 361 5263 sic
384 5228 439 5265 non
467 5209 558 5281 potuit
582 5208 707 5279 efficere,
736 5218 769 5267 51
795 5228 894 5283 corpus
921 5219 949 5267 et
975 5213 1034 5284 ipse
1056 5213 1143 5269 Filius
1170 5218 1328 5283 consederit
1353 5217 1395 5268 ad
1419 5217 1477 5270 Dei
1500 5218 1628 5271 (15515555
1654 5214 1739 5273 Μ515.
1770 5220 1811 5285 16,

115 5292 208 5347 anima
226 5299 261 5347 ad
278 5293 443 5350 seinvicem
460 5295 588 5351 redirent
635 5300 659 5352 3.
677 5294 803 5352 Christus
822 5297 876 5352 sibi
895 5297 948 5369 ipsi
974 5305 1056 5357 1.19.
1083 5301 1158 5371 quod
1178 5300 1263 5357 Pater
1286 5301 1437 5370 subjecerit
1461 5302 1552 5357 1555155
1565 5302 1688 5373 pedibus
1706 5301 1811 5359 Christi

116 5378 225 5433 disertis
250 5379 343 5435 verbis
361 5381 471 5447 tribuit,
500 5383 575 5454 quod
590 5389 758 5452 patestatem
780 5385 879 5438 tabeat
895 5402 947 5456 po·
975 5385 1078 5442 Psalm.
1101 5393 1157 5450 119,
1182 5404 1208 5443 1.
1230 5392 1251 5442 1.
1276 5393 1304 5443 51
1323 5386 1398 5457 quod
1417 5387 1513 5442 Fs'iius
1532 5387 1666 5455 1115551115·
1683 5389 1741 5458 ipsi
1763 5403 1811 5443 555

114 5465 202 5519 15511511
224 5464 348 5522 ammam
373 5484 454 5522 555511
476 5484 496 5522 5
517 5485 546 5524 se
570 5469 798 5539 11155511155555
822 5487 884 5526 eam
900 5488 946 5526 su·
974 5473 1122 5543 aubJ'ecerit
1155 5477 1176 5527 1.
1193 5471 1256 5529 Cor.
1276 5478 1317 5542 15,
1351 5490 1376 5526 1.
1398 5472 1811 5546 251151155115551111111515-
