4104 6014
937 130 990 187 DE
1007 129 1146 188 MORTE.
1832 148 1888 209 131

189 285 366 360 mendcium
380 287 585 357 praedicarent
595 286 732 342 mentibus
750 287 893 342 damnatis
905 295 931 340 et
948 303 1026 357 spem
1053 304 1115 340 cum
1140 295 1229 344 morte
1255 291 1434 355 infidelitatis
1459 299 1485 346 et
1511 292 1666 362 impictatis
1691 295 1888 350 detinerentur.

186 372 289 427 mistis
313 374 451 444 afferrent
473 375 656 429 medentibus.
702 375 758 429 Sed
783 374 853 430 haec
875 375 969 445 opinio
986 391 1026 428 re·
1054 370 1207 431 Salmsron.
1223 380 1289 431 tom.
1311 382 1352 434 lli.
1372 376 1443 447 disp.
1457 384 1482 433 1.
1500 396 1530 448 p.
1548 384 1590 436 93,
1609 385 1707 434 contra
1723 379 1889 435 hancinter·
1941 402 1944 407 ⁴

187 457 295 513 iellitnr
314 475 349 514 ex
367 460 465 530 regula
484 459 650 531 theologica,
669 461 744 530 qnod
765 477 799 516 ex
817 460 925 515 inferno
948 458 1026 513 nulla
1052 459 1235 528 pretationem
1247 471 1336 533 urget,
1354 465 1498 533 66666161
1516 483 1534 517 a
1545 466 1663 518 mortuis
1675 467 1705 518 in
1717 467 1808 520 cerlis
1820 485 1888 538 cpo-

58 545 224 598 6111116611
242 544 387 615 redemtio,
405 561 439 599 ac
457 545 593 616 originem
610 544 697 601 trahit
725 562 759 601 ex
785 546 890 602 haeresi
908 545 1025 600 Marcio·
1051 546 1121 598 stoli
1132 547 1352 616 distinguuntur,
1373 549 1422 605 sed
1434 550 1498 604 tulis
1520 551 1706 606 antanaclasis
1725 569 1758 606 sc
1780 553 1889 608 diversa

187 628 324 699 nitsrum,
349 629 385 684 ds
409 629 512 701 quibus
530 630 664 687 Irenaeus
682 631 728 686 lib.
750 638 769 686 1.
795 620 901 687 adners.
920 631 1025 686 haeres.
1050 630 1174 699 ejusdem
1193 633 1321 687 vocabuli
1334 633 1501 705 significatio
1516 635 1545 689 in
1562 635 1713 707 scripturis
1726 655 1782 692 non
1794 645 1835 693 est
1847 638 1887 692 in·

186 731 211 772 c.
230 720 271 772 29.
292 735 320 786 p.
340 722 387 772 83:
406 716 543 770 Marcion
563 717 673 787 6166661,
706 717 825 770 Geinum
846 726 871 770 et
891 734 952 783 eos,
977 717 1027 785 qui
1050 714 1187 786 frequens.
1209 717 1418 776 Conferlohun.
1427 728 1451 786 5,
1461 739 1486 775 v.
1499 726 1624 778 166116.
1644 728 1669 778 6.
1677 721 1763 778 Hebr.
1772 730 1797 787 u,
1806 741 1830 778 v.
1840 729 1887 779 20:

185 801 292 856 similes
308 809 373 856 sunt
391 803 426 872 ei,
444 810 469 857 et
482 803 645 857 Sodomitcs
660 811 687 857 et
698 804 855 874 Aegyptios
874 811 899 856 et
917 803 1024 855 similes
1054 802 1144 872 Usque
1154 805 1195 856 ad
1204 805 1341 859 interime
1349 805 1504 875 velaminis,
1512 809 1736 876 nbipraecursor
1742 827 1799 876 pro
1808 812 1888 864 nobis

187 890 240 955 eis,
270 900 298 944 et
324 906 418 944 omnes
443 891 554 943 omnino
580 899 688 959 pentes,
720 908 791 959 quae
814 890 845 943 in
868 890 945 943 omni
959 906 1024 958 per·
1049 888 1158 941 introiit
1166 891 1258 944 Jestts.
1271 890 1574 946 HicOlsristusdicitur
1584 895 1703 948 intrasse
1711 897 1886 950 coelumtan-

187 976 317 1030 mistione
334 976 524 1046 malignitatis
542 976 763 1039 ambulaverunt,
783 975 910 1029 saluatus
928 990 986 1028 csse
1003 993 1023 1027 a
1049 991 1133 1044 quam
1144 994 1318 1043 praecursor
1330 979 1511 1048 reliquorum.
1527 981 1566 1033 At
1575 999 1632 1034 non
1640 981 1743 1044 fuisset
1748 999 1886 1051 praecur-

187 1062 327 1130 Domino,
352 1079 414 1115 cum
434 1061 622 1115 descendisset
641 1062 683 1114 cd
707 1061 817 1126 inferos
835 1069 861 1113 61
884 1061 1022 1113 accurris-
1048 1078 1097 1113 sor
1116 1062 1297 1130 reliquorum,
1312 1065 1340 1116 si
1351 1065 1428 1133 justi
1451 1065 1479 1121 V.
1497 1066 1529 1119 Τ.
1547 1067 1705 1120 6616611666
1722 1068 1885 1126 intrassent.

186 1156 244 1200 sent
270 1148 310 1214 ei,
339 1155 364 1201 et
382 1148 412 1200 in
429 1164 510 1200 snum
532 1146 696 1199 assumsisse
720 1163 844 1215 regnum.
892 1129 1175 1247 Pleriqueiliecanus
1208 1148 1237 1202 in
1268 1150 1423 1219 appendice
1448 1151 1520 1221 disp.
1549 1151 1585 1206 de
1609 1157 1721 1223 purgat.
1740 1153 1884 1209 Celsinist.

187 1233 328 1303 accipiunt
358 1239 492 1303 tanquam
519 1231 712 1301 repetitionem
743 1246 854 1301 eorum,
885 1249 958 1303 ques
988 1232 1022 1286 de
1050 1249 1071 1286 c.
1096 1239 1118 1288 1.
1133 1250 1161 1302 p.
1180 1238 1222 1290 ts.
1261 1235 1487 1306 Respondemus:
1512 1235 1592 1292 Sicut
1610 1235 1735 1292 Christus
1756 1246 1885 1309 respectu

188 1317 292 1374 Christi
316 1319 352 1373 ad
378 1318 481 1373 inferos
508 1319 641 1373 descensu
669 1319 810 1388 apostolus
837 1318 1115 1389 praecedentesune
1132 1321 1342 1374 resurrectionis
1362 1328 1436 1376 reete
1456 1322 1557 1377 dicitur
1570 1325 1719 1391 primitiae
1745 1327 1885 1379 dormien-

187 1405 277 1475 capite
309 1411 333 1461 3.
366 1404 484 1460 dixerat.
533 1402 717 1458 Oscumenius
747 1404 777 1457 in
807 1404 881 1458 hunc
916 1405 1116 1501 locumrjtiunr
1134 1422 1169 1457 ac
1188 1408 1391 1474 recorporatione
1411 1412 1433 1460 1.
1452 1405 1514 1462 Cor.
1536 1414 1575 1472 15,
1594 1427 1618 1463 v.
1633 1414 1674 1463 to.
1689 1419 1886 1479 acpcrrnptcr

189 1491 426 1554 Quemadmodum
444 1491 624 1543 inmundum
637 1490 790 1543 adueniens
804 1490 849 1555 iis,
863 1492 914 1560 qui
922 1490 1023 1560 parati
1047 1488 1130 1544 Mich.
1150 1495 1174 1558 2,
1192 1509 1218 1546 v.
1238 1496 1278 1545 13.
1296 1492 1422 1562 quamvis
1441 1491 1488 1546 alii
1509 1493 1536 1546 in
1556 1493 1589 1547 V.
1609 1493 1640 1549 T.
1659 1501 1724 1549 ante
1742 1495 1833 1565 ipsum
1852 1512 1884 1551 ex

188 1585 285 1641 erant,
312 1584 342 1630 ut
374 1577 465 1645 ipsum
492 1584 700 1645 coacescerent,
718 1579 759 1629 ad
783 1576 1021 1645 justificationem
1050 1576 1165 1629 mortuis
1186 1577 1402 1645 resurrexerint,
1427 1579 1493 1649 quia
1510 1578 1569 1650 ipse
1593 1580 1706 1650 propria
1724 1581 1827 1636 virtute
1843 1599 1885 1636 re·

186 1664 267 1728 uenit,
286 1663 419 1731 ignorare
440 1662 614 1731 cupientibus
633 1663 674 1714 ad
690 1662 960 1730 condemnationem,
978 1663 1018 1714 ita
1046 1661 1166 1716 surrexit
1191 1670 1220 1717 et
1237 1663 1444 1717 resurrectionis
1469 1671 1565 1718 auctor
1584 1667 1682 1720 ceteris
1702 1667 1825 1731 exstitit,
1844 1668 1884 1723 ita

187 1756 212 1801 et
242 1749 289 1818 iis,
318 1751 369 1818 gui
395 1751 475 1819 apud
501 1749 611 1811 inferos
646 1755 734 1803 erant.
784 1749 940 1815 Numinis,
972 1748 1022 1816 qui
1046 1762 1156 1816 quoque
1180 1756 1309 1819 respectu
1334 1766 1400 1803 suae
1426 1749 1454 1801 in
1473 1750 1580 1803 coelum
1599 1751 1787 1806 adscensionis
1808 1761 1883 1809 recte

187 1836 337 1888 secundum
354 1851 467 1888 cantem
485 1835 606 1888 bumana
623 1849 700 1887 more
720 1834 859 1898 vicera-nt,
884 1835 926 1886 ad
937 1833 1019 1902 judi·
1046 1832 1148 1886 dicitnr
1158 1832 1318 1906 πρόδρομος
1327 1851 1360 1888 66
1368 1852 1551 1903 praecursor,
1567 1838 1693 1907 quamvis
1705 1840 1794 1893 sancti
1803 1839 1838 1896 V.
1848 1839 1882 1896 T.

188 1921 260 1974 cium
289 1921 418 1989 advenit,
449 1920 607 1989 111166666,
635 1920 686 1988 cui
716 1921 866 1972 secundum
890 1919 1020 1990 spiritum
1046 1920 1077 1974 in
1089 1920 1195 1974 coelum
1212 1921 1269 1974 sint
1280 1920 1392 1990 recepti,
1405 1921 1471 1991 quia
1483 1922 1541 1991 ipse
1551 1924 1663 1993 propria
1674 1925 1776 1979 virtuts
1786 1925 1814 1979 in
1823 1943 1883 1982 coe·

187 2006 328 2076 uicerunt,
358 2007 410 2060 1666
439 2015 478 2059 est
500 2007 587 2075 justa
610 2005 790 2076 spiritualem
817 2023 851 2057 ac
879 2005 1021 2058 1666661666
1047 2005 1104 2059 lum
1116 2005 1268 2074 adscendit,
1288 2013 1317 2060 et
1334 2006 1524 2060 adscensicnis
1542 2015 1640 2062 auctor
1656 2010 1756 2064 ceteris
1770 2010 1882 2067 exstitit.

186 2093 279 2160 citam,
300 2095 341 2146 ad
358 2092 481 2160 pluriam
500 2100 526 2144 et
546 2093 587 2144 ad
606 2091 732 2145 66161666.
767 2090 856 2161 Atqui
880 2090 1022 2160 spostolus
1047 2091 1156 2161 16163,
1176 2111 1200 2145 v.
1223 2096 1270 2146 1³:
1290 2093 1379 2144 Nemo
1397 2093 1547 2145 adsccndit
1567 2093 1735 2164 incoctum,
1761 2098 1821 2151 nisi
1833 2098 1885 2167 qui

187 2194 242 2232 non
274 2177 415 2248 exprimit,
449 2194 467 2231 a
495 2175 604 2231 Christo
633 2177 662 2231 in
691 2176 805 2247 propria
829 2192 948 2246 persona
973 2177 1022 2230 im·
1048 2179 1192 2231 descendit
1212 2179 1248 2230 de
1265 2179 1351 2242 coelo,
1369 2178 1463 2232 Filius
1481 2178 1609 2246 hominis,
1628 2181 1680 2248 qui
1695 2189 1737 2233 661
1750 2183 1780 2234 in
1798 2184 1882 2236 coelo.

188 2263 308 2319 mediate
338 2263 575 2334 praedicationem
607 2262 683 2317 illam
715 2263 832 2332 iactam,
865 2279 917 2316 nec
946 2261 1021 2325 dicit,
1047 2281 1071 2318 c.
1092 2269 1132 2328 14,
1152 2281 1177 2315 r.
1195 2268 1223 2317 2:
1242 2265 1280 2316 In
1300 2265 1383 2316 domo
1402 2263 1501 2316 Putris
1516 2264 1573 2317 mci
1590 2267 1749 2320 murationes
1768 2269 1882 2336 multae,

187 2350 262 2419 apud
284 2350 387 2406 inferos
405 2350 448 2404 vel
468 2351 496 2403 in
515 2349 601 2404 limbo
614 2365 675 2403 eam
689 2366 748 2404 esse
767 2349 878 2404 iactam.
909 2349 1023 2404 Rectius
1047 2351 1074 2403 si
1097 2368 1151 2419 qno
1169 2351 1271 2413 minsis,
1295 2351 1429 2402 dirissem
1453 2352 1545 2415 cotis,
1579 2353 1654 2405 cado
1675 2370 1788 2423 parcre
1806 2356 1883 2408 cobis
1897 2374 1961 2417 mr
1975 2375 2021 2416 tos.

187 2453 253 2508 ergo
285 2436 321 2492 de
348 2436 556 2506 praedicatione
585 2436 722 2506 evangelii
752 2435 829 2490 iacta
855 2435 1022 2506 viventibus,
1051 2437 1151 2491 locun.
1189 2435 1342 2505 Apostolus
1359 2435 1420 2504 ipse
1438 2435 1505 2490 66116
1522 2435 1667 2506 perspicue
1687 2438 1806 2507 exponit,
1827 2454 1883 2509 quo

188 2524 237 2578 sed
256 2511 439 2593 spiritualiter
458 2523 485 2577 in
506 2528 623 2592 peccato
636 2522 752 2576 mortuis
765 2523 843 2576 locus
855 2522 1024 2592 apostolicus
1048 2539 1131 2576 sensu
1150 2538 1184 2575 ac
1201 2526 1330 2592 respectu
1345 2520 1471 2574 Christus
1488 2521 1597 2576 dicatur
1607 2530 1699 2578 noster
1712 2524 1884 2594 prodromus,

188 2609 324 2679 accipitur
341 2610 394 2664 hoc
410 2625 514 2676 sensu,
548 2616 646 2679 gentes
663 2607 826 2679 religionem
838 2607 1023 2662 Christianam
1049 2607 1116 2679 quia
1148 2607 1254 2662 scilicet
1285 2625 1336 2678 pro
1356 2608 1437 2661 notis
1465 2615 1493 2663 et
1510 2613 1623 2679 propter
1646 2628 1698 2662 nos
1715 2612 1821 2664 coelun
1842 2610 1883 2665 in-

187 2702 317 2766 proterve
345 2694 571 2765 blasphemantes
607 2693 726 2748 reddent
751 2693 883 2749 rationem
912 2692 1023 2748 Christo
1048 2711 1162 2763 pressm
1179 2703 1228 2762 est,
1247 2701 1279 2748 ut
1296 2693 1366 2747 illud
1379 2695 1535 2749 nonsolum
1552 2703 1716 2766 propterse,
1735 2696 1785 2750 sed
1800 2696 1882 2751 etiam

184 2781 275 2852 judici
294 2782 372 2836 rivos
392 2788 420 2836 et
439 2787 560 2835 mortuos
577 2780 749 2850 judicaturo,
769 2786 915 2850 propterea
938 2781 1022 2835 etiam
1048 2789 1162 2852 propter
1179 2797 1230 2834 nos
1250 2779 1376 2835 membra
1394 2781 1516 2851 corporis
1536 2782 1581 2835 sui
1599 2781 1710 2852 mystici
1729 2790 1883 2852 occuparet

187 2869 279 2939 impiis
309 2867 456 2940 gentibus,
490 2883 561 2938 quae
588 2870 669 2922 erant
696 2865 877 2935 spiritualiter
899 2873 1023 2921 mortuae
1049 2875 1072 2924 7.
1092 2866 1178 2921 Hebr.
1198 2873 1228 2936 9,
1252 2884 1278 2921 n.
1300 2872 1333 2922 8:
1370 2868 1434 2920 Hoc
1451 2867 1626 2936 significante
1648 2869 1761 2937 Spiritu
1786 2879 1884 2923 sancto

187 2974 277 3027 neque
306 2956 459 3027 quidquam
477 2954 513 3007 de
534 2953 645 3008 Christo
669 2960 819 3023 noverant,
848 2953 1022 3024 evangelium
1048 2957 1172 3009 nondum
1192 2954 1379 3025 propalatam
1410 2970 1468 3006 6666
1494 2954 1574 3007 niam
1600 2962 1761 3008 6666166666
1789 2957 1882 3010 adlsuc

186 3043 264 3098 Deus
283 3042 444 3096 annuntiari
464 3040 571 3103 voluit,
593 3046 625 3093 nt
644 3039 787 3094 salventur
806 3046 833 3094 et
851 3041 946 3093 vivant
962 3039 1022 3093 Deo
1045 3042 1143 3110 priore
1186 3038 1368 3093 tabernaculo
1403 3038 1519 3092 tabente
1551 3046 1661 3094 statum.
1731 3040 1780 3092 Via
1817 3058 1882 3109 erpo

188 3129 377 3199 spiritualiter,
396 3126 504 3182 etiamsi
524 3142 598 3180 more
614 3125 736 3180 humano
755 3125 905 3180 sDomino
923 3125 951 3178 in
968 3125 1022 3179 hnc
1048 3127 1189 3182 coelorum
1214 3127 1338 3179 nondum
1355 3124 1420 3192 fnit
1444 3125 1628 3187 manifestata
1652 3134 1775 3195 tempore
1799 3126 1830 3180 V.
1851 3127 1883 3180 T.

187 3216 246 3270 rita
262 3214 434 3285 castigentur
456 3214 484 3267 in
502 3228 586 3266 carne
600 3220 715 3283 propter
728 3220 889 3284 antegressa
900 3213 1023 3266 enormia
1050 3216 1088 3268 At
1113 3230 1182 3266 sane
1208 3213 1312 3277 suisset
1341 3209 1536 3278 manifestata,
1569 3212 1597 3264 si
1623 3219 1664 3265 tot
1679 3212 1836 3281 prophetae
1857 3221 1883 3266 et
1944 3223 1948 3232 ·

188 3309 312 3373 peccata.
361 3307 383 3356 1.
413 3299 475 3355 Cor.
497 3308 527 3364 5,
560 3318 586 3353 v.
612 3305 636 3354 5.
672 3299 770 3354 Potest
799 3299 882 3353 etism
914 3315 964 3368 per
991 3297 1021 3351 ri
1046 3299 1232 3367 patriarchae
1244 3297 1373 3363 scissent
1392 3297 1520 3363 inpressi.
1570 3294 1699 3352 Becanus
1725 3296 1751 3351 d.
1777 3297 1794 3350 l.
1828 3296 1882 3354 Re-

186 3389 315 3457 intimari
332 3388 486 3441 secundum
503 3387 627 3441 tornines
646 3403 732 3439 carne
750 3384 866 3456 intelligi
882 3385 1023 3439 damnatio
1049 3384 1234 3456 spondemus:
1265 3382 1368 3437 Sensus
1387 3386 1445 3449 est,
1476 3381 1551 3452 quod
1575 3382 1710 3437 sacrificia
1728 3383 1815 3440 vJT.
1833 3401 1883 3454 per

187 3481 216 3530 et
244 3473 360 3528 abolitio
389 3473 489 3528 veteris
518 3473 577 3527 sive
595 3471 713 3526 carnalis
744 3469 878 3534 bominis,
910 3470 962 3525 hoc
980 3477 1024 3524 est
1049 3489 1078 3526 se
1108 3477 1136 3525 et
1164 3488 1197 3525 ex
1222 3486 1252 3524 se
1269 3486 1324 3523 non
1348 3467 1509 3538 aperuerint
1527 3467 1600 3520 vism
1619 3467 1648 3521 in
1666 3469 1787 3538 coelum,
1819 3469 1882 3524 ideo

186 3559 409 3621 conversationis,
439 3558 593 3614 secundnm
627 3556 751 3611 homines
786 3557 815 3610 in
863 3555 1022 3612 carnalibus
1048 3555 1197 3628 quotannis
1218 3556 1358 3625 ingressus
1378 3552 1528 3608 sacerdotis
1542 3553 1570 3606 in
1583 3558 1710 3608 sanctum
1723 3562 1882 3610 sanctorum

186 3645 416 3715 concupiscentiis
443 3660 476 3698 ac
504 3660 554 3713 per
578 3641 608 3696 τὸ
638 3644 729 3696 cincre
758 3643 909 3695 secumdum
927 3644 1021 3696 Deum
1048 3641 1236 3713 repetebatur,
1254 3648 1282 3696 et
1300 3648 1363 3710 post
1381 3639 1441 3709 ejus
1454 3655 1595 3709 egressum
1606 3638 1676 3693 illud
1693 3640 1882 3695 sanctuarium
1931 3669 1933 3672 ·

186 3733 290 3801 spiritu
318 3731 376 3784 vita
407 3729 559 3800 spiritualis
578 3728 730 3783 secundum
757 3744 859 3782 novum
883 3727 1020 3782 bominem
1048 3730 1163 3785 interius
1181 3728 1281 3782 iterum
1299 3723 1508 3794 occludebatur,
1527 3723 1652 3779 Christus
1670 3732 1764 3781 antem
1782 3728 1811 3781 in
1831 3743 1882 3781 sus

186 3817 297 3871 divinae
316 3815 452 3870 voluntati
470 3813 626 3869 conformis.
659 3814 834 3884 Augustinus
849 3813 958 3885 epistol.
980 3818 1020 3869 99.
1049 3815 1176 3887 passione
1196 3829 1292 3867 verum
1311 3818 1339 3866 et
1356 3811 1468 3865 unicum
1481 3810 1704 3881 propitiatorium
1714 3811 1881 3867 sacrificium

185 3903 222 3956 sd
241 3901 391 3956 Euodium:
419 3901 500 3954 Fieri
521 3908 628 3969 potest,
654 3907 685 3952 61
704 3907 828 3953 mortuos
856 3901 960 3953 dicerit
981 3901 1021 3953 in·
1049 3903 1077 3955 in
1104 3918 1154 3955 nra
1179 3899 1268 3954 crucis
1284 3899 1347 3953 Deo
1364 3897 1443 3953 Patri
1468 3897 1584 3961 obtulit,
1616 3914 1666 3967 per
1691 3898 1765 3968 quod
1791 3899 1837 3952 vis
1854 3898 1883 3951 in

185 3989 298 4055 fideles,
325 3989 377 4041 166
407 3994 448 4040 661
474 3986 503 4039 in
532 3986 629 4038 anima
656 3994 797 4054 mortuos,
826 3987 861 4038 de
890 3986 1022 4054 qualibus
1049 3988 1156 4044 coelum
1184 4002 1217 4040 66
1247 3984 1318 4040 liber
1344 3984 1436 4038 editus
1465 3984 1502 4038 nd
1524 3985 1654 4037 tironum
1679 3985 1882 4054 9666666616-

187 4075 310 4142 dicitur,
362 4073 472 4126 dimitte
505 4080 643 4140 mortuos,
676 4079 707 4124 ut
733 4073 872 4141 sepeliant
900 4082 1022 4127 mortuos
1050 4076 1141 4129 iaetus
1161 4078 1212 4141 est,
1231 4070 1259 4124 in
1279 4071 1360 4139 cujus
1379 4069 1611 4141 significationem
1630 4069 1721 4123 velum
1741 4069 1836 4138 templi
1854 4068 1883 4122 in

188 4178 274 4223 suos;
302 4159 378 4212 nicos
396 4165 497 4226 661666,
518 4156 568 4226 qui
586 4159 704 4210 creditnt
715 4157 745 4210 in
760 4173 821 4211 eum
840 4175 895 4211 non
911 4160 1023 4220 fnestra
1053 4161 1140 4232 ipsius
1159 4158 1288 4229 passione
1300 4156 1355 4210 fuit
1367 4157 1492 4220 scissum,
1508 4155 1559 4209 sed
1570 4171 1604 4208 ex
1622 4170 1654 4208 eo
1667 4153 1760 4223 colligi
1778 4155 1883 4224 nequit,

188 4246 342 4308 audientes,
376 4260 459 4311 succe
476 4243 527 4310 qni
546 4244 654 4296 dormis
674 4250 699 4295 61
725 4259 842 4312 ersurpe
862 4262 880 4296 6
897 4247 1022 4310 mortuis,
1051 4252 1163 4303 sanctos
1183 4243 1216 4301 V.
1235 4243 1267 4300 T.
1287 4259 1304 4296 a
1323 4240 1401 4295 coelo
1420 4240 1531 4310 penitus
1552 4246 1673 4293 extorres
1689 4237 1789 4308 fuisse,
1818 4239 1884 4310 quia

187 4340 214 4384 et
232 4330 404 4383 illuminabit
430 4337 457 4382 te
476 4326 621 4396 Christus,
653 4330 688 4381 de
715 4328 843 4397 natalibus
862 4330 944 4381 etiam
964 4331 1024 4398 ipse
1046 4334 1147 4402 passio
1177 4329 1286 4383 Christi
1308 4327 1433 4397 profuit,
1454 4335 1602 4394 autemeam
1629 4325 1701 4390 fuit,
1735 4341 1768 4378 ac
1794 4342 1884 4395 agnus

188 4417 328 4471 Dominus
346 4415 434 4469 dicit:
471 4417 558 4468 reniet
577 4415 664 4480 lora,
688 4423 714 4468 et
732 4432 805 4467 nunc
831 4422 883 4478 cst,
909 4419 1024 4483 quando
1051 4419 1110 4472 Dei
1133 4417 1240 4471 occims
1266 4423 1305 4468 est
1333 4413 1369 4465 ab
1391 4412 1500 4479 origine
1526 4410 1627 4462 mundi
1644 4409 1732 4479 Apoc.
1754 4416 1794 4475 13,
1815 4430 1839 4464 v.
1859 4416 1883 4466 8.

186 4503 292 4556 mortui
317 4502 435 4555 audient
464 4517 558 4554 uocem
578 4500 651 4553 Filii
669 4502 728 4554 Dei
747 4508 773 4553 et
799 4501 849 4568 qui
870 4501 1022 4564 audierint,
1049 4504 1124 4558 unde
1152 4503 1293 4556 credimus
1329 4516 1381 4569 per
1414 4499 1536 4565 pralium
1554 4497 1673 4550 Domini
1697 4497 1791 4550 nostri
1812 4499 1885 4551 Jesu

188 4589 285 4641 sinent.
324 4588 452 4640 Proinde
471 4587 554 4640 etiam
572 4586 631 4649 loc,
653 4589 730 4655 qtsod
743 4587 886 4655 sequitu-r,
903 4594 1024 4655 propter
1050 4589 1158 4643 Christi
1188 4588 1312 4651 salvari,
1345 4585 1577 4654 quemadmodum
1607 4590 1633 4635 61
1657 4591 1758 4652 patres
1792 4584 1820 4639 V.
1850 4584 1884 4640 T.

187 4673 238 4728 166
265 4682 291 4726 61
319 4674 437 4726 mortuis
462 4675 681 4742 evangelizatum
711 4681 761 4734 est,
787 4680 835 4725 etc.
867 4689 923 4724 non
951 4673 1024 4739 capit
1048 4677 1112 4732 Act,
1136 4680 1175 4741 15,
1194 4690 1219 4725 v.
1244 4678 1283 4726 ll.
1320 4677 1344 4726 8.
1357 4669 1444 4724 Hebr.
1466 4673 1503 4732 10,
1521 4684 1545 4721 v.
1562 4674 1608 4723 19:
1627 4669 1770 4723 Habentes
1789 4675 1882 4738 itaque

186 4762 267 4829 apud
284 4761 393 4823 inferos
411 4759 540 4827 intelligi.
576 4759 733 4827 Propterea
752 4758 871 4812 enimin
891 4759 1022 4811 lcacnita
1044 4761 1184 4830 fiduciam
1204 4760 1234 4810 in
1254 4757 1372 4809 introitu
1390 4762 1551 4808 sanctorum
1569 4755 1599 4807 iu
1617 4755 1754 4824 sanquine
1767 4754 1881 4821 Christi,

187 4854 213 4899 et
235 4847 352 4899 mortuis
372 4845 589 4914 evangelizatum
616 4853 672 4913 est,
700 4846 733 4898 id
758 4855 798 4898 cst
817 4844 978 4914 infidelibus
998 4852 1023 4897 et
1049 4866 1074 4902 o.
1086 4850 1131 4901 20.
1149 4862 1233 4914 quam
1251 4840 1375 4895 initiavit
1387 4840 1466 4893 notis
1480 4841 1555 4893 niam
1570 4859 1670 4895 nouam
1685 4841 1886 4910 pervelamen,

186 4933 300 5002 iniquis,
318 4940 424 4984 616666
443 4930 634 4999 crediderint,
660 4932 831 4999 judicentur
851 4931 963 5001 quidem
981 4948 1022 4984 se·
1050 4934 1084 4986 id
1109 4942 1149 4986 est
1167 4946 1384 4984 carnem-suam.
1424 4929 1505 4997 Ergo
1526 4929 1654 4982 Christus
1678 4945 1729 4980 suo
1748 4927 1885 4994 sanguine

186 5021 306 5071 cundum
324 5016 447 5071 1666ιί666
466 5017 602 5082 incarne,
621 5017 673 5069 166
691 5027 733 5070 661
753 5018 783 5069 in
803 5018 923 5070 diuersis
938 5016 1023 5070 tribu·
1047 5020 1165 5090 paravit
1182 5011 1261 5070 nobis
1278 5031 1379 5067 nocam
1398 5014 1472 5066 niam
1490 5015 1532 5066 ad
1549 5014 1671 5078 ecclam,
1702 5014 1778 5081 quod
1802 5021 1886 5066 antea

186 5105 337 5158 lotionibus
358 5111 384 5157 et
403 5103 433 5156 in
452 5104 517 5172 ipsa
536 5109 623 5155 morte
641 5104 747 5171 carnis,
765 5107 840 5157 uncle
861 5106 935 5157 idem
954 5121 1023 5173 apo·
1050 5108 1176 5160 clausum
1205 5109 1285 5169 erat,-
1315 5101 1355 5153 ad
1382 5102 1459 5168 quod
1486 5100 1619 5152 alludens
1642 5098 1832 5163 Hieronymus
1858 5098 1888 5151 in

185 5193 274 5247 stolus
305 5190 364 5244 clio
377 5191 407 5242 in
425 5189 488 5242 loco
507 5188 590 5252 dicit,
619 5197 726 5258 ternpus
743 5207 817 5259 esse,
849 5199 879 5242 ut
905 5191 1025 5260 incipiat
1051 5193 1130 5264 epist.
1149 5192 1191 5243 ad
1202 5190 1298 5242 Dard.
1317 5189 1371 5242 ait:
1388 5186 1512 5254 Sanpuis
1525 5184 1631 5238 Olristi
1644 5184 1733 5237 clavis
1741 5182 1888 5251 paradisi.

184 5278 323 5346 judicium
342 5294 360 5328 a
379 5278 462 5329 domo
483 5274 616 5341 Domini,·
642 5276 736 5328 cicant
754 5284 846 5328 autem
873 5278 1025 5330 secuudum
1051 5279 1178 5333 Becanus
1207 5275 1234 5328 d.
1263 5274 1281 5328 l.
1328 5272 1555 5342 Respondemus:
1586 5269 1771 5324 concedimus
1800 5275 1888 5324 totum

189 5366 282 5417 Deum
299 5363 420 5430 spiritu,
442 5362 510 5429 quia
531 5368 557 5415 61
583 5361 614 5414 in
634 5360 695 5431 ipso
713 5362 829 5426 funum
853 5363 1024 5432 mortificati,
1054 5369 1256 5441 argumentum,
1273 5360 1323 5415 sed
1343 5377 1377 5415 ex
1395 5377 1428 5415 eo
1446 5375 1502 5412 non
1519 5357 1653 5429 sequitur,
1671 5363 1783 5412 sanctos
1804 5355 1838 5414 V.
1855 5355 1888 5412 T.

1517 5463 1558 5518 96
