<?xml version="1.0" encoding="UTF-8"?>
<!DOCTYPE html PUBLIC "-//W3C//DTD XHTML 1.0 Transitional//EN"
    "http://www.w3.org/TR/xhtml1/DTD/xhtml1-transitional.dtd">
<html xmlns="http://www.w3.org/1999/xhtml" xml:lang="en" lang="en">
 <head>
  <title>
</title>
<meta http-equiv="Content-Type" content="text/html;charset=utf-8" />
  <meta name='ocr-system' content='tesseract 3.04.00' />
  <meta name='ocr-capabilities' content='ocr_page ocr_carea ocr_par ocr_line ocrx_word'/>
</head>
<body>
  <div class='ocr_page' id='page_1' title='image "./locitheologicit00gerhgoog/locitheologicit00gerhgoog_0501.png"; bbox 0 0 4104 6014; ppageno 0'>
   <div class='ocr_carea' id='block_1_1' title="bbox 243 291 1305 369">
    <p class='ocr_par' dir='ltr' id='par_1_1' title="bbox 243 291 1305 369">
     <span class='ocr_line' id='line_1_1' title="bbox 243 291 1305 369; baseline -0.015 0"><span class='ocrx_word' id='word_1_1' title='bbox 243 310 304 369; x_wconf 83' lang='lat' dir='ltr'><strong>lae</strong></span> <span class='ocrx_word' id='word_1_2' title='bbox 859 291 1088 354; x_wconf 77' lang='lat' dir='ltr'>TRAOTATUS</span> <span class='ocrx_word' id='word_1_3' title='bbox 1107 293 1305 355; x_wconf 79' lang='lat' dir='ltr'>SECUNDUS</span> 
     </span>
    </p>
   </div>
   <div class='ocr_carea' id='block_1_2' title="bbox 145 450 1993 3035">
    <p class='ocr_par' dir='ltr' id='par_1_2' title="bbox 244 450 1942 1564">
     <span class='ocr_line' id='line_1_2' title="bbox 244 450 1933 525; baseline -0.002 -14"><span class='ocrx_word' id='word_1_4' title='bbox 244 456 461 525; x_wconf 77' lang='lat' dir='ltr'><strong>15.·Seleplrius</strong></span> <span class='ocrx_word' id='word_1_5' title='bbox 487 454 515 509; x_wconf 91' lang='lat' dir='ltr'><strong>in</strong></span> <span class='ocrx_word' id='word_1_6' title='bbox 534 453 721 509; x_wconf 81' lang='lat' dir='ltr'><strong>Antisimonio</strong></span> <span class='ocrx_word' id='word_1_7' title='bbox 747 460 813 511; x_wconf 89' lang='lat' dir='ltr'><strong>sect.</strong></span> <span class='ocrx_word' id='word_1_8' title='bbox 839 459 861 509; x_wconf 89' lang='grc'><strong>9.</strong></span> <span class='ocrx_word' id='word_1_9' title='bbox 890 472 919 525; x_wconf 89' lang='lat' dir='ltr'><strong>p.</strong></span> <span class='ocrx_word' id='word_1_10' title='bbox 939 458 1007 510; x_wconf 74' lang='lat'><strong>⁴20:</strong></span> <span class='ocrx_word' id='word_1_11' title='bbox 1041 450 1076 505; x_wconf 82' lang='lat' dir='ltr'><strong>Si</strong></span> <span class='ocrx_word' id='word_1_12' title='bbox 1100 450 1283 506; x_wconf 72' lang='lat' dir='ltr'><strong>eunomiam</strong></span> <span class='ocrx_word' id='word_1_13' title='bbox 1300 468 1403 516; x_wconf 85' lang='lat' dir='ltr'><strong>rorum,</strong></span> <span class='ocrx_word' id='word_1_14' title='bbox 1422 455 1572 522; x_wconf 76' lang='lat' dir='ltr'><strong>quaeirsde</strong></span> <span class='ocrx_word' id='word_1_15' title='bbox 1580 453 1757 524; x_wconf 86' lang='lat' dir='ltr'><strong>proueniunt,</strong></span> <span class='ocrx_word' id='word_1_16' title='bbox 1776 467 1828 507; x_wconf 87' lang='lat' dir='ltr'><strong>nec</strong></span> <span class='ocrx_word' id='word_1_17' title='bbox 1841 460 1933 507; x_wconf 72' lang='lat' dir='ltr'><strong>mosea</strong></span> 
     </span>
     <span class='ocr_line' id='line_1_3' title="bbox 246 536 1937 617; baseline -0.001 -21"><span class='ocrx_word' id='word_1_18' title='bbox 246 543 435 617; x_wconf 84' lang='lat' dir='ltr'><strong>proprietates</strong></span> <span class='ocrx_word' id='word_1_19' title='bbox 452 542 580 612; x_wconf 76' lang='lat' dir='ltr'><strong>eorpoms</strong></span> <span class='ocrx_word' id='word_1_20' title='bbox 600 541 721 609; x_wconf 65' lang='lat' dir='ltr'><strong>plurim</strong></span> <span class='ocrx_word' id='word_1_21' title='bbox 736 542 813 596; x_wconf 85' lang='lat' dir='ltr'><strong>aliae</strong></span> <span class='ocrx_word' id='word_1_22' title='bbox 825 546 897 609; x_wconf 90' lang='lat' dir='ltr'><strong>suut,</strong></span> <span class='ocrx_word' id='word_1_23' title='bbox 915 541 999 594; x_wconf 88' lang='lat' dir='ltr'><strong>etiam</strong></span> <span class='ocrx_word' id='word_1_24' title='bbox 1012 539 1071 593; x_wconf 81' lang='lat' dir='ltr'><strong>sub·</strong></span> <span class='ocrx_word' id='word_1_25' title='bbox 1101 536 1131 590; x_wconf 87' lang='lat' dir='ltr'><strong>in</strong></span> <span class='ocrx_word' id='word_1_26' title='bbox 1154 539 1258 593; x_wconf 87' lang='lat' dir='ltr'><strong>semine</strong></span> <span class='ocrx_word' id='word_1_27' title='bbox 1281 539 1394 593; x_wconf 84' lang='lat' dir='ltr'><strong>arboris</strong></span> <span class='ocrx_word' id='word_1_28' title='bbox 1415 541 1546 594; x_wconf 83' lang='lat' dir='ltr'><strong>uidentur</strong></span> <span class='ocrx_word' id='word_1_29' title='bbox 1564 543 1696 610; x_wconf 69' lang='lat' dir='ltr'><strong>friuolus,</strong></span> <span class='ocrx_word' id='word_1_30' title='bbox 1718 541 1826 610; x_wconf 78' lang='lat' dir='ltr'><strong>flores,</strong></span> <span class='ocrx_word' id='word_1_31' title='bbox 1851 540 1937 605; x_wconf 80' lang='lat' dir='ltr'><strong>folia,</strong></span> 
     </span>
     <span class='ocr_line' id='line_1_4' title="bbox 244 625 1936 701; baseline -0.003 -16"><span class='ocrx_word' id='word_1_32' title='bbox 244 632 355 701; x_wconf 73' lang='lat' dir='ltr'><strong>jectum,</strong></span> <span class='ocrx_word' id='word_1_33' title='bbox 373 644 471 697; x_wconf 85' lang='lat' dir='ltr'><strong>nempe</strong></span> <span class='ocrx_word' id='word_1_34' title='bbox 489 627 646 682; x_wconf 76' lang='lat' dir='ltr'><strong>animantia</strong></span> <span class='ocrx_word' id='word_1_35' title='bbox 664 628 793 699; x_wconf 87' lang='lat' dir='ltr'><strong>corporis</strong></span> <span class='ocrx_word' id='word_1_36' title='bbox 811 627 931 697; x_wconf 80' lang='lat' dir='ltr'><strong>ploriosi</strong></span> <span class='ocrx_word' id='word_1_37' title='bbox 942 627 1003 682; x_wconf 89' lang='lat' dir='ltr'><strong>alia</strong></span> <span class='ocrx_word' id='word_1_38' title='bbox 1015 626 1075 681; x_wconf 87' lang='lat' dir='ltr'><strong>erit.</strong></span> <span class='ocrx_word' id='word_1_39' title='bbox 1101 625 1184 694; x_wconf 85' lang='lat' dir='ltr'><strong>rami,</strong></span> <span class='ocrx_word' id='word_1_40' title='bbox 1203 633 1305 696; x_wconf 66' lang='lat' dir='ltr'><strong>cortem</strong></span> <span class='ocrx_word' id='word_1_41' title='bbox 1324 633 1447 694; x_wconf 80' lang='lat' dir='ltr'><strong>truncus,</strong></span> <span class='ocrx_word' id='word_1_42' title='bbox 1466 644 1526 681; x_wconf 88' lang='lat' dir='ltr'><strong>eum</strong></span> <span class='ocrx_word' id='word_1_43' title='bbox 1544 626 1672 697; x_wconf 81' lang='lat' dir='ltr'><strong>alioqum</strong></span> <span class='ocrx_word' id='word_1_44' title='bbox 1690 626 1721 680; x_wconf 88' lang='lat' dir='ltr'><strong>in</strong></span> <span class='ocrx_word' id='word_1_45' title='bbox 1740 627 1795 681; x_wconf 74' lang='lat' dir='ltr'><strong>illo</strong></span> <span class='ocrx_word' id='word_1_46' title='bbox 1813 627 1893 681; x_wconf 87' lang='lat' dir='ltr'><strong>ratio</strong></span> <span class='ocrx_word' id='word_1_47' title='bbox 1911 634 1936 680; x_wconf 85' lang='lat' dir='ltr'><strong>et</strong></span> 
     </span>
     <span class='ocr_line' id='line_1_5' title="bbox 248 711 1935 786; baseline -0.002 -16"><span class='ocrx_word' id='word_1_48' title='bbox 248 717 285 770; x_wconf 87' lang='lat' dir='ltr'><strong>Et</strong></span> <span class='ocrx_word' id='word_1_49' title='bbox 307 719 407 786; x_wconf 87' lang='lat' dir='ltr'><strong>postea</strong></span> <span class='ocrx_word' id='word_1_50' title='bbox 433 713 579 786; x_wconf 75' lang='lat' dir='ltr'><strong>distinguit</strong></span> <span class='ocrx_word' id='word_1_51' title='bbox 604 714 676 769; x_wconf 86' lang='lat' dir='ltr'><strong>inter</strong></span> <span class='ocrx_word' id='word_1_52' title='bbox 693 715 875 768; x_wconf 76' lang='lat' dir='ltr'><strong>rubuamram</strong></span> <span class='ocrx_word' id='word_1_53' title='bbox 893 715 1013 770; x_wconf 82' lang='lat' dir='ltr'><strong>bominis</strong></span> <span class='ocrx_word' id='word_1_54' title='bbox 1032 730 1076 767; x_wconf 89' lang='lat' dir='ltr'><strong>re·</strong></span> <span class='ocrx_word' id='word_1_55' title='bbox 1101 711 1144 766; x_wconf 83' lang='lat' dir='ltr'><strong>nis</strong></span> <span class='ocrx_word' id='word_1_56' title='bbox 1156 712 1255 766; x_wconf 72' lang='lat' dir='ltr'><strong>lanum</strong></span> <span class='ocrx_word' id='word_1_57' title='bbox 1267 713 1389 767; x_wconf 91' lang='lat' dir='ltr'><strong>omnium</strong></span> <span class='ocrx_word' id='word_1_58' title='bbox 1405 713 1537 784; x_wconf 71' lang='lat' dir='ltr'><strong>anuuu,</strong></span> <span class='ocrx_word' id='word_1_59' title='bbox 1555 714 1596 767; x_wconf 85' lang='lat' dir='ltr'><strong>sie</strong></span> <span class='ocrx_word' id='word_1_60' title='bbox 1615 729 1645 768; x_wconf 85' lang='lat' dir='ltr'><strong>se</strong></span> <span class='ocrx_word' id='word_1_61' title='bbox 1664 729 1724 768; x_wconf 89' lang='lat' dir='ltr'><strong>rem</strong></span> <span class='ocrx_word' id='word_1_62' title='bbox 1742 713 1847 768; x_wconf 76' lang='lat' dir='ltr'><strong>babere</strong></span> <span class='ocrx_word' id='word_1_63' title='bbox 1863 713 1935 767; x_wconf 83' lang='lat' dir='ltr'><strong>dicit</strong></span> 
     </span>
     <span class='ocr_line' id='line_1_6' title="bbox 248 798 1936 872; baseline -0.001 -15"><span class='ocrx_word' id='word_1_64' title='bbox 248 802 388 871; x_wconf 79' lang='lat' dir='ltr'><strong>serpentis</strong></span> <span class='ocrx_word' id='word_1_65' title='bbox 407 805 436 855; x_wconf 91' lang='lat' dir='ltr'><strong>et</strong></span> <span class='ocrx_word' id='word_1_66' title='bbox 454 799 720 855; x_wconf 83' lang='lat' dir='ltr'><strong>intersubslantiam</strong></span> <span class='ocrx_word' id='word_1_67' title='bbox 732 801 868 871; x_wconf 72' lang='lat' dir='ltr'><strong>oorpmis,</strong></span> <span class='ocrx_word' id='word_1_68' title='bbox 888 800 1077 872; x_wconf 72' lang='lat' dir='ltr'><strong>hominemque</strong></span> <span class='ocrx_word' id='word_1_69' title='bbox 1104 798 1134 851; x_wconf 90' lang='lat' dir='ltr'><strong>in</strong></span> <span class='ocrx_word' id='word_1_70' title='bbox 1152 799 1290 853; x_wconf 65' lang='lat' dir='ltr'><strong>anmals</strong></span> <span class='ocrx_word' id='word_1_71' title='bbox 1313 807 1339 853; x_wconf 87' lang='lat' dir='ltr'><strong>et</strong></span> <span class='ocrx_word' id='word_1_72' title='bbox 1360 800 1477 853; x_wconf 86' lang='lat' dir='ltr'><strong>residua</strong></span> <span class='ocrx_word' id='word_1_73' title='bbox 1501 818 1650 871; x_wconf 86' lang='lat' dir='ltr'><strong>corporum</strong></span> <span class='ocrx_word' id='word_1_74' title='bbox 1667 808 1830 854; x_wconf 84' lang='lat' dir='ltr'><strong>nostrorum</strong></span> <span class='ocrx_word' id='word_1_75' title='bbox 1850 808 1936 856; x_wconf 80' lang='lat' dir='ltr'><strong>moss-</strong></span> 
     </span>
     <span class='ocr_line' id='line_1_7' title="bbox 247 882 1938 962; baseline 0.001 -19"><span class='ocrx_word' id='word_1_76' title='bbox 247 891 363 943; x_wconf 78' lang='lat' dir='ltr'><strong>sanaem</strong></span> <span class='ocrx_word' id='word_1_77' title='bbox 392 904 448 941; x_wconf 92' lang='lat' dir='ltr'><strong>non</strong></span> <span class='ocrx_word' id='word_1_78' title='bbox 482 895 574 941; x_wconf 89' lang='lat' dir='ltr'><strong>aulem</strong></span> <span class='ocrx_word' id='word_1_79' title='bbox 605 888 681 941; x_wconf 81' lang='lat' dir='ltr'><strong>idem</strong></span> <span class='ocrx_word' id='word_1_80' title='bbox 707 903 809 957; x_wconf 86' lang='lat' dir='ltr'><strong>eorpus</strong></span> <span class='ocrx_word' id='word_1_81' title='bbox 835 889 899 954; x_wconf 79' lang='lat' dir='ltr'><strong>fore</strong></span> <span class='ocrx_word' id='word_1_82' title='bbox 927 885 1077 956; x_wconf 89' lang='lat' dir='ltr'><strong>concludit,</strong></span> <span class='ocrx_word' id='word_1_83' title='bbox 1104 882 1165 952; x_wconf 80' lang='lat' dir='ltr'><strong>ria,</strong></span> <span class='ocrx_word' id='word_1_84' title='bbox 1186 902 1220 937; x_wconf 85' lang='lat' dir='ltr'><strong>ae</strong></span> <span class='ocrx_word' id='word_1_85' title='bbox 1237 885 1393 938; x_wconf 78' lang='lat' dir='ltr'><strong>similium</strong></span> <span class='ocrx_word' id='word_1_86' title='bbox 1409 894 1489 941; x_wconf 83' lang='lat' dir='ltr'><strong>uocat</strong></span> <span class='ocrx_word' id='word_1_87' title='bbox 1509 887 1718 962; x_wconf 66' lang='lat' dir='ltr'><strong>antuerpiensis</strong></span> <span class='ocrx_word' id='word_1_88' title='bbox 1739 892 1787 942; x_wconf 78' lang='lat' dir='ltr'><strong>sal</strong></span> <span class='ocrx_word' id='word_1_89' title='bbox 1807 884 1938 960; x_wconf 70' lang='lat' dir='ltr'><strong>deripier</strong></span> 
     </span>
     <span class='ocr_line' id='line_1_8' title="bbox 247 970 1938 1046; baseline 0.001 -17"><span class='ocrx_word' id='word_1_90' title='bbox 247 991 309 1029; x_wconf 90' lang='lat' dir='ltr'><strong>eum</strong></span> <span class='ocrx_word' id='word_1_91' title='bbox 336 991 391 1046; x_wconf 91' lang='lat' dir='ltr'><strong>quo</strong></span> <span class='ocrx_word' id='word_1_92' title='bbox 419 973 557 1029; x_wconf 75' lang='lat' dir='ltr'><strong>consentit</strong></span> <span class='ocrx_word' id='word_1_93' title='bbox 582 972 651 1027; x_wconf 89' lang='lat' dir='ltr'><strong>illud</strong></span> <span class='ocrx_word' id='word_1_94' title='bbox 676 972 772 1028; x_wconf 85' lang='lat' dir='ltr'><strong>Alberi</strong></span> <span class='ocrx_word' id='word_1_95' title='bbox 798 972 826 1026; x_wconf 90' lang='lat' dir='ltr'><strong>in</strong></span> <span class='ocrx_word' id='word_1_96' title='bbox 846 977 916 1028; x_wconf 90' lang='lat' dir='ltr'><strong>orat.</strong></span> <span class='ocrx_word' id='word_1_97' title='bbox 936 973 972 1028; x_wconf 87' lang='lat' dir='ltr'><strong>de</strong></span> <span class='ocrx_word' id='word_1_98' title='bbox 989 989 1078 1028; x_wconf 89' lang='lat' dir='ltr'><strong>resur·</strong></span> <span class='ocrx_word' id='word_1_99' title='bbox 1105 970 1148 1024; x_wconf 84' lang='lat' dir='ltr'><strong>rel</strong></span> <span class='ocrx_word' id='word_1_100' title='bbox 1166 975 1198 1025; x_wconf 92' lang='lat' dir='ltr'><strong>ut</strong></span> <span class='ocrx_word' id='word_1_101' title='bbox 1214 970 1346 1026; x_wconf 83' lang='lat' dir='ltr'><strong>Erasmus</strong></span> <span class='ocrx_word' id='word_1_102' title='bbox 1364 972 1394 1026; x_wconf 91' lang='lat' dir='ltr'><strong>in</strong></span> <span class='ocrx_word' id='word_1_103' title='bbox 1412 973 1523 1028; x_wconf 85' lang='lat' dir='ltr'><strong>scholiis</strong></span> <span class='ocrx_word' id='word_1_104' title='bbox 1541 974 1576 1030; x_wconf 90' lang='lat' dir='ltr'><strong>sd</strong></span> <span class='ocrx_word' id='word_1_105' title='bbox 1586 972 1789 1046; x_wconf 85' lang='lat' dir='ltr'><strong>Hieronymum</strong></span> <span class='ocrx_word' id='word_1_106' title='bbox 1810 974 1938 1031; x_wconf 61' lang='lat' dir='ltr'><strong>men&amp;-</strong></span> 
     </span>
     <span class='ocr_line' id='line_1_9' title="bbox 248 1053 1939 1130; baseline 0.001 -16"><span class='ocrx_word' id='word_1_107' title='bbox 248 1067 313 1114; x_wconf 91' lang='lat' dir='ltr'><strong>rect.</strong></span> <span class='ocrx_word' id='word_1_108' title='bbox 338 1059 388 1114; x_wconf 92' lang='lat' dir='ltr'><strong>ubi</strong></span> <span class='ocrx_word' id='word_1_109' title='bbox 412 1057 554 1129; x_wconf 88' lang='lat' dir='ltr'><strong>disputat,</strong></span> <span class='ocrx_word' id='word_1_110' title='bbox 586 1075 620 1112; x_wconf 82' lang='lat' dir='ltr'><strong>ec</strong></span> <span class='ocrx_word' id='word_1_111' title='bbox 648 1067 769 1129; x_wconf 67' lang='lat' dir='ltr'><strong>mutuor</strong></span> <span class='ocrx_word' id='word_1_112' title='bbox 787 1059 929 1114; x_wconf 87' lang='lat' dir='ltr'><strong>elementis</strong></span> <span class='ocrx_word' id='word_1_113' title='bbox 946 1067 1080 1128; x_wconf 85' lang='lat' dir='ltr'><strong>tanquam</strong></span> <span class='ocrx_word' id='word_1_114' title='bbox 1106 1053 1159 1122; x_wconf 81' lang='lat' dir='ltr'><strong>vit,</strong></span> <span class='ocrx_word' id='word_1_115' title='bbox 1181 1053 1322 1130; x_wconf 77' lang='grc' dir='ltr'><strong><em>σωτήριον,</em></strong></span> <span class='ocrx_word' id='word_1_116' title='bbox 1346 1057 1420 1130; x_wconf 90' lang='lat' dir='ltr'><strong>quod</strong></span> <span class='ocrx_word' id='word_1_117' title='bbox 1441 1065 1483 1113; x_wconf 89' lang='lat' dir='ltr'><strong>est</strong></span> <span class='ocrx_word' id='word_1_118' title='bbox 1500 1061 1738 1115; x_wconf 76' lang='lat' dir='ltr'><strong>cmseremorimn</strong></span> <span class='ocrx_word' id='word_1_119' title='bbox 1755 1061 1802 1114; x_wconf 82' lang='lat' dir='ltr'><strong>rel</strong></span> <span class='ocrx_word' id='word_1_120' title='bbox 1818 1062 1939 1115; x_wconf 78' lang='lat' dir='ltr'><strong>semina·</strong></span> 
     </span>
     <span class='ocr_line' id='line_1_10' title="bbox 249 1142 1941 1215; baseline 0.001 -14"><span class='ocrx_word' id='word_1_121' title='bbox 249 1165 282 1201; x_wconf 84' lang='lat' dir='ltr'><strong>eu</strong></span> <span class='ocrx_word' id='word_1_122' title='bbox 302 1163 374 1200; x_wconf 85' lang='lat' dir='ltr'><strong>noua</strong></span> <span class='ocrx_word' id='word_1_123' title='bbox 391 1147 511 1199; x_wconf 83' lang='lat' dir='ltr'><strong>materia</strong></span> <span class='ocrx_word' id='word_1_124' title='bbox 530 1147 666 1215; x_wconf 82' lang='lat' dir='ltr'><strong>conflatos</strong></span> <span class='ocrx_word' id='word_1_125' title='bbox 680 1145 806 1200; x_wconf 78' lang='lat' dir='ltr'><strong>homines</strong></span> <span class='ocrx_word' id='word_1_126' title='bbox 818 1153 1031 1211; x_wconf 86' lang='lat' dir='ltr'><strong>resurrecturos,</strong></span> <span class='ocrx_word' id='word_1_127' title='bbox 1051 1153 1081 1199; x_wconf 86' lang='lat' dir='ltr'><strong>ul</strong></span> <span class='ocrx_word' id='word_1_128' title='bbox 1107 1142 1181 1195; x_wconf 90' lang='lat' dir='ltr'><strong>rium</strong></span> <span class='ocrx_word' id='word_1_129' title='bbox 1199 1149 1385 1213; x_wconf 83' lang='lat' dir='ltr'><strong>mortuorum,</strong></span> <span class='ocrx_word' id='word_1_130' title='bbox 1412 1144 1442 1198; x_wconf 93' lang='lat' dir='ltr'><strong>id</strong></span> <span class='ocrx_word' id='word_1_131' title='bbox 1469 1151 1562 1200; x_wconf 88' lang='lat' dir='ltr'><strong>autem</strong></span> <span class='ocrx_word' id='word_1_132' title='bbox 1584 1147 1675 1201; x_wconf 83' lang='lat' dir='ltr'><strong>tradit</strong></span> <span class='ocrx_word' id='word_1_133' title='bbox 1694 1147 1805 1215; x_wconf 79' lang='lat' dir='ltr'><strong>judieii</strong></span> <span class='ocrx_word' id='word_1_134' title='bbox 1824 1149 1941 1202; x_wconf 63' lang='lat' dir='ltr'><strong>euronii</strong></span> 
     </span>
     <span class='ocr_line' id='line_1_11' title="bbox 250 1231 1941 1305; baseline 0.002 -19"><span class='ocrx_word' id='word_1_135' title='bbox 250 1232 291 1286; x_wconf 86' lang='lat' dir='ltr'><strong>sio</strong></span> <span class='ocrx_word' id='word_1_136' title='bbox 309 1232 444 1301; x_wconf 79' lang='lat' dir='ltr'><strong>idesuitas</strong></span> <span class='ocrx_word' id='word_1_137' title='bbox 463 1249 519 1285; x_wconf 88' lang='lat' dir='ltr'><strong>non</strong></span> <span class='ocrx_word' id='word_1_138' title='bbox 538 1233 566 1286; x_wconf 87' lang='lat' dir='ltr'><strong>in</strong></span> <span class='ocrx_word' id='word_1_139' title='bbox 586 1231 704 1286; x_wconf 78' lang='lat' dir='ltr'><strong>lumeni</strong></span> <span class='ocrx_word' id='word_1_140' title='bbox 719 1233 848 1302; x_wconf 81' lang='lat' dir='ltr'><strong>eorporis</strong></span> <span class='ocrx_word' id='word_1_141' title='bbox 872 1233 1006 1300; x_wconf 88' lang='lat' dir='ltr'><strong>materia,</strong></span> <span class='ocrx_word' id='word_1_142' title='bbox 1031 1234 1082 1286; x_wconf 81' lang='lat' dir='ltr'><strong>sed</strong></span> <span class='ocrx_word' id='word_1_143' title='bbox 1108 1235 1230 1298; x_wconf 77' lang='lat' dir='ltr'><strong>tempore</strong></span> <span class='ocrx_word' id='word_1_144' title='bbox 1261 1231 1483 1299; x_wconf 77' lang='lat' dir='ltr'><strong>perminaturnm</strong></span> <span class='ocrx_word' id='word_1_145' title='bbox 1518 1241 1545 1288; x_wconf 84' lang='lat' dir='ltr'><strong>n</strong></span> <span class='ocrx_word' id='word_1_146' title='bbox 1574 1234 1786 1305; x_wconf 73' lang='lat' dir='ltr'><strong>pullulaturum</strong></span> <span class='ocrx_word' id='word_1_147' title='bbox 1817 1234 1941 1289; x_wconf 73' lang='lat' dir='ltr'><strong>bum</strong></span> 
     </span>
     <span class='ocr_line' id='line_1_12' title="bbox 251 1318 1941 1389; baseline 0.001 -16"><span class='ocrx_word' id='word_1_148' title='bbox 251 1325 357 1373; x_wconf 84' lang='lat' dir='ltr'><strong>tantum</strong></span> <span class='ocrx_word' id='word_1_149' title='bbox 377 1319 407 1372; x_wconf 87' lang='lat' dir='ltr'><strong>in</strong></span> <span class='ocrx_word' id='word_1_150' title='bbox 427 1319 489 1388; x_wconf 89' lang='lat' dir='ltr'><strong>ejus</strong></span> <span class='ocrx_word' id='word_1_151' title='bbox 506 1319 615 1387; x_wconf 71' lang='lat' dir='ltr'><strong>formu,</strong></span> <span class='ocrx_word' id='word_1_152' title='bbox 637 1319 671 1372; x_wconf 79' lang='lat' dir='ltr'><strong>isi</strong></span> <span class='ocrx_word' id='word_1_153' title='bbox 694 1325 734 1372; x_wconf 86' lang='lat' dir='ltr'><strong>est</strong></span> <span class='ocrx_word' id='word_1_154' title='bbox 751 1318 862 1388; x_wconf 90' lang='lat' dir='ltr'><strong>anima,</strong></span> <span class='ocrx_word' id='word_1_155' title='bbox 887 1319 924 1372; x_wconf 84' lang='lat' dir='ltr'><strong>sit</strong></span> <span class='ocrx_word' id='word_1_156' title='bbox 948 1318 1082 1373; x_wconf 84' lang='lat' dir='ltr'><strong>eastiluru</strong></span> <span class='ocrx_word' id='word_1_157' title='bbox 1108 1318 1381 1385; x_wconf 71' lang='lat' dir='ltr'><strong>corporandum</strong></span> <span class='ocrx_word' id='word_1_158' title='bbox 1399 1335 1513 1388; x_wconf 86' lang='lat' dir='ltr'><strong>earnes,</strong></span> <span class='ocrx_word' id='word_1_159' title='bbox 1532 1337 1597 1374; x_wconf 89' lang='lat' dir='ltr'><strong>ossa</strong></span> <span class='ocrx_word' id='word_1_160' title='bbox 1617 1328 1643 1374; x_wconf 86' lang='lat' dir='ltr'><strong>et</strong></span> <span class='ocrx_word' id='word_1_161' title='bbox 1661 1321 1842 1389; x_wconf 81' lang='lat' dir='ltr'><strong>sanquinem,</strong></span> <span class='ocrx_word' id='word_1_162' title='bbox 1860 1336 1896 1374; x_wconf 86' lang='lat' dir='ltr'><strong>ne</strong></span> <span class='ocrx_word' id='word_1_163' title='bbox 1912 1321 1941 1374; x_wconf 87' lang='lat' dir='ltr'><strong>in</strong></span> 
     </span>
     <span class='ocr_line' id='line_1_13' title="bbox 252 1401 1942 1477; baseline 0.002 -18"><span class='ocrx_word' id='word_1_164' title='bbox 252 1413 336 1475; x_wconf 88' lang='lat' dir='ltr'><strong>alque</strong></span> <span class='ocrx_word' id='word_1_165' title='bbox 365 1404 430 1458; x_wconf 82' lang='lat' dir='ltr'><strong>ideo</strong></span> <span class='ocrx_word' id='word_1_166' title='bbox 461 1405 538 1458; x_wconf 80' lang='lat' dir='ltr'><strong>idem</strong></span> <span class='ocrx_word' id='word_1_167' title='bbox 568 1420 683 1458; x_wconf 84' lang='lat' dir='ltr'><strong>nmnero</strong></span> <span class='ocrx_word' id='word_1_168' title='bbox 707 1405 788 1459; x_wconf 77' lang='lat' dir='ltr'><strong>tomo</strong></span> <span class='ocrx_word' id='word_1_169' title='bbox 808 1412 928 1475; x_wconf 86' lang='lat' dir='ltr'><strong>propter</strong></span> <span class='ocrx_word' id='word_1_170' title='bbox 950 1406 1083 1474; x_wconf 63' lang='lat' dir='ltr'><strong>famam,</strong></span> <span class='ocrx_word' id='word_1_171' title='bbox 1109 1401 1195 1455; x_wconf 81' lang='lat' dir='ltr'><strong>coelis</strong></span> <span class='ocrx_word' id='word_1_172' title='bbox 1214 1419 1285 1472; x_wconf 87' lang='lat' dir='ltr'><strong>opus</strong></span> <span class='ocrx_word' id='word_1_173' title='bbox 1303 1403 1454 1458; x_wconf 79' lang='lat' dir='ltr'><strong>babeamus</strong></span> <span class='ocrx_word' id='word_1_174' title='bbox 1470 1406 1547 1471; x_wconf 81' lang='lat' dir='ltr'><strong>cibo,</strong></span> <span class='ocrx_word' id='word_1_175' title='bbox 1570 1415 1652 1477; x_wconf 84' lang='lat' dir='ltr'><strong>potu,</strong></span> <span class='ocrx_word' id='word_1_176' title='bbox 1678 1406 1801 1477; x_wconf 85' lang='lat' dir='ltr'><strong>nuptiis,</strong></span> <span class='ocrx_word' id='word_1_177' title='bbox 1821 1406 1942 1462; x_wconf 63' lang='lat' dir='ltr'><strong>umori</strong></span> 
     </span>
     <span class='ocr_line' id='line_1_14' title="bbox 253 1488 1488 1564; baseline -0.003 -18"><span class='ocrx_word' id='word_1_178' title='bbox 253 1493 345 1546; x_wconf 83' lang='lat' dir='ltr'><strong>idest</strong></span> <span class='ocrx_word' id='word_1_179' title='bbox 365 1489 498 1561; x_wconf 87' lang='lat' dir='ltr'><strong>animam,</strong></span> <span class='ocrx_word' id='word_1_180' title='bbox 516 1498 725 1545; x_wconf 85' lang='lat' dir='ltr'><strong>resurrecturus</strong></span> <span class='ocrx_word' id='word_1_181' title='bbox 743 1491 865 1548; x_wconf 83' lang='lat' dir='ltr'><strong>dicatur.</strong></span> <span class='ocrx_word' id='word_1_182' title='bbox 903 1491 1001 1564; x_wconf 81' lang='lat' dir='ltr'><strong>(Atqui</strong></span> <span class='ocrx_word' id='word_1_183' title='bbox 1023 1490 1083 1546; x_wconf 73' lang='lat' dir='ltr'><strong>lsi</strong></span> <span class='ocrx_word' id='word_1_184' title='bbox 1110 1488 1159 1540; x_wconf 86' lang='lat' dir='ltr'><strong>bus</strong></span> <span class='ocrx_word' id='word_1_185' title='bbox 1180 1492 1230 1542; x_wconf 85' lang='lat' dir='ltr'><strong>etc.</strong></span> <span class='ocrx_word' id='word_1_186' title='bbox 1486 1552 1488 1559; x_wconf 33' lang='grc' dir='ltr'>Ι</span> 
     </span>
    </p>

    <p class='ocr_par' dir='ltr' id='par_1_3' title="bbox 254 1571 1993 2082">
     <span class='ocr_line' id='line_1_15' title="bbox 254 1571 1993 1664; baseline 0.001 -32"><span class='ocrx_word' id='word_1_187' title='bbox 254 1579 329 1632; x_wconf 60' lang='lat' dir='ltr'><strong>wem</strong></span> <span class='ocrx_word' id='word_1_188' title='bbox 359 1579 441 1631; x_wconf 81' lang='lat' dir='ltr'><strong>tomo</strong></span> <span class='ocrx_word' id='word_1_189' title='bbox 472 1583 613 1648; x_wconf 76' lang='lat' dir='ltr'><strong>resurget,</strong></span> <span class='ocrx_word' id='word_1_190' title='bbox 644 1576 740 1647; x_wconf 90' lang='lat' dir='ltr'><strong>utique</strong></span> <span class='ocrx_word' id='word_1_191' title='bbox 764 1576 848 1632; x_wconf 89' lang='lat' dir='ltr'><strong>etiam</strong></span> <span class='ocrx_word' id='word_1_192' title='bbox 873 1579 948 1632; x_wconf 79' lang='lat' dir='ltr'><strong>idem</strong></span> <span class='ocrx_word' id='word_1_193' title='bbox 974 1594 1084 1647; x_wconf 85' lang='lat' dir='ltr'><strong>eorpus,</strong></span> <span class='ocrx_word' id='word_1_194' title='bbox 1144 1578 1185 1628; x_wconf 81' lang='lat' dir='ltr'><strong>ll.</strong></span> <span class='ocrx_word' id='word_1_195' title='bbox 1212 1573 1385 1646; x_wconf 82' lang='lat' dir='ltr'><strong>Argumenta</strong></span> <span class='ocrx_word' id='word_1_196' title='bbox 1413 1575 1632 1633; x_wconf 82' lang='lat' dir='ltr'><strong>adversariorum</strong></span> <span class='ocrx_word' id='word_1_197' title='bbox 1650 1577 1759 1648; x_wconf 89' lang='lat' dir='ltr'><strong>potiora</strong></span> <span class='ocrx_word' id='word_1_198' title='bbox 1778 1575 1849 1633; x_wconf 82' lang='lat' dir='ltr'><strong>haee</strong></span> <span class='ocrx_word' id='word_1_199' title='bbox 1868 1583 1942 1647; x_wconf 89' lang='lat' dir='ltr'><strong>sunt,</strong></span> <span class='ocrx_word' id='word_1_200' title='bbox 1952 1571 1993 1664; x_wconf 42' lang='grc' dir='ltr'><strong>ἐξ</strong></span> 
     </span>
     <span class='ocr_line' id='line_1_16' title="bbox 254 1661 1993 1735; baseline 0.001 -17"><span class='ocrx_word' id='word_1_201' title='bbox 254 1663 320 1735; x_wconf 88' lang='lat' dir='ltr'><strong>quia</strong></span> <span class='ocrx_word' id='word_1_202' title='bbox 343 1668 436 1734; x_wconf 86' lang='lat' dir='ltr'><strong>partes</strong></span> <span class='ocrx_word' id='word_1_203' title='bbox 460 1661 619 1719; x_wconf 89' lang='lat' dir='ltr'><strong>essentiales</strong></span> <span class='ocrx_word' id='word_1_204' title='bbox 644 1661 763 1716; x_wconf 89' lang='lat' dir='ltr'><strong>hominis</strong></span> <span class='ocrx_word' id='word_1_205' title='bbox 785 1668 849 1718; x_wconf 91' lang='lat' dir='ltr'><strong>sunt</strong></span> <span class='ocrx_word' id='word_1_206' title='bbox 866 1663 960 1719; x_wconf 90' lang='lat' dir='ltr'><strong>anima</strong></span> <span class='ocrx_word' id='word_1_207' title='bbox 979 1669 1008 1719; x_wconf 91' lang='lat' dir='ltr'><strong>et</strong></span> <span class='ocrx_word' id='word_1_208' title='bbox 1025 1680 1083 1718; x_wconf 87' lang='lat' dir='ltr'><strong>cor·</strong></span> <span class='ocrx_word' id='word_1_209' title='bbox 1111 1661 1940 1735; x_wconf 64' lang='lat' dir='ltr'><strong>1.normam§annosublata20,v.eu.Luc20,v.ee:</strong></span> <span class='ocrx_word' id='word_1_210' title='bbox 1953 1677 1993 1716; x_wconf 76' lang='lat' dir='ltr'><strong>sev</strong></span> 
     </span>
     <span class='ocr_line' id='line_1_17' title="bbox 254 1727 1993 1825; baseline 0.002 -21"><span class='ocrx_word' id='word_1_211' title='bbox 254 1767 316 1820; x_wconf 88' lang='lat' dir='ltr'><strong>pus.</strong></span> <span class='ocrx_word' id='word_1_212' title='bbox 353 1754 376 1803; x_wconf 96' lang='grc'><strong>2.</strong></span> <span class='ocrx_word' id='word_1_213' title='bbox 397 1748 427 1806; x_wconf 88' lang='lat' dir='ltr'><strong>Si</strong></span> <span class='ocrx_word' id='word_1_214' title='bbox 445 1748 577 1804; x_wconf 74' lang='lat' dir='ltr'><strong>identitas</strong></span> <span class='ocrx_word' id='word_1_215' title='bbox 594 1747 702 1804; x_wconf 76' lang='lat' dir='ltr'><strong>animm</strong></span> <span class='ocrx_word' id='word_1_216' title='bbox 724 1748 872 1820; x_wconf 87' lang='lat' dir='ltr'><strong>requiritur</strong></span> <span class='ocrx_word' id='word_1_217' title='bbox 899 1750 934 1806; x_wconf 88' lang='lat' dir='ltr'><strong>ad</strong></span> <span class='ocrx_word' id='word_1_218' title='bbox 955 1749 1083 1807; x_wconf 88' lang='lat' dir='ltr'><strong>identita-</strong></span> <span class='ocrx_word' id='word_1_219' title='bbox 1110 1746 1184 1800; x_wconf 82' lang='lat' dir='ltr'><strong>Filii</strong></span> <span class='ocrx_word' id='word_1_220' title='bbox 1199 1747 1414 1803; x_wconf 81' lang='lat' dir='ltr'><strong>ressurectionis</strong></span> <span class='ocrx_word' id='word_1_221' title='bbox 1435 1759 1517 1804; x_wconf 75' lang='lat' dir='ltr'><strong>errem</strong></span> <span class='ocrx_word' id='word_1_222' title='bbox 1537 1747 1679 1822; x_wconf 67' lang='grc' dir='ltr'><strong><em>ἰσάγγελοι</em></strong></span> <span class='ocrx_word' id='word_1_223' title='bbox 1697 1755 1743 1807; x_wconf 82' lang='lat' dir='ltr'><strong>sul</strong></span> <span class='ocrx_word' id='word_1_224' title='bbox 1761 1749 1798 1815; x_wconf 81' lang='lat' dir='ltr'><strong>eir</strong></span> <span class='ocrx_word' id='word_1_225' title='bbox 1815 1748 1940 1825; x_wconf 70' lang='grc' dir='ltr'><strong>ἄγγελοι.</strong></span> <span class='ocrx_word' id='word_1_226' title='bbox 1953 1727 1993 1819; x_wconf 55' lang='lat' dir='ltr'><strong>iii</strong></span> 
     </span>
     <span class='ocr_line' id='line_1_18' title="bbox 254 1830 1983 1911; baseline 0.001 -21"><span class='ocrx_word' id='word_1_227' title='bbox 254 1841 310 1890; x_wconf 74' lang='lat' dir='ltr'><strong>mm</strong></span> <span class='ocrx_word' id='word_1_228' title='bbox 328 1835 461 1905; x_wconf 87' lang='lat' dir='ltr'><strong>bominis,</strong></span> <span class='ocrx_word' id='word_1_229' title='bbox 488 1835 584 1906; x_wconf 91' lang='lat' dir='ltr'><strong>utique</strong></span> <span class='ocrx_word' id='word_1_230' title='bbox 604 1835 686 1889; x_wconf 88' lang='lat' dir='ltr'><strong>etiam</strong></span> <span class='ocrx_word' id='word_1_231' title='bbox 707 1835 836 1891; x_wconf 80' lang='lat' dir='ltr'><strong>identitas</strong></span> <span class='ocrx_word' id='word_1_232' title='bbox 855 1837 990 1908; x_wconf 88' lang='lat' dir='ltr'><strong>corporis,</strong></span> <span class='ocrx_word' id='word_1_233' title='bbox 1018 1837 1084 1908; x_wconf 88' lang='lat' dir='ltr'><strong>quia</strong></span> <span class='ocrx_word' id='word_1_234' title='bbox 1110 1832 1191 1902; x_wconf 71' lang='lat' dir='ltr'><strong>Erec</strong></span> <span class='ocrx_word' id='word_1_235' title='bbox 1209 1831 1238 1887; x_wconf 78' lang='lat' dir='ltr'><strong>in</strong></span> <span class='ocrx_word' id='word_1_236' title='bbox 1256 1833 1414 1902; x_wconf 72' lang='lat' dir='ltr'><strong>anaeticum</strong></span> <span class='ocrx_word' id='word_1_237' title='bbox 1432 1844 1563 1890; x_wconf 83' lang='lat' dir='ltr'><strong>naturam</strong></span> <span class='ocrx_word' id='word_1_238' title='bbox 1583 1846 1783 1894; x_wconf 77' lang='lat' dir='ltr'><strong>conuertuntur.</strong></span> <span class='ocrx_word' id='word_1_239' title='bbox 1816 1838 1940 1911; x_wconf 83' lang='lat' dir='ltr'><strong>Respon-</strong></span> <span class='ocrx_word' id='word_1_240' title='bbox 1953 1830 1983 1878; x_wconf 67' lang='lat'><strong>²²-</strong></span> 
     </span>
     <span class='ocr_line' id='line_1_19' title="bbox 256 1917 1942 1998; baseline 0.008 -23"><span class='ocrx_word' id='word_1_241' title='bbox 256 1923 315 1976; x_wconf 88' lang='lat' dir='ltr'><strong>sols</strong></span> <span class='ocrx_word' id='word_1_242' title='bbox 332 1921 425 1977; x_wconf 89' lang='lat' dir='ltr'><strong>anima</strong></span> <span class='ocrx_word' id='word_1_243' title='bbox 442 1939 498 1976; x_wconf 90' lang='lat' dir='ltr'><strong>non</strong></span> <span class='ocrx_word' id='word_1_244' title='bbox 516 1927 560 1976; x_wconf 90' lang='lat' dir='ltr'><strong>est</strong></span> <span class='ocrx_word' id='word_1_245' title='bbox 576 1921 672 1992; x_wconf 90' lang='lat' dir='ltr'><strong>bomo,</strong></span> <span class='ocrx_word' id='word_1_246' title='bbox 694 1923 743 1978; x_wconf 89' lang='lat' dir='ltr'><strong>sed</strong></span> <span class='ocrx_word' id='word_1_247' title='bbox 759 1923 850 1977; x_wconf 90' lang='lat' dir='ltr'><strong>anima</strong></span> <span class='ocrx_word' id='word_1_248' title='bbox 870 1924 979 1998; x_wconf 88' lang='lat' dir='ltr'><strong>corpori</strong></span> <span class='ocrx_word' id='word_1_249' title='bbox 998 1923 1083 1980; x_wconf 90' lang='lat' dir='ltr'><strong>unita.</strong></span> <span class='ocrx_word' id='word_1_250' title='bbox 1111 1917 1223 1973; x_wconf 74' lang='lat' dir='ltr'><strong>demus:</strong></span> <span class='ocrx_word' id='word_1_251' title='bbox 1258 1925 1282 1975; x_wconf 86' lang='lat' dir='ltr'><strong>l·</strong></span> <span class='ocrx_word' id='word_1_252' title='bbox 1302 1919 1453 1976; x_wconf 68' lang='lat' dir='ltr'><strong>similitudo</strong></span> <span class='ocrx_word' id='word_1_253' title='bbox 1479 1938 1534 1976; x_wconf 81' lang='lat' dir='ltr'><strong>non</strong></span> <span class='ocrx_word' id='word_1_254' title='bbox 1562 1929 1605 1978; x_wconf 76' lang='lat' dir='ltr'><strong>esi</strong></span> <span class='ocrx_word' id='word_1_255' title='bbox 1631 1923 1780 1994; x_wconf 70' lang='lat' dir='ltr'><strong>identitas,</strong></span> <span class='ocrx_word' id='word_1_256' title='bbox 1811 1921 1942 1997; x_wconf 70' lang='grc' dir='ltr'><strong><em>ὄμοιὸτης</em></strong></span> 
     </span>
     <span class='ocr_line' id='line_1_20' title="bbox 256 2004 1941 2082; baseline 0.005 -17"><span class='ocrx_word' id='word_1_257' title='bbox 256 2015 280 2065; x_wconf 88' lang='grc'><strong>3,</strong></span> <span class='ocrx_word' id='word_1_258' title='bbox 300 2009 329 2063; x_wconf 86' lang='lat' dir='ltr'><strong>Si</strong></span> <span class='ocrx_word' id='word_1_259' title='bbox 349 2009 446 2064; x_wconf 89' lang='lat' dir='ltr'><strong>eadem</strong></span> <span class='ocrx_word' id='word_1_260' title='bbox 460 2025 575 2063; x_wconf 91' lang='lat' dir='ltr'><strong>numero</strong></span> <span class='ocrx_word' id='word_1_261' title='bbox 591 2016 871 2082; x_wconf 85' lang='lat' dir='ltr'><strong>corporaresnrgent,</strong></span> <span class='ocrx_word' id='word_1_262' title='bbox 891 2011 986 2082; x_wconf 91' lang='lat' dir='ltr'><strong>utique</strong></span> <span class='ocrx_word' id='word_1_263' title='bbox 1002 2011 1084 2066; x_wconf 87' lang='lat' dir='ltr'><strong>aliam</strong></span> <span class='ocrx_word' id='word_1_264' title='bbox 1110 2009 1156 2059; x_wconf 70' lang='lat' dir='ltr'><strong>eal</strong></span> <span class='ocrx_word' id='word_1_265' title='bbox 1182 2004 1274 2075; x_wconf 73' lang='grc' dir='ltr'><strong><em>ὶσότηι</em></strong></span> <span class='ocrx_word' id='word_1_266' title='bbox 1296 2022 1352 2061; x_wconf 89' lang='lat' dir='ltr'><strong>non</strong></span> <span class='ocrx_word' id='word_1_267' title='bbox 1372 2013 1415 2062; x_wconf 68' lang='lat' dir='ltr'><strong>flii</strong></span> <span class='ocrx_word' id='word_1_268' title='bbox 1437 2008 1531 2062; x_wconf 62' lang='lat' dir='ltr'><strong>filatim</strong></span> <span class='ocrx_word' id='word_1_269' title='bbox 1549 2006 1690 2079; x_wconf 61' lang='lat' dir='ltr'><strong>rnirirng.</strong></span> <span class='ocrx_word' id='word_1_270' title='bbox 1727 2016 1749 2066; x_wconf 81' lang='lat'><strong>2·</strong></span> <span class='ocrx_word' id='word_1_271' title='bbox 1772 2011 1941 2066; x_wconf 71' lang='lat' dir='ltr'><strong>invertimus</strong></span> 
     </span>
    </p>

    <p class='ocr_par' dir='ltr' id='par_1_4' title="bbox 148 2093 1942 2255">
     <span class='ocr_line' id='line_1_21' title="bbox 148 2093 1941 2170; baseline -0.002 -12"><span class='ocrx_word' id='word_1_272' title='bbox 148 2112 242 2158; x_wconf 74' lang='lat' dir='ltr'><strong>mm</strong></span> <span class='ocrx_word' id='word_1_273' title='bbox 256 2095 404 2151; x_wconf 71' lang='lat' dir='ltr'><strong>mentium</strong></span> <span class='ocrx_word' id='word_1_274' title='bbox 433 2113 490 2150; x_wconf 90' lang='lat' dir='ltr'><strong>non</strong></span> <span class='ocrx_word' id='word_1_275' title='bbox 522 2094 683 2163; x_wconf 89' lang='lat' dir='ltr'><strong>habebunt,</strong></span> <span class='ocrx_word' id='word_1_276' title='bbox 719 2096 785 2167; x_wconf 90' lang='lat' dir='ltr'><strong>quia</strong></span> <span class='ocrx_word' id='word_1_277' title='bbox 814 2097 907 2153; x_wconf 85' lang='lat' dir='ltr'><strong>unitas</strong></span> <span class='ocrx_word' id='word_1_278' title='bbox 936 2098 1085 2153; x_wconf 82' lang='lat' dir='ltr'><strong>numeralis</strong></span> <span class='ocrx_word' id='word_1_279' title='bbox 1110 2093 1196 2163; x_wconf 82' lang='lat' dir='ltr'><strong>igitur</strong></span> <span class='ocrx_word' id='word_1_280' title='bbox 1214 2100 1414 2166; x_wconf 73' lang='lat' dir='ltr'><strong>argumentum.</strong></span> <span class='ocrx_word' id='word_1_281' title='bbox 1451 2094 1532 2150; x_wconf 80' lang='lat' dir='ltr'><strong>Beati</strong></span> <span class='ocrx_word' id='word_1_282' title='bbox 1550 2101 1631 2151; x_wconf 90' lang='lat' dir='ltr'><strong>erunt</strong></span> <span class='ocrx_word' id='word_1_283' title='bbox 1650 2097 1757 2152; x_wconf 70' lang='lat' dir='ltr'><strong>mmues</strong></span> <span class='ocrx_word' id='word_1_284' title='bbox 1777 2099 1823 2154; x_wconf 91' lang='lat' dir='ltr'><strong>vel</strong></span> <span class='ocrx_word' id='word_1_285' title='bbox 1840 2114 1941 2170; x_wconf 89' lang='lat' dir='ltr'><strong>aequa·</strong></span> 
     </span>
     <span class='ocr_line' id='line_1_22' title="bbox 255 2179 1942 2255; baseline 0.002 -17"><span class='ocrx_word' id='word_1_286' title='bbox 255 2183 455 2255; x_wconf 86' lang='lat' dir='ltr'><strong>praesupponit</strong></span> <span class='ocrx_word' id='word_1_287' title='bbox 472 2181 605 2237; x_wconf 85' lang='lat' dir='ltr'><strong>unitatem</strong></span> <span class='ocrx_word' id='word_1_288' title='bbox 626 2182 808 2237; x_wconf 89' lang='lat' dir='ltr'><strong>essentialem.</strong></span> <span class='ocrx_word' id='word_1_289' title='bbox 842 2183 919 2239; x_wconf 68' lang='lat' dir='ltr'><strong>alix</strong></span> <span class='ocrx_word' id='word_1_290' title='bbox 933 2185 1086 2239; x_wconf 89' lang='lat' dir='ltr'><strong>mutatione</strong></span> <span class='ocrx_word' id='word_1_291' title='bbox 1112 2179 1152 2235; x_wconf 89' lang='lat' dir='ltr'><strong>les</strong></span> <span class='ocrx_word' id='word_1_292' title='bbox 1169 2179 1283 2251; x_wconf 87' lang='lat' dir='ltr'><strong>angelis.</strong></span> <span class='ocrx_word' id='word_1_293' title='bbox 1319 2180 1394 2253; x_wconf 83' lang='lat' dir='ltr'><strong>Ergo</strong></span> <span class='ocrx_word' id='word_1_294' title='bbox 1413 2196 1468 2235; x_wconf 92' lang='lat' dir='ltr'><strong>non</strong></span> <span class='ocrx_word' id='word_1_295' title='bbox 1489 2187 1571 2237; x_wconf 75' lang='lat' dir='ltr'><strong>munt</strong></span> <span class='ocrx_word' id='word_1_296' title='bbox 1588 2182 1690 2255; x_wconf 87' lang='lat' dir='ltr'><strong>angeli.</strong></span> <span class='ocrx_word' id='word_1_297' title='bbox 1725 2184 1807 2248; x_wconf 85' lang='lat' dir='ltr'><strong>Quod</strong></span> <span class='ocrx_word' id='word_1_298' title='bbox 1827 2185 1856 2240; x_wconf 93' lang='lat' dir='ltr'><strong>in</strong></span> <span class='ocrx_word' id='word_1_299' title='bbox 1875 2184 1942 2241; x_wconf 80' lang='lat' dir='ltr'><strong>elta·</strong></span> 
     </span>
    </p>

    <p class='ocr_par' dir='ltr' id='par_1_5' title="bbox 145 2260 1993 3035">
     <span class='ocr_line' id='line_1_23' title="bbox 145 2260 1941 2341; baseline 0.001 -16"><span class='ocrx_word' id='word_1_300' title='bbox 145 2260 148 2267; x_wconf 79' lang='grc'><strong>’</strong></span> <span class='ocrx_word' id='word_1_301' title='bbox 256 2269 456 2341; x_wconf 81' lang='lat' dir='ltr'><strong>proprietatum</strong></span> <span class='ocrx_word' id='word_1_302' title='bbox 474 2286 530 2322; x_wconf 93' lang='lat' dir='ltr'><strong>non</strong></span> <span class='ocrx_word' id='word_1_303' title='bbox 549 2275 643 2339; x_wconf 87' lang='lat' dir='ltr'><strong>potest</strong></span> <span class='ocrx_word' id='word_1_304' title='bbox 664 2268 759 2324; x_wconf 83' lang='lat' dir='ltr'><strong>inferri</strong></span> <span class='ocrx_word' id='word_1_305' title='bbox 779 2270 895 2325; x_wconf 85' lang='lat' dir='ltr'><strong>mutatio</strong></span> <span class='ocrx_word' id='word_1_306' title='bbox 915 2270 1001 2340; x_wconf 86' lang='lat' dir='ltr'><strong>ipsius</strong></span> <span class='ocrx_word' id='word_1_307' title='bbox 1022 2269 1086 2325; x_wconf 90' lang='lat' dir='ltr'><strong>sub·</strong></span> <span class='ocrx_word' id='word_1_308' title='bbox 1111 2267 1168 2320; x_wconf 90' lang='lat' dir='ltr'><strong>rius</strong></span> <span class='ocrx_word' id='word_1_309' title='bbox 1186 2266 1368 2322; x_wconf 86' lang='lat' dir='ltr'><strong>substantiam</strong></span> <span class='ocrx_word' id='word_1_310' title='bbox 1386 2273 1578 2338; x_wconf 86' lang='lat' dir='ltr'><strong>commutatur,</strong></span> <span class='ocrx_word' id='word_1_311' title='bbox 1596 2269 1698 2325; x_wconf 90' lang='lat' dir='ltr'><strong>desinit</strong></span> <span class='ocrx_word' id='word_1_312' title='bbox 1709 2270 1750 2325; x_wconf 90' lang='lat' dir='ltr'><strong>illi</strong></span> <span class='ocrx_word' id='word_1_313' title='bbox 1765 2286 1826 2327; x_wconf 86' lang='lat' dir='ltr'><strong>esse</strong></span> <span class='ocrx_word' id='word_1_314' title='bbox 1841 2273 1941 2340; x_wconf 66' lang='lat' dir='ltr'><strong>ubeda</strong></span> 
     </span>
     <span class='ocr_line' id='line_1_24' title="bbox 252 2350 1943 2428; baseline -0.003 -17"><span class='ocrx_word' id='word_1_315' title='bbox 252 2356 330 2428; x_wconf 86' lang='lat' dir='ltr'><strong>jacti,</strong></span> <span class='ocrx_word' id='word_1_316' title='bbox 349 2355 416 2427; x_wconf 90' lang='lat' dir='ltr'><strong>quia</strong></span> <span class='ocrx_word' id='word_1_317' title='bbox 434 2355 511 2410; x_wconf 91' lang='lat' dir='ltr'><strong>eliud</strong></span> <span class='ocrx_word' id='word_1_318' title='bbox 527 2360 570 2411; x_wconf 88' lang='lat' dir='ltr'><strong>est</strong></span> <span class='ocrx_word' id='word_1_319' title='bbox 587 2355 761 2412; x_wconf 86' lang='lat' dir='ltr'><strong>substantiae</strong></span> <span class='ocrx_word' id='word_1_320' title='bbox 778 2357 913 2426; x_wconf 75' lang='lat' dir='ltr'><strong>alteratio,</strong></span> <span class='ocrx_word' id='word_1_321' title='bbox 932 2357 1007 2412; x_wconf 78' lang='lat' dir='ltr'><strong>aiud</strong></span> <span class='ocrx_word' id='word_1_322' title='bbox 1021 2373 1086 2412; x_wconf 87' lang='lat' dir='ltr'><strong>vero</strong></span> <span class='ocrx_word' id='word_1_323' title='bbox 1112 2368 1145 2406; x_wconf 91' lang='lat' dir='ltr'><strong>ac</strong></span> <span class='ocrx_word' id='word_1_324' title='bbox 1164 2350 1196 2406; x_wconf 87' lang='lat' dir='ltr'><strong>lit</strong></span> <span class='ocrx_word' id='word_1_325' title='bbox 1215 2354 1305 2419; x_wconf 66' lang='lat' dir='ltr'><strong>idem</strong></span> <span class='ocrx_word' id='word_1_326' title='bbox 1331 2354 1482 2410; x_wconf 88' lang='lat' dir='ltr'><strong>similitudo</strong></span> <span class='ocrx_word' id='word_1_327' title='bbox 1500 2355 1574 2410; x_wconf 85' lang='lat' dir='ltr'><strong>enim</strong></span> <span class='ocrx_word' id='word_1_328' title='bbox 1592 2355 1629 2411; x_wconf 79' lang='lat' dir='ltr'><strong>sd</strong></span> <span class='ocrx_word' id='word_1_329' title='bbox 1647 2356 1790 2412; x_wconf 82' lang='lat' dir='ltr'><strong>minimum</strong></span> <span class='ocrx_word' id='word_1_330' title='bbox 1808 2364 1853 2414; x_wconf 67' lang='lat' dir='ltr'><strong>est</strong></span> <span class='ocrx_word' id='word_1_331' title='bbox 1871 2358 1943 2415; x_wconf 63' lang='lat' dir='ltr'><strong>inter</strong></span> 
     </span>
     <span class='ocr_line' id='line_1_25' title="bbox 256 2438 1943 2517; baseline 0.002 -20"><span class='ocrx_word' id='word_1_332' title='bbox 256 2441 385 2511; x_wconf 86' lang='lat' dir='ltr'><strong>abolitio,</strong></span> <span class='ocrx_word' id='word_1_333' title='bbox 415 2458 448 2496; x_wconf 91' lang='lat' dir='ltr'><strong>ac</strong></span> <span class='ocrx_word' id='word_1_334' title='bbox 476 2445 567 2512; x_wconf 87' lang='lat' dir='ltr'><strong>potest</strong></span> <span class='ocrx_word' id='word_1_335' title='bbox 597 2459 654 2497; x_wconf 91' lang='lat' dir='ltr'><strong>una</strong></span> <span class='ocrx_word' id='word_1_336' title='bbox 680 2442 833 2513; x_wconf 88' lang='lat' dir='ltr'><strong>eademque</strong></span> <span class='ocrx_word' id='word_1_337' title='bbox 856 2442 1012 2498; x_wconf 90' lang='lat' dir='ltr'><strong>substantia</strong></span> <span class='ocrx_word' id='word_1_338' title='bbox 1028 2443 1087 2498; x_wconf 92' lang='lat' dir='ltr'><strong>sine</strong></span> <span class='ocrx_word' id='word_1_339' title='bbox 1112 2438 1177 2497; x_wconf 91' lang='lat' dir='ltr'><strong>duo.</strong></span> <span class='ocrx_word' id='word_1_340' title='bbox 1215 2439 1260 2494; x_wconf 85' lang='lat' dir='ltr'><strong>Sic</strong></span> <span class='ocrx_word' id='word_1_341' title='bbox 1278 2455 1379 2511; x_wconf 88' lang='lat' dir='ltr'><strong>aquam</strong></span> <span class='ocrx_word' id='word_1_342' title='bbox 1397 2442 1426 2495; x_wconf 93' lang='lat' dir='ltr'><strong>in</strong></span> <span class='ocrx_word' id='word_1_343' title='bbox 1446 2441 1541 2496; x_wconf 87' lang='lat' dir='ltr'><strong>vinum</strong></span> <span class='ocrx_word' id='word_1_344' title='bbox 1565 2459 1724 2498; x_wconf 88' lang='lat' dir='ltr'><strong>conversam</strong></span> <span class='ocrx_word' id='word_1_345' title='bbox 1744 2460 1827 2499; x_wconf 90' lang='lat' dir='ltr'><strong>nemo</strong></span> <span class='ocrx_word' id='word_1_346' title='bbox 1852 2449 1943 2517; x_wconf 81' lang='lat' dir='ltr'><strong>potest</strong></span> 
     </span>
     <span class='ocr_line' id='line_1_26' title="bbox 257 2524 1943 2601; baseline 0.002 -19"><span class='ocrx_word' id='word_1_347' title='bbox 257 2529 300 2582; x_wconf 89' lang='lat' dir='ltr'><strong>sui</strong></span> <span class='ocrx_word' id='word_1_348' title='bbox 326 2526 474 2583; x_wconf 90' lang='lat' dir='ltr'><strong>abolitione</strong></span> <span class='ocrx_word' id='word_1_349' title='bbox 498 2543 531 2583; x_wconf 91' lang='lat' dir='ltr'><strong>ac</strong></span> <span class='ocrx_word' id='word_1_350' title='bbox 556 2527 696 2583; x_wconf 84' lang='lat' dir='ltr'><strong>essentiali</strong></span> <span class='ocrx_word' id='word_1_351' title='bbox 718 2529 870 2584; x_wconf 88' lang='lat' dir='ltr'><strong>mutatione</strong></span> <span class='ocrx_word' id='word_1_352' title='bbox 891 2529 1000 2584; x_wconf 88' lang='lat' dir='ltr'><strong>diversa</strong></span> <span class='ocrx_word' id='word_1_353' title='bbox 1018 2529 1086 2584; x_wconf 88' lang='lat' dir='ltr'><strong>rcci-</strong></span> <span class='ocrx_word' id='word_1_354' title='bbox 1112 2524 1204 2580; x_wconf 82' lang='lat' dir='ltr'><strong>dicere</strong></span> <span class='ocrx_word' id='word_1_355' title='bbox 1221 2525 1284 2581; x_wconf 86' lang='lat' dir='ltr'><strong>vino</strong></span> <span class='ocrx_word' id='word_1_356' title='bbox 1303 2525 1427 2593; x_wconf 90' lang='lat' dir='ltr'><strong>similem,</strong></span> <span class='ocrx_word' id='word_1_357' title='bbox 1446 2528 1512 2598; x_wconf 90' lang='lat' dir='ltr'><strong>quia</strong></span> <span class='ocrx_word' id='word_1_358' title='bbox 1531 2527 1614 2583; x_wconf 90' lang='lat' dir='ltr'><strong>desiit</strong></span> <span class='ocrx_word' id='word_1_359' title='bbox 1631 2544 1691 2585; x_wconf 89' lang='lat' dir='ltr'><strong>esse</strong></span> <span class='ocrx_word' id='word_1_360' title='bbox 1710 2547 1792 2601; x_wconf 89' lang='lat' dir='ltr'><strong>aqua.</strong></span> <span class='ocrx_word' id='word_1_361' title='bbox 1824 2535 1849 2587; x_wconf 80' lang='grc'><strong>3.</strong></span> <span class='ocrx_word' id='word_1_362' title='bbox 1863 2529 1943 2586; x_wconf 82' lang='lat' dir='ltr'><strong>Beati</strong></span> 
     </span>
     <span class='ocr_line' id='line_1_27' title="bbox 257 2611 1942 2690; baseline 0.002 -21"><span class='ocrx_word' id='word_1_363' title='bbox 257 2630 323 2686; x_wconf 88' lang='lat' dir='ltr'><strong>pere</strong></span> <span class='ocrx_word' id='word_1_364' title='bbox 343 2612 508 2670; x_wconf 83' lang='lat' dir='ltr'><strong>accidentia&#39;.</strong></span> <span class='ocrx_word' id='word_1_365' title='bbox 545 2613 623 2670; x_wconf 82' lang='lat' dir='ltr'><strong>Sient</strong></span> <span class='ocrx_word' id='word_1_366' title='bbox 641 2615 749 2670; x_wconf 89' lang='lat' dir='ltr'><strong>ratione</strong></span> <span class='ocrx_word' id='word_1_367' title='bbox 767 2614 939 2672; x_wconf 87' lang='lat' dir='ltr'><strong>substantiae</strong></span> <span class='ocrx_word' id='word_1_368' title='bbox 958 2632 1013 2672; x_wconf 88' lang='lat' dir='ltr'><strong>non</strong></span> <span class='ocrx_word' id='word_1_369' title='bbox 1032 2615 1087 2671; x_wconf 84' lang='lat' dir='ltr'><strong>fuit</strong></span> <span class='ocrx_word' id='word_1_370' title='bbox 1112 2615 1194 2667; x_wconf 87' lang='lat' dir='ltr'><strong>erunt</strong></span> <span class='ocrx_word' id='word_1_371' title='bbox 1212 2611 1354 2687; x_wconf 68' lang='grc' dir='ltr'><strong><em>ἰσάγγελοι</em></strong></span> <span class='ocrx_word' id='word_1_372' title='bbox 1371 2631 1427 2668; x_wconf 91' lang='lat' dir='ltr'><strong>non</strong></span> <span class='ocrx_word' id='word_1_373' title='bbox 1446 2629 1496 2685; x_wconf 90' lang='lat' dir='ltr'><strong>per</strong></span> <span class='ocrx_word' id='word_1_374' title='bbox 1515 2615 1663 2668; x_wconf 87' lang='lat' dir='ltr'><strong>essentium</strong></span> <span class='ocrx_word' id='word_1_375' title='bbox 1676 2624 1809 2681; x_wconf 83' lang='lat' dir='ltr'><strong>naturus,</strong></span> <span class='ocrx_word' id='word_1_376' title='bbox 1829 2619 1942 2690; x_wconf 74' lang='lat' dir='ltr'><strong>reaper</strong></span> 
     </span>
     <span class='ocr_line' id='line_1_28' title="bbox 258 2698 1942 2774; baseline 0.001 -18"><span class='ocrx_word' id='word_1_377' title='bbox 258 2701 335 2756; x_wconf 87' lang='lat' dir='ltr'><strong>aliud</strong></span> <span class='ocrx_word' id='word_1_378' title='bbox 355 2717 456 2770; x_wconf 90' lang='lat' dir='ltr'><strong>corpus</strong></span> <span class='ocrx_word' id='word_1_379' title='bbox 476 2701 505 2754; x_wconf 91' lang='lat' dir='ltr'><strong>in</strong></span> <span class='ocrx_word' id='word_1_380' title='bbox 520 2700 638 2771; x_wconf 82' lang='lat' dir='ltr'><strong>Adsmo,</strong></span> <span class='ocrx_word' id='word_1_381' title='bbox 658 2701 732 2772; x_wconf 88' lang='lat' dir='ltr'><strong>quod</strong></span> <span class='ocrx_word' id='word_1_382' title='bbox 751 2707 816 2757; x_wconf 89' lang='lat' dir='ltr'><strong>aute</strong></span> <span class='ocrx_word' id='word_1_383' title='bbox 833 2702 942 2774; x_wconf 88' lang='lat' dir='ltr'><strong>lapsum</strong></span> <span class='ocrx_word' id='word_1_384' title='bbox 960 2707 1020 2758; x_wconf 85' lang='lat' dir='ltr'><strong>erat</strong></span> <span class='ocrx_word' id='word_1_385' title='bbox 1037 2701 1086 2756; x_wconf 94' lang='lat' dir='ltr'><strong>im·</strong></span> <span class='ocrx_word' id='word_1_386' title='bbox 1112 2698 1330 2753; x_wconf 82' lang='lat' dir='ltr'><strong>conoenientium</strong></span> <span class='ocrx_word' id='word_1_387' title='bbox 1350 2700 1519 2769; x_wconf 79' lang='lat' dir='ltr'><strong>qrsalitatum</strong></span> <span class='ocrx_word' id='word_1_388' title='bbox 1539 2711 1565 2756; x_wconf 88' lang='lat' dir='ltr'><strong>el</strong></span> <span class='ocrx_word' id='word_1_389' title='bbox 1581 2701 1706 2772; x_wconf 72' lang='lat' dir='ltr'><strong>plor-iae,</strong></span> <span class='ocrx_word' id='word_1_390' title='bbox 1736 2703 1811 2757; x_wconf 92' lang='lat' dir='ltr'><strong>unde</strong></span> <span class='ocrx_word' id='word_1_391' title='bbox 1830 2720 1887 2760; x_wconf 92' lang='lat' dir='ltr'><strong>non</strong></span> <span class='ocrx_word' id='word_1_392' title='bbox 1903 2703 1942 2758; x_wconf 90' lang='lat' dir='ltr'><strong>di·</strong></span> 
     </span>
     <span class='ocr_line' id='line_1_29' title="bbox 258 2782 1993 2859; baseline 0.002 -16"><span class='ocrx_word' id='word_1_393' title='bbox 258 2788 386 2858; x_wconf 85' lang='lat' dir='ltr'><strong>mortale,</strong></span> <span class='ocrx_word' id='word_1_394' title='bbox 417 2794 481 2858; x_wconf 88' lang='lat' dir='ltr'><strong>post</strong></span> <span class='ocrx_word' id='word_1_395' title='bbox 503 2786 611 2859; x_wconf 90' lang='lat' dir='ltr'><strong>lapsum</strong></span> <span class='ocrx_word' id='word_1_396' title='bbox 640 2788 769 2858; x_wconf 74' lang='lat' dir='ltr'><strong>monela,</strong></span> <span class='ocrx_word' id='word_1_397' title='bbox 801 2788 841 2842; x_wconf 90' lang='lat' dir='ltr'><strong>sie</strong></span> <span class='ocrx_word' id='word_1_398' title='bbox 863 2807 917 2844; x_wconf 90' lang='lat' dir='ltr'><strong>non</strong></span> <span class='ocrx_word' id='word_1_399' title='bbox 942 2789 994 2845; x_wconf 90' lang='lat' dir='ltr'><strong>erit</strong></span> <span class='ocrx_word' id='word_1_400' title='bbox 1012 2790 1087 2846; x_wconf 82' lang='lat' dir='ltr'><strong>abad</strong></span> <span class='ocrx_word' id='word_1_401' title='bbox 1113 2791 1213 2840; x_wconf 90' lang='lat' dir='ltr'><strong>cuntur</strong></span> <span class='ocrx_word' id='word_1_402' title='bbox 1233 2782 1356 2857; x_wconf 75' lang='grc' dir='ltr'><strong>ἔγγειοι,</strong></span> <span class='ocrx_word' id='word_1_403' title='bbox 1374 2786 1422 2842; x_wconf 90' lang='lat' dir='ltr'><strong>sed</strong></span> <span class='ocrx_word' id='word_1_404' title='bbox 1442 2787 1528 2842; x_wconf 85' lang='lat' dir='ltr'><strong>futuri</strong></span> <span class='ocrx_word' id='word_1_405' title='bbox 1545 2786 1580 2850; x_wconf 81' lang='grc' dir='ltr'><strong>ὡς</strong></span> <span class='ocrx_word' id='word_1_406' title='bbox 1597 2785 1718 2859; x_wconf 73' lang='grc' dir='ltr'><strong>ἄγγελοι.</strong></span> <span class='ocrx_word' id='word_1_407' title='bbox 1752 2796 1776 2845; x_wconf 80' lang='lat' dir='ltr'><strong>l.</strong></span> <span class='ocrx_word' id='word_1_408' title='bbox 1797 2788 1878 2846; x_wconf 89' lang='lat' dir='ltr'><strong>Idem</strong></span> <span class='ocrx_word' id='word_1_409' title='bbox 1890 2791 1943 2846; x_wconf 89' lang='lat' dir='ltr'><strong>eol·</strong></span> <span class='ocrx_word' id='word_1_410' title='bbox 1956 2791 1993 2831; x_wconf 81' lang='lat'><strong>¹¹¹</strong></span> 
     </span>
     <span class='ocr_line' id='line_1_30' title="bbox 258 2869 1942 2949; baseline 0.002 -20"><span class='ocrx_word' id='word_1_411' title='bbox 258 2892 357 2948; x_wconf 85' lang='lat' dir='ltr'><strong>corpus</strong></span> <span class='ocrx_word' id='word_1_412' title='bbox 375 2880 512 2944; x_wconf 72' lang='lat' dir='ltr'><strong>noenum,</strong></span> <span class='ocrx_word' id='word_1_413' title='bbox 531 2876 605 2946; x_wconf 92' lang='lat' dir='ltr'><strong>quod</strong></span> <span class='ocrx_word' id='word_1_414' title='bbox 623 2875 651 2929; x_wconf 94' lang='lat' dir='ltr'><strong>in</strong></span> <span class='ocrx_word' id='word_1_415' title='bbox 673 2874 725 2930; x_wconf 87' lang='lat' dir='ltr'><strong>hec</strong></span> <span class='ocrx_word' id='word_1_416' title='bbox 743 2875 801 2930; x_wconf 85' lang='lat' dir='ltr'><strong>vita</strong></span> <span class='ocrx_word' id='word_1_417' title='bbox 819 2880 861 2930; x_wconf 83' lang='lat' dir='ltr'><strong>est</strong></span> <span class='ocrx_word' id='word_1_418' title='bbox 878 2877 1005 2947; x_wconf 86' lang='lat' dir='ltr'><strong>mortale,</strong></span> <span class='ocrx_word' id='word_1_419' title='bbox 1023 2883 1088 2949; x_wconf 86' lang='lat' dir='ltr'><strong>post</strong></span> <span class='ocrx_word' id='word_1_420' title='bbox 1113 2869 1210 2942; x_wconf 82' lang='lat' dir='ltr'><strong>ligitur</strong></span> <span class='ocrx_word' id='word_1_421' title='bbox 1235 2889 1268 2927; x_wconf 84' lang='lat' dir='ltr'><strong>ex</strong></span> <span class='ocrx_word' id='word_1_422' title='bbox 1289 2889 1380 2943; x_wconf 87' lang='lat' dir='ltr'><strong>scopo.</strong></span> <span class='ocrx_word' id='word_1_423' title='bbox 1420 2871 1554 2942; x_wconf 88' lang='lat' dir='ltr'><strong>Disputat</strong></span> <span class='ocrx_word' id='word_1_424' title='bbox 1571 2871 1697 2928; x_wconf 81' lang='lat' dir='ltr'><strong>Christus</strong></span> <span class='ocrx_word' id='word_1_425' title='bbox 1716 2881 1813 2931; x_wconf 88' lang='lat' dir='ltr'><strong>eontra</strong></span> <span class='ocrx_word' id='word_1_426' title='bbox 1834 2875 1942 2933; x_wconf 79' lang='lat' dir='ltr'><strong>Saddu-</strong></span> 
     </span>
     <span class='ocr_line' id='line_1_31' title="bbox 259 2958 1944 3035; baseline 0.001 -18"><span class='ocrx_word' id='word_1_427' title='bbox 259 2961 486 3018; x_wconf 88' lang='lat' dir='ltr'><strong>resurrectionem</strong></span> <span class='ocrx_word' id='word_1_428' title='bbox 513 2962 685 3031; x_wconf 88' lang='lat' dir='ltr'><strong>immortale.)</strong></span> <span class='ocrx_word' id='word_1_429' title='bbox 727 2961 805 3017; x_wconf 89' lang='lat' dir='ltr'><strong>Idem</strong></span> <span class='ocrx_word' id='word_1_430' title='bbox 832 2961 986 3035; x_wconf 85' lang='lat' dir='ltr'><strong>Schegkius</strong></span> <span class='ocrx_word' id='word_1_431' title='bbox 1015 2964 1042 3019; x_wconf 90' lang='lat' dir='ltr'><strong>d.</strong></span> <span class='ocrx_word' id='word_1_432' title='bbox 1070 2964 1088 3021; x_wconf 79' lang='lat' dir='ltr'><strong>l,</strong></span> <span class='ocrx_word' id='word_1_433' title='bbox 1114 2973 1195 3012; x_wconf 87' lang='lat' dir='ltr'><strong>caeos</strong></span> <span class='ocrx_word' id='word_1_434' title='bbox 1221 2973 1366 3028; x_wconf 89' lang='lat' dir='ltr'><strong>corporum</strong></span> <span class='ocrx_word' id='word_1_435' title='bbox 1390 2958 1617 3015; x_wconf 80' lang='lat' dir='ltr'><strong>resurrectionem</strong></span> <span class='ocrx_word' id='word_1_436' title='bbox 1637 2977 1670 3015; x_wconf 87' lang='lat' dir='ltr'><strong>er</strong></span> <span class='ocrx_word' id='word_1_437' title='bbox 1687 2961 1810 3017; x_wconf 87' lang='lat' dir='ltr'><strong>mulieris</strong></span> <span class='ocrx_word' id='word_1_438' title='bbox 1827 2969 1944 3035; x_wconf 83' lang='lat' dir='ltr'><strong>septem·</strong></span> 
     </span>
    </p>
   </div>
   <div class='ocr_carea' id='block_1_3' title="bbox 256 3042 1945 3465">
    <p class='ocr_par' dir='ltr' id='par_1_6' title="bbox 256 3042 1945 3465">
     <span class='ocr_line' id='line_1_32' title="bbox 259 3042 1944 3122; baseline 0.002 -19"><span class='ocrx_word' id='word_1_439' title='bbox 259 3066 380 3120; x_wconf 82' lang='lat' dir='ltr'><strong>carpam</strong></span> <span class='ocrx_word' id='word_1_440' title='bbox 412 3048 539 3118; x_wconf 75' lang='lat' dir='ltr'><strong>pluriora</strong></span> <span class='ocrx_word' id='word_1_441' title='bbox 570 3051 707 3103; x_wconf 85' lang='lat' dir='ltr'><strong>materiae</strong></span> <span class='ocrx_word' id='word_1_442' title='bbox 738 3050 865 3120; x_wconf 76' lang='lat' dir='ltr'><strong>sapentia</strong></span> <span class='ocrx_word' id='word_1_443' title='bbox 890 3052 955 3115; x_wconf 76' lang='lat' dir='ltr'><strong>fore</strong></span> <span class='ocrx_word' id='word_1_444' title='bbox 983 3050 1088 3118; x_wconf 88' lang='lat' dir='ltr'><strong>statuit,</strong></span> <span class='ocrx_word' id='word_1_445' title='bbox 1114 3042 1190 3099; x_wconf 87' lang='lat' dir='ltr'><strong>virae</strong></span> <span class='ocrx_word' id='word_1_446' title='bbox 1217 3045 1341 3116; x_wconf 88' lang='lat' dir='ltr'><strong>exemplo</strong></span> <span class='ocrx_word' id='word_1_447' title='bbox 1367 3044 1567 3101; x_wconf 84' lang='lat' dir='ltr'><strong>absurditatem</strong></span> <span class='ocrx_word' id='word_1_448' title='bbox 1589 3045 1703 3102; x_wconf 90' lang='lat' dir='ltr'><strong>rationis</strong></span> <span class='ocrx_word' id='word_1_449' title='bbox 1720 3047 1880 3106; x_wconf 81' lang='lat' dir='ltr'><strong>involvente</strong></span> <span class='ocrx_word' id='word_1_450' title='bbox 1895 3067 1944 3122; x_wconf 92' lang='lat' dir='ltr'><strong>op·</strong></span> 
     </span>
     <span class='ocr_line' id='line_1_33' title="bbox 261 3135 1945 3212; baseline 0.001 -22"><span class='ocrx_word' id='word_1_451' title='bbox 261 3155 322 3191; x_wconf 84' lang='lat' dir='ltr'><strong>eum</strong></span> <span class='ocrx_word' id='word_1_452' title='bbox 353 3136 454 3199; x_wconf 77' lang='lat' dir='ltr'><strong>futuru</strong></span> <span class='ocrx_word' id='word_1_453' title='bbox 485 3135 541 3187; x_wconf 83' lang='lat' dir='ltr'><strong>sint</strong></span> <span class='ocrx_word' id='word_1_454' title='bbox 570 3135 764 3190; x_wconf 75' lang='lat' dir='ltr'><strong>immutabilia.</strong></span> <span class='ocrx_word' id='word_1_455' title='bbox 812 3135 910 3207; x_wconf 80' lang='lat' dir='ltr'><strong>(Atqui</strong></span> <span class='ocrx_word' id='word_1_456' title='bbox 940 3142 962 3190; x_wconf 91' lang='lat'><strong>1.</strong></span> <span class='ocrx_word' id='word_1_457' title='bbox 988 3136 1089 3212; x_wconf 84' lang='lat' dir='ltr'><strong>veritas</strong></span> <span class='ocrx_word' id='word_1_458' title='bbox 1115 3135 1284 3202; x_wconf 83' lang='lat' dir='ltr'><strong>pugnantes,</strong></span> <span class='ocrx_word' id='word_1_459' title='bbox 1317 3147 1350 3186; x_wconf 88' lang='lat' dir='ltr'><strong>ae</strong></span> <span class='ocrx_word' id='word_1_460' title='bbox 1374 3138 1474 3204; x_wconf 89' lang='lat' dir='ltr'><strong>negat,</strong></span> <span class='ocrx_word' id='word_1_461' title='bbox 1506 3148 1623 3204; x_wconf 89' lang='lat' dir='ltr'><strong>corpora</strong></span> <span class='ocrx_word' id='word_1_462' title='bbox 1648 3135 1875 3192; x_wconf 85' lang='lat' dir='ltr'><strong>resuscitatorum</strong></span> <span class='ocrx_word' id='word_1_463' title='bbox 1897 3153 1945 3209; x_wconf 86' lang='lat' dir='ltr'><strong>par</strong></span> 
     </span>
     <span class='ocr_line' id='line_1_34' title="bbox 261 3218 1944 3295; baseline 0.001 -17"><span class='ocrx_word' id='word_1_464' title='bbox 261 3222 382 3293; x_wconf 87' lang='lat' dir='ltr'><strong>eorporis</strong></span> <span class='ocrx_word' id='word_1_465' title='bbox 399 3219 515 3292; x_wconf 87' lang='lat' dir='ltr'><strong>requirit</strong></span> <span class='ocrx_word' id='word_1_466' title='bbox 532 3220 616 3275; x_wconf 89' lang='lat' dir='ltr'><strong>etiam</strong></span> <span class='ocrx_word' id='word_1_467' title='bbox 633 3220 778 3275; x_wconf 87' lang='lat' dir='ltr'><strong>veritatem</strong></span> <span class='ocrx_word' id='word_1_468' title='bbox 795 3221 934 3291; x_wconf 89' lang='lat' dir='ltr'><strong>materiae,</strong></span> <span class='ocrx_word' id='word_1_469' title='bbox 952 3240 1014 3277; x_wconf 89' lang='lat' dir='ltr'><strong>cum</strong></span> <span class='ocrx_word' id='word_1_470' title='bbox 1029 3241 1089 3279; x_wconf 86' lang='lat' dir='ltr'><strong>cor-</strong></span> <span class='ocrx_word' id='word_1_471' title='bbox 1116 3218 1320 3289; x_wconf 87' lang='lat' dir='ltr'><strong>generationem</strong></span> <span class='ocrx_word' id='word_1_472' title='bbox 1352 3219 1561 3291; x_wconf 89' lang='lat' dir='ltr'><strong>multiplicanda</strong></span> <span class='ocrx_word' id='word_1_473' title='bbox 1593 3228 1621 3275; x_wconf 92' lang='lat' dir='ltr'><strong>et</strong></span> <span class='ocrx_word' id='word_1_474' title='bbox 1654 3223 1852 3295; x_wconf 82' lang='lat' dir='ltr'><strong>propaganda,</strong></span> <span class='ocrx_word' id='word_1_475' title='bbox 1883 3241 1944 3280; x_wconf 90' lang='lat' dir='ltr'><strong>cum</strong></span> 
     </span>
     <span class='ocr_line' id='line_1_35' title="bbox 256 3304 1944 3383; baseline 0.002 -20"><span class='ocrx_word' id='word_1_476' title='bbox 256 3328 315 3379; x_wconf 87' lang='lat' dir='ltr'><strong>pus</strong></span> <span class='ocrx_word' id='word_1_477' title='bbox 333 3309 392 3362; x_wconf 87' lang='lat' dir='ltr'><strong>sine</strong></span> <span class='ocrx_word' id='word_1_478' title='bbox 412 3307 531 3360; x_wconf 84' lang='lat' dir='ltr'><strong>materia</strong></span> <span class='ocrx_word' id='word_1_479' title='bbox 548 3309 647 3374; x_wconf 72' lang='lat' dir='ltr'><strong>faeere</strong></span> <span class='ocrx_word' id='word_1_480' title='bbox 665 3306 702 3360; x_wconf 88' lang='lat' dir='ltr'><strong>sit</strong></span> <span class='ocrx_word' id='word_1_481' title='bbox 720 3307 885 3362; x_wconf 70' lang='lat' dir='ltr'><strong>insomnium</strong></span> <span class='ocrx_word' id='word_1_482' title='bbox 912 3309 970 3363; x_wconf 77' lang='lat' dir='ltr'><strong>sisse</strong></span> <span class='ocrx_word' id='word_1_483' title='bbox 993 3327 1089 3364; x_wconf 88' lang='lat' dir='ltr'><strong>somno</strong></span> <span class='ocrx_word' id='word_1_484' title='bbox 1116 3304 1191 3360; x_wconf 88' lang='lat' dir='ltr'><strong>besti</strong></span> <span class='ocrx_word' id='word_1_485' title='bbox 1210 3305 1296 3359; x_wconf 88' lang='lat' dir='ltr'><strong>futuri</strong></span> <span class='ocrx_word' id='word_1_486' title='bbox 1317 3306 1372 3362; x_wconf 91' lang='lat' dir='ltr'><strong>sint</strong></span> <span class='ocrx_word' id='word_1_487' title='bbox 1390 3306 1531 3379; x_wconf 68' lang='grc' dir='ltr'><strong><em>ἰσάγγελοι</em></strong></span> <span class='ocrx_word' id='word_1_488' title='bbox 1549 3307 1732 3374; x_wconf 88' lang='lat' dir='ltr'><strong>immortales,</strong></span> <span class='ocrx_word' id='word_1_489' title='bbox 1749 3310 1944 3383; x_wconf 89' lang='lat' dir='ltr'><strong>incorruptibi-</strong></span> 
     </span>
     <span class='ocr_line' id='line_1_36' title="bbox 261 3391 1944 3465; baseline 0.002 -15"><span class='ocrx_word' id='word_1_490' title='bbox 261 3404 392 3450; x_wconf 85' lang='lat' dir='ltr'><strong>slatuere.</strong></span> <span class='ocrx_word' id='word_1_491' title='bbox 430 3393 554 3465; x_wconf 79' lang='lat' dir='ltr'><strong>Scaliger</strong></span> <span class='ocrx_word' id='word_1_492' title='bbox 576 3411 662 3451; x_wconf 86' lang='lat' dir='ltr'><strong>exere.</strong></span> <span class='ocrx_word' id='word_1_493' title='bbox 686 3398 744 3450; x_wconf 79' lang='lat'><strong>359.</strong></span> <span class='ocrx_word' id='word_1_494' title='bbox 768 3401 833 3451; x_wconf 89' lang='lat' dir='ltr'><strong>sect.</strong></span> <span class='ocrx_word' id='word_1_495' title='bbox 855 3400 895 3452; x_wconf 94' lang='lat' dir='ltr'><strong>ll.</strong></span> <span class='ocrx_word' id='word_1_496' title='bbox 936 3402 959 3451; x_wconf 87' lang='grc'><strong>2.</strong></span> <span class='ocrx_word' id='word_1_497' title='bbox 981 3395 1009 3452; x_wconf 87' lang='lat' dir='ltr'><strong>Si</strong></span> <span class='ocrx_word' id='word_1_498' title='bbox 1032 3415 1090 3452; x_wconf 85' lang='lat' dir='ltr'><strong>cor·</strong></span> <span class='ocrx_word' id='word_1_499' title='bbox 1116 3391 1156 3446; x_wconf 88' lang='lat' dir='ltr'><strong>les</strong></span> <span class='ocrx_word' id='word_1_500' title='bbox 1176 3397 1204 3446; x_wconf 90' lang='lat' dir='ltr'><strong>et</strong></span> <span class='ocrx_word' id='word_1_501' title='bbox 1221 3391 1432 3463; x_wconf 88' lang='lat' dir='ltr'><strong>ingenerabiles.</strong></span> <span class='ocrx_word' id='word_1_502' title='bbox 1468 3400 1490 3449; x_wconf 88' lang='lat'><strong>5.</strong></span> <span class='ocrx_word' id='word_1_503' title='bbox 1520 3393 1584 3449; x_wconf 88' lang='lat' dir='ltr'><strong>Huc</strong></span> <span class='ocrx_word' id='word_1_504' title='bbox 1607 3396 1752 3452; x_wconf 86' lang='lat' dir='ltr'><strong>referenda</strong></span> <span class='ocrx_word' id='word_1_505' title='bbox 1778 3397 1855 3454; x_wconf 86' lang='lat' dir='ltr'><strong>dicta</strong></span> <span class='ocrx_word' id='word_1_506' title='bbox 1872 3405 1944 3455; x_wconf 86' lang='lat' dir='ltr'><strong>sets·</strong></span> 
     </span>
    </p>
   </div>
   <div class='ocr_carea' id='block_1_4' title="bbox 258 3478 1948 5632">
    <p class='ocr_par' dir='ltr' id='par_1_7' title="bbox 258 3478 1948 5632">
     <span class='ocr_line' id='line_1_37' title="bbox 261 3478 1943 3555; baseline 0.002 -18"><span class='ocrx_word' id='word_1_507' title='bbox 261 3499 330 3554; x_wconf 85' lang='lat' dir='ltr'><strong>pora</strong></span> <span class='ocrx_word' id='word_1_508' title='bbox 347 3479 510 3536; x_wconf 87' lang='lat' dir='ltr'><strong>resuseitata</strong></span> <span class='ocrx_word' id='word_1_509' title='bbox 529 3481 623 3535; x_wconf 87' lang='lat' dir='ltr'><strong>futura</strong></span> <span class='ocrx_word' id='word_1_510' title='bbox 641 3485 733 3535; x_wconf 87' lang='lat' dir='ltr'><strong>essent</strong></span> <span class='ocrx_word' id='word_1_511' title='bbox 755 3478 841 3551; x_wconf 72' lang='lat' dir='ltr'><strong>iulo,</strong></span> <span class='ocrx_word' id='word_1_512' title='bbox 871 3498 922 3536; x_wconf 87' lang='lat' dir='ltr'><strong>nec</strong></span> <span class='ocrx_word' id='word_1_513' title='bbox 946 3481 1090 3538; x_wconf 89' lang='lat' dir='ltr'><strong>beatorum</strong></span> <span class='ocrx_word' id='word_1_514' title='bbox 1117 3495 1185 3532; x_wconf 84' lang='lat' dir='ltr'><strong>rum·</strong></span> <span class='ocrx_word' id='word_1_515' title='bbox 1220 3478 1409 3534; x_wconf 78' lang='lat' dir='ltr'><strong>Tertullianus</strong></span> <span class='ocrx_word' id='word_1_516' title='bbox 1433 3478 1481 3535; x_wconf 87' lang='lat' dir='ltr'><strong>lib.</strong></span> <span class='ocrx_word' id='word_1_517' title='bbox 1507 3479 1542 3535; x_wconf 82' lang='lat' dir='ltr'><strong>ds</strong></span> <span class='ocrx_word' id='word_1_518' title='bbox 1559 3487 1702 3537; x_wconf 72' lang='lat' dir='ltr'><strong>resurrect</strong></span> <span class='ocrx_word' id='word_1_519' title='bbox 1721 3483 1812 3537; x_wconf 84' lang='lat' dir='ltr'><strong>carnis</strong></span> <span class='ocrx_word' id='word_1_520' title='bbox 1833 3503 1861 3555; x_wconf 89' lang='lat' dir='ltr'><strong>p.</strong></span> <span class='ocrx_word' id='word_1_521' title='bbox 1880 3490 1943 3541; x_wconf 80' lang='lat' dir='ltr'><strong>el&#39;l:</strong></span> 
     </span>
     <span class='ocr_line' id='line_1_38' title="bbox 262 3564 1944 3641; baseline 0.003 -19"><span class='ocrx_word' id='word_1_522' title='bbox 262 3583 377 3639; x_wconf 90' lang='lat' dir='ltr'><strong>corpora</strong></span> <span class='ocrx_word' id='word_1_523' title='bbox 394 3567 541 3622; x_wconf 88' lang='lat' dir='ltr'><strong>coelestem</strong></span> <span class='ocrx_word' id='word_1_524' title='bbox 565 3564 694 3637; x_wconf 85' lang='lat' dir='ltr'><strong>gloriam,</strong></span> <span class='ocrx_word' id='word_1_525' title='bbox 727 3583 778 3620; x_wconf 89' lang='lat' dir='ltr'><strong>nee</strong></span> <span class='ocrx_word' id='word_1_526' title='bbox 802 3566 993 3621; x_wconf 88' lang='lat' dir='ltr'><strong>damnatorum</strong></span> <span class='ocrx_word' id='word_1_527' title='bbox 1017 3569 1090 3641; x_wconf 85' lang='lat' dir='ltr'><strong>ignis</strong></span> <span class='ocrx_word' id='word_1_528' title='bbox 1117 3566 1211 3619; x_wconf 85' lang='lat' dir='ltr'><strong>Erunt</strong></span> <span class='ocrx_word' id='word_1_529' title='bbox 1231 3572 1366 3636; x_wconf 88' lang='lat' dir='ltr'><strong>tanquam</strong></span> <span class='ocrx_word' id='word_1_530' title='bbox 1383 3566 1486 3635; x_wconf 78' lang='lat' dir='ltr'><strong>ampeli.</strong></span> <span class='ocrx_word' id='word_1_531' title='bbox 1523 3566 1559 3620; x_wconf 84' lang='lat' dir='ltr'><strong>Si</strong></span> <span class='ocrx_word' id='word_1_532' title='bbox 1575 3585 1631 3621; x_wconf 89' lang='lat' dir='ltr'><strong>uon</strong></span> <span class='ocrx_word' id='word_1_533' title='bbox 1648 3568 1793 3636; x_wconf 81' lang='lat' dir='ltr'><strong>nubendo,</strong></span> <span class='ocrx_word' id='word_1_534' title='bbox 1810 3572 1879 3639; x_wconf 89' lang='lat' dir='ltr'><strong>quia</strong></span> <span class='ocrx_word' id='word_1_535' title='bbox 1895 3588 1944 3626; x_wconf 81' lang='lat' dir='ltr'><strong>nes</strong></span> 
     </span>
     <span class='ocr_line' id='line_1_39' title="bbox 262 3652 1944 3725; baseline 0.002 -16"><span class='ocrx_word' id='word_1_536' title='bbox 262 3653 404 3709; x_wconf 86' lang='lat' dir='ltr'><strong>infernalis</strong></span> <span class='ocrx_word' id='word_1_537' title='bbox 420 3670 538 3724; x_wconf 86' lang='lat' dir='ltr'><strong>poenam</strong></span> <span class='ocrx_word' id='word_1_538' title='bbox 555 3652 736 3724; x_wconf 81' lang='lat' dir='ltr'><strong>perciperent.</strong></span> <span class='ocrx_word' id='word_1_539' title='bbox 773 3658 797 3708; x_wconf 82' lang='lat'><strong>³.</strong></span> <span class='ocrx_word' id='word_1_540' title='bbox 811 3653 1092 3725; x_wconf 81' lang='lat' dir='ltr'><strong>Corporamateriata</strong></span> <span class='ocrx_word' id='word_1_541' title='bbox 1116 3652 1273 3716; x_wconf 67' lang='lat' dir='ltr'><strong>moriendo,</strong></span> <span class='ocrx_word' id='word_1_542' title='bbox 1305 3653 1400 3723; x_wconf 68' lang='lat' dir='ltr'><strong>utiquc</strong></span> <span class='ocrx_word' id='word_1_543' title='bbox 1422 3668 1472 3707; x_wconf 84' lang='lat' dir='ltr'><strong>nea</strong></span> <span class='ocrx_word' id='word_1_544' title='bbox 1498 3653 1553 3708; x_wconf 87' lang='lat' dir='ltr'><strong>ulli</strong></span> <span class='ocrx_word' id='word_1_545' title='bbox 1571 3654 1662 3708; x_wconf 72' lang='lat' dir='ltr'><strong>nmdi</strong></span> <span class='ocrx_word' id='word_1_546' title='bbox 1678 3657 1840 3710; x_wconf 78' lang='lat' dir='ltr'><strong>necessitati</strong></span> <span class='ocrx_word' id='word_1_547' title='bbox 1858 3658 1944 3714; x_wconf 87' lang='lat' dir='ltr'><strong>succi·</strong></span> 
     </span>
     <span class='ocr_line' id='line_1_40' title="bbox 262 3737 1943 3814; baseline 0.003 -19"><span class='ocrx_word' id='word_1_548' title='bbox 262 3746 292 3795; x_wconf 89' lang='lat' dir='ltr'><strong>et</strong></span> <span class='ocrx_word' id='word_1_549' title='bbox 304 3740 434 3795; x_wconf 89' lang='lat' dir='ltr'><strong>materiae</strong></span> <span class='ocrx_word' id='word_1_550' title='bbox 454 3739 578 3810; x_wconf 83' lang='lat' dir='ltr'><strong>expertia</strong></span> <span class='ocrx_word' id='word_1_551' title='bbox 595 3737 676 3811; x_wconf 78' lang='grc' dir='ltr'><em>οὖσίᾳ</em></span> <span class='ocrx_word' id='word_1_552' title='bbox 695 3756 728 3794; x_wconf 90' lang='lat' dir='ltr'><strong>ac</strong></span> <span class='ocrx_word' id='word_1_553' title='bbox 746 3740 837 3810; x_wconf 88' lang='lat' dir='ltr'><strong>specie</strong></span> <span class='ocrx_word' id='word_1_554' title='bbox 859 3740 1003 3811; x_wconf 87' lang='lat' dir='ltr'><strong>differunt,</strong></span> <span class='ocrx_word' id='word_1_555' title='bbox 1032 3745 1091 3813; x_wconf 81' lang='lat' dir='ltr'><strong>jam</strong></span> <span class='ocrx_word' id='word_1_556' title='bbox 1117 3739 1210 3791; x_wconf 83' lang='lat' dir='ltr'><strong>dendo</strong></span> <span class='ocrx_word' id='word_1_557' title='bbox 1229 3739 1390 3809; x_wconf 74' lang='lat' dir='ltr'><strong>carpasia</strong></span> <span class='ocrx_word' id='word_1_558' title='bbox 1411 3739 1589 3796; x_wconf 84' lang='lat' dir='ltr'><strong>conditionis.</strong></span> <span class='ocrx_word' id='word_1_559' title='bbox 1630 3741 1702 3805; x_wconf 83' lang='lat' dir='ltr'><strong>Quia</strong></span> <span class='ocrx_word' id='word_1_560' title='bbox 1727 3750 1753 3796; x_wconf 89' lang='lat' dir='ltr'><strong>et</strong></span> <span class='ocrx_word' id='word_1_561' title='bbox 1777 3745 1876 3814; x_wconf 81' lang='lat' dir='ltr'><strong>anqeli</strong></span> <span class='ocrx_word' id='word_1_562' title='bbox 1892 3743 1943 3800; x_wconf 88' lang='lat' dir='ltr'><strong>ali·</strong></span> 
     </span>
     <span class='ocr_line' id='line_1_41' title="bbox 262 3825 1943 3897; baseline 0.005 -17"><span class='ocrx_word' id='word_1_563' title='bbox 262 3844 327 3882; x_wconf 88' lang='lat' dir='ltr'><strong>vero</strong></span> <span class='ocrx_word' id='word_1_564' title='bbox 345 3826 490 3897; x_wconf 85' lang='lat' dir='ltr'><strong>Scriptura</strong></span> <span class='ocrx_word' id='word_1_565' title='bbox 515 3825 610 3894; x_wconf 87' lang='lat' dir='ltr'><strong>docet,</strong></span> <span class='ocrx_word' id='word_1_566' title='bbox 642 3826 739 3881; x_wconf 86' lang='lat' dir='ltr'><strong>cadem</strong></span> <span class='ocrx_word' id='word_1_567' title='bbox 757 3842 871 3881; x_wconf 88' lang='lat' dir='ltr'><strong>numero</strong></span> <span class='ocrx_word' id='word_1_568' title='bbox 890 3838 917 3880; x_wconf 90' lang='lat' dir='ltr'><strong>et</strong></span> <span class='ocrx_word' id='word_1_569' title='bbox 936 3827 1092 3885; x_wconf 85' lang='lat' dir='ltr'><strong>substantia</strong></span> <span class='ocrx_word' id='word_1_570' title='bbox 1117 3826 1232 3894; x_wconf 76' lang='lat' dir='ltr'><strong>quando</strong></span> <span class='ocrx_word' id='word_1_571' title='bbox 1249 3833 1383 3895; x_wconf 89' lang='lat' dir='ltr'><strong>tanquam</strong></span> <span class='ocrx_word' id='word_1_572' title='bbox 1400 3827 1525 3880; x_wconf 76' lang='lat' dir='ltr'><strong>homines</strong></span> <span class='ocrx_word' id='word_1_573' title='bbox 1542 3830 1658 3895; x_wconf 81' lang='lat' dir='ltr'><strong>fuerunt</strong></span> <span class='ocrx_word' id='word_1_574' title='bbox 1672 3829 1779 3883; x_wconf 75' lang='lat' dir='ltr'><strong>edessae</strong></span> <span class='ocrx_word' id='word_1_575' title='bbox 1795 3832 1943 3888; x_wconf 74' lang='lat' dir='ltr'><strong>ulamau</strong></span> 
     </span>
     <span class='ocr_line' id='line_1_42' title="bbox 262 3912 1942 3987; baseline 0.002 -17"><span class='ocrx_word' id='word_1_576' title='bbox 262 3930 379 3985; x_wconf 87' lang='lat' dir='ltr'><strong>corpora</strong></span> <span class='ocrx_word' id='word_1_577' title='bbox 396 3929 456 3969; x_wconf 89' lang='lat' dir='ltr'><strong>esse</strong></span> <span class='ocrx_word' id='word_1_578' title='bbox 475 3919 670 3968; x_wconf 85' lang='lat' dir='ltr'><strong>resurrectura.</strong></span> <span class='ocrx_word' id='word_1_579' title='bbox 707 3920 729 3968; x_wconf 87' lang='grc'><strong>4.</strong></span> <span class='ocrx_word' id='word_1_580' title='bbox 750 3912 828 3969; x_wconf 86' lang='lat' dir='ltr'><strong>Sicut</strong></span> <span class='ocrx_word' id='word_1_581' title='bbox 842 3912 871 3969; x_wconf 93' lang='lat' dir='ltr'><strong>in</strong></span> <span class='ocrx_word' id='word_1_582' title='bbox 885 3930 998 3984; x_wconf 90' lang='lat' dir='ltr'><strong>corpore</strong></span> <span class='ocrx_word' id='word_1_583' title='bbox 1010 3916 1089 3987; x_wconf 90' lang='lat' dir='ltr'><strong>primi</strong></span> <span class='ocrx_word' id='word_1_584' title='bbox 1118 3921 1143 3968; x_wconf 86' lang='lat' dir='ltr'><strong>el</strong></span> <span class='ocrx_word' id='word_1_585' title='bbox 1164 3914 1254 3982; x_wconf 82' lang='lat' dir='ltr'><strong>pedes</strong></span> <span class='ocrx_word' id='word_1_586' title='bbox 1277 3913 1405 3967; x_wconf 84' lang='lat' dir='ltr'><strong>iavacro</strong></span> <span class='ocrx_word' id='word_1_587' title='bbox 1417 3915 1578 3985; x_wconf 63' lang='lat' dir='ltr'><strong>purgando.</strong></span> <span class='ocrx_word' id='word_1_588' title='bbox 1615 3915 1779 3970; x_wconf 89' lang='lat' dir='ltr'><strong>Humanam</strong></span> <span class='ocrx_word' id='word_1_589' title='bbox 1804 3917 1878 3972; x_wconf 81' lang='lat' dir='ltr'><strong>mim</strong></span> <span class='ocrx_word' id='word_1_590' title='bbox 1904 3919 1942 3973; x_wconf 89' lang='lat' dir='ltr'><strong>in-</strong></span> 
     </span>
     <span class='ocr_line' id='line_1_43' title="bbox 262 3999 1941 4076; baseline 0.002 -21"><span class='ocrx_word' id='word_1_591' title='bbox 262 4001 379 4057; x_wconf 87' lang='lat' dir='ltr'><strong>hominie</strong></span> <span class='ocrx_word' id='word_1_592' title='bbox 411 4000 464 4054; x_wconf 84' lang='lat' dir='ltr'><strong>fuit</strong></span> <span class='ocrx_word' id='word_1_593' title='bbox 494 3999 609 4054; x_wconf 83' lang='lat' dir='ltr'><strong>materia</strong></span> <span class='ocrx_word' id='word_1_594' title='bbox 637 4001 742 4073; x_wconf 89' lang='lat' dir='ltr'><strong>absque</strong></span> <span class='ocrx_word' id='word_1_595' title='bbox 775 4000 948 4071; x_wconf 85' lang='lat' dir='ltr'><strong>proclivitate</strong></span> <span class='ocrx_word' id='word_1_596' title='bbox 973 4004 1009 4060; x_wconf 86' lang='lat' dir='ltr'><strong>ad</strong></span> <span class='ocrx_word' id='word_1_597' title='bbox 1033 4022 1091 4058; x_wconf 88' lang='lat' dir='ltr'><strong>cor·</strong></span> <span class='ocrx_word' id='word_1_598' title='bbox 1118 4003 1237 4054; x_wconf 74' lang='lat' dir='ltr'><strong>oluerunt</strong></span> <span class='ocrx_word' id='word_1_599' title='bbox 1269 4001 1461 4068; x_wconf 77' lang='lat' dir='ltr'><strong>superficiem,</strong></span> <span class='ocrx_word' id='word_1_600' title='bbox 1494 4001 1574 4054; x_wconf 85' lang='lat' dir='ltr'><strong>solra</strong></span> <span class='ocrx_word' id='word_1_601' title='bbox 1598 4002 1673 4055; x_wconf 88' lang='lat' dir='ltr'><strong>inlus</strong></span> <span class='ocrx_word' id='word_1_602' title='bbox 1699 4003 1859 4058; x_wconf 79' lang='lat' dir='ltr'><strong>substantia</strong></span> <span class='ocrx_word' id='word_1_603' title='bbox 1877 4022 1941 4076; x_wconf 82' lang='lat' dir='ltr'><strong>pro</strong></span> 
     </span>
     <span class='ocr_line' id='line_1_44' title="bbox 262 4084 1942 4159; baseline 0.003 -17"><span class='ocrx_word' id='word_1_604' title='bbox 262 4087 417 4158; x_wconf 87' lang='lat' dir='ltr'><strong>ruptionem</strong></span> <span class='ocrx_word' id='word_1_605' title='bbox 447 4104 479 4142; x_wconf 88' lang='lat' dir='ltr'><strong>ac</strong></span> <span class='ocrx_word' id='word_1_606' title='bbox 507 4086 579 4142; x_wconf 89' lang='lat' dir='ltr'><strong>sicut</strong></span> <span class='ocrx_word' id='word_1_607' title='bbox 605 4086 634 4140; x_wconf 93' lang='lat' dir='ltr'><strong>in</strong></span> <span class='ocrx_word' id='word_1_608' title='bbox 657 4084 760 4141; x_wconf 85' lang='lat' dir='ltr'><strong>Christi</strong></span> <span class='ocrx_word' id='word_1_609' title='bbox 783 4103 897 4158; x_wconf 87' lang='lat' dir='ltr'><strong>corpore</strong></span> <span class='ocrx_word' id='word_1_610' title='bbox 923 4096 986 4159; x_wconf 88' lang='lat' dir='ltr'><strong>post</strong></span> <span class='ocrx_word' id='word_1_611' title='bbox 1003 4107 1091 4146; x_wconf 86' lang='lat' dir='ltr'><strong>resur·</strong></span> <span class='ocrx_word' id='word_1_612' title='bbox 1114 4088 1191 4157; x_wconf 86' lang='lat' dir='ltr'><strong>prio.</strong></span> <span class='ocrx_word' id='word_1_613' title='bbox 1231 4085 1324 4157; x_wconf 79' lang='lat' dir='ltr'><strong>lqitur</strong></span> <span class='ocrx_word' id='word_1_614' title='bbox 1346 4088 1374 4141; x_wconf 85' lang='lat' dir='ltr'><strong>si</strong></span> <span class='ocrx_word' id='word_1_615' title='bbox 1395 4088 1492 4156; x_wconf 79' lang='lat' dir='ltr'><strong>anqeli</strong></span> <span class='ocrx_word' id='word_1_616' title='bbox 1512 4088 1588 4153; x_wconf 79' lang='lat' dir='ltr'><strong>faeti</strong></span> <span class='ocrx_word' id='word_1_617' title='bbox 1612 4097 1748 4159; x_wconf 88' lang='lat' dir='ltr'><strong>tanquam</strong></span> <span class='ocrx_word' id='word_1_618' title='bbox 1773 4090 1899 4147; x_wconf 76' lang='lat' dir='ltr'><strong>homines</strong></span> <span class='ocrx_word' id='word_1_619' title='bbox 1915 4093 1942 4146; x_wconf 84' lang='lat' dir='ltr'><strong>in</strong></span> 
     </span>
     <span class='ocr_line' id='line_1_45' title="bbox 262 4171 1942 4249; baseline 0.004 -19"><span class='ocrx_word' id='word_1_620' title='bbox 262 4175 411 4230; x_wconf 74' lang='lat' dir='ltr'><strong>rectitmem</strong></span> <span class='ocrx_word' id='word_1_621' title='bbox 433 4174 487 4229; x_wconf 86' lang='lat' dir='ltr'><strong>fnit</strong></span> <span class='ocrx_word' id='word_1_622' title='bbox 505 4172 621 4229; x_wconf 90' lang='lat' dir='ltr'><strong>materia</strong></span> <span class='ocrx_word' id='word_1_623' title='bbox 641 4173 746 4245; x_wconf 84' lang='lat' dir='ltr'><strong>absque</strong></span> <span class='ocrx_word' id='word_1_624' title='bbox 771 4171 890 4248; x_wconf 77' lang='grc' dir='ltr'><em>δυνάμει</em></span> <span class='ocrx_word' id='word_1_625' title='bbox 907 4173 1092 4249; x_wconf 64' lang='lat' dir='ltr'><strong>irrupimus,</strong></span> <span class='ocrx_word' id='word_1_626' title='bbox 1117 4176 1216 4228; x_wconf 84' lang='lat' dir='ltr'><strong>eadem</strong></span> <span class='ocrx_word' id='word_1_627' title='bbox 1233 4173 1391 4228; x_wconf 79' lang='lat' dir='ltr'><strong>mdstantia</strong></span> <span class='ocrx_word' id='word_1_628' title='bbox 1415 4176 1546 4245; x_wconf 81' lang='lat' dir='ltr'><strong>spiritus,</strong></span> <span class='ocrx_word' id='word_1_629' title='bbox 1581 4176 1725 4230; x_wconf 73' lang='lat' dir='ltr'><strong>carnamm</strong></span> <span class='ocrx_word' id='word_1_630' title='bbox 1749 4182 1942 4236; x_wconf 82' lang='lat' dir='ltr'><strong>tractationem</strong></span> 
     </span>
     <span class='ocr_line' id='line_1_46' title="bbox 262 4260 1942 4334; baseline 0.004 -20"><span class='ocrx_word' id='word_1_631' title='bbox 262 4260 302 4314; x_wconf 87' lang='lat' dir='ltr'><strong>ita</strong></span> <span class='ocrx_word' id='word_1_632' title='bbox 321 4277 433 4332; x_wconf 89' lang='lat' dir='ltr'><strong>quoque</strong></span> <span class='ocrx_word' id='word_1_633' title='bbox 451 4260 594 4316; x_wconf 90' lang='lat' dir='ltr'><strong>beatorum</strong></span> <span class='ocrx_word' id='word_1_634' title='bbox 611 4276 726 4331; x_wconf 89' lang='lat' dir='ltr'><strong>corpora</strong></span> <span class='ocrx_word' id='word_1_635' title='bbox 745 4261 774 4314; x_wconf 93' lang='lat' dir='ltr'><strong>in</strong></span> <span class='ocrx_word' id='word_1_636' title='bbox 792 4261 886 4315; x_wconf 77' lang='lat' dir='ltr'><strong>tuturo</strong></span> <span class='ocrx_word' id='word_1_637' title='bbox 905 4262 996 4318; x_wconf 90' lang='lat' dir='ltr'><strong>seculo</strong></span> <span class='ocrx_word' id='word_1_638' title='bbox 1011 4271 1092 4319; x_wconf 88' lang='lat' dir='ltr'><strong>erunt</strong></span> <span class='ocrx_word' id='word_1_639' title='bbox 1116 4267 1304 4330; x_wconf 72' lang='lat' dir='ltr'><strong>acceperam,</strong></span> <span class='ocrx_word' id='word_1_640' title='bbox 1325 4277 1376 4314; x_wconf 88' lang='lat' dir='ltr'><strong>cur</strong></span> <span class='ocrx_word' id='word_1_641' title='bbox 1395 4278 1451 4314; x_wconf 89' lang='lat' dir='ltr'><strong>non</strong></span> <span class='ocrx_word' id='word_1_642' title='bbox 1471 4270 1497 4315; x_wconf 87' lang='lat' dir='ltr'><strong>et</strong></span> <span class='ocrx_word' id='word_1_643' title='bbox 1515 4263 1638 4316; x_wconf 75' lang='lat' dir='ltr'><strong>nomines</strong></span> <span class='ocrx_word' id='word_1_644' title='bbox 1654 4263 1732 4328; x_wconf 80' lang='lat' dir='ltr'><strong>facti</strong></span> <span class='ocrx_word' id='word_1_645' title='bbox 1748 4272 1884 4334; x_wconf 86' lang='lat' dir='ltr'><strong>tanquam</strong></span> <span class='ocrx_word' id='word_1_646' title='bbox 1899 4284 1942 4320; x_wconf 88' lang='lat' dir='ltr'><strong>an·</strong></span> 
     </span>
     <span class='ocr_line' id='line_1_47' title="bbox 262 4346 1942 4423; baseline 0.004 -23"><span class='ocrx_word' id='word_1_647' title='bbox 262 4347 420 4416; x_wconf 88' lang='lat' dir='ltr'><strong>materiata,</strong></span> <span class='ocrx_word' id='word_1_648' title='bbox 445 4346 533 4401; x_wconf 87' lang='lat' dir='ltr'><strong>omnis</strong></span> <span class='ocrx_word' id='word_1_649' title='bbox 552 4351 644 4401; x_wconf 85' lang='lat' dir='ltr'><strong>temen</strong></span> <span class='ocrx_word' id='word_1_650' title='bbox 663 4347 846 4418; x_wconf 83' lang='lat' dir='ltr'><strong>corruptionis</strong></span> <span class='ocrx_word' id='word_1_651' title='bbox 864 4352 893 4402; x_wconf 88' lang='lat' dir='ltr'><strong>et</strong></span> <span class='ocrx_word' id='word_1_652' title='bbox 909 4349 1090 4419; x_wconf 85' lang='lat' dir='ltr'><strong>proclivitatis</strong></span> <span class='ocrx_word' id='word_1_653' title='bbox 1116 4348 1175 4416; x_wconf 80' lang='lat' dir='ltr'><strong>peli</strong></span> <span class='ocrx_word' id='word_1_654' title='bbox 1191 4348 1220 4419; x_wconf 82' lang='lat' dir='ltr'><strong>in</strong></span> <span class='ocrx_word' id='word_1_655' title='bbox 1237 4348 1333 4401; x_wconf 80' lang='lat' dir='ltr'><strong>mdem</strong></span> <span class='ocrx_word' id='word_1_656' title='bbox 1351 4348 1510 4414; x_wconf 70' lang='lat' dir='ltr'><strong>modulantia</strong></span> <span class='ocrx_word' id='word_1_657' title='bbox 1530 4349 1626 4403; x_wconf 87' lang='lat' dir='ltr'><strong>curnis</strong></span> <span class='ocrx_word' id='word_1_658' title='bbox 1640 4351 1818 4423; x_wconf 86' lang='lat' dir='ltr'><strong>spiritualem</strong></span> <span class='ocrx_word' id='word_1_659' title='bbox 1832 4352 1942 4408; x_wconf 71' lang='lat' dir='ltr'><strong>mauu</strong></span> 
     </span>
     <span class='ocr_line' id='line_1_48' title="bbox 263 4431 1942 4509; baseline 0.005 -23"><span class='ocrx_word' id='word_1_660' title='bbox 263 4431 298 4486; x_wconf 89' lang='lat' dir='ltr'><strong>ad</strong></span> <span class='ocrx_word' id='word_1_661' title='bbox 318 4432 521 4502; x_wconf 87' lang='lat' dir='ltr'><strong>corruptionem</strong></span> <span class='ocrx_word' id='word_1_662' title='bbox 541 4433 678 4503; x_wconf 83' lang='lat' dir='ltr'><strong>expertia,</strong></span> <span class='ocrx_word' id='word_1_663' title='bbox 697 4433 763 4504; x_wconf 91' lang='lat' dir='ltr'><strong>quia</strong></span> <span class='ocrx_word' id='word_1_664' title='bbox 783 4432 901 4503; x_wconf 76' lang='grc' dir='ltr'><strong>δύναμις</strong></span> <span class='ocrx_word' id='word_1_665' title='bbox 918 4434 1091 4509; x_wconf 72' lang='grc' dir='ltr'><strong><em>ἀντιφάσεως</em></strong></span> <span class='ocrx_word' id='word_1_666' title='bbox 1116 4434 1336 4503; x_wconf 79' lang='lat' dir='ltr'><strong>dispositionem,</strong></span> <span class='ocrx_word' id='word_1_667' title='bbox 1356 4452 1412 4487; x_wconf 91' lang='lat' dir='ltr'><strong>non</strong></span> <span class='ocrx_word' id='word_1_668' title='bbox 1429 4434 1520 4502; x_wconf 81' lang='lat' dir='ltr'><strong>mapis</strong></span> <span class='ocrx_word' id='word_1_669' title='bbox 1540 4434 1700 4489; x_wconf 83' lang='lat' dir='ltr'><strong>solennibus</strong></span> <span class='ocrx_word' id='word_1_670' title='bbox 1717 4437 1815 4490; x_wconf 72' lang='lat' dir='ltr'><strong>carnes</strong></span> <span class='ocrx_word' id='word_1_671' title='bbox 1836 4437 1942 4494; x_wconf 80' lang='lat' dir='ltr'><strong>obnoaii</strong></span> 
     </span>
     <span class='ocr_line' id='line_1_49' title="bbox 261 4514 1940 4592; baseline 0.005 -21"><span class='ocrx_word' id='word_1_672' title='bbox 261 4534 318 4572; x_wconf 90' lang='lat' dir='ltr'><strong>non</strong></span> <span class='ocrx_word' id='word_1_673' title='bbox 335 4524 377 4572; x_wconf 87' lang='lat' dir='ltr'><strong>est</strong></span> <span class='ocrx_word' id='word_1_674' title='bbox 395 4517 457 4588; x_wconf 91' lang='lat' dir='ltr'><strong>ipsa</strong></span> <span class='ocrx_word' id='word_1_675' title='bbox 473 4518 604 4575; x_wconf 87' lang='lat' dir='ltr'><strong>materiae</strong></span> <span class='ocrx_word' id='word_1_676' title='bbox 626 4519 758 4588; x_wconf 81' lang='lat' dir='ltr'><strong>amentia,</strong></span> <span class='ocrx_word' id='word_1_677' title='bbox 786 4537 857 4592; x_wconf 89' lang='lat' dir='ltr'><strong>quae</strong></span> <span class='ocrx_word' id='word_1_678' title='bbox 879 4520 1017 4592; x_wconf 91' lang='lat' dir='ltr'><strong>manebit,</strong></span> <span class='ocrx_word' id='word_1_679' title='bbox 1041 4525 1088 4579; x_wconf 91' lang='lat' dir='ltr'><strong>sed</strong></span> <span class='ocrx_word' id='word_1_680' title='bbox 1115 4520 1164 4575; x_wconf 80' lang='lat' dir='ltr'><strong>sub</strong></span> <span class='ocrx_word' id='word_1_681' title='bbox 1182 4519 1310 4589; x_wconf 81' lang='lat' dir='ltr'><strong>unpels&#39;oo</strong></span> <span class='ocrx_word' id='word_1_682' title='bbox 1333 4521 1494 4574; x_wconf 82' lang='lat' dir='ltr'><strong>indumento</strong></span> <span class='ocrx_word' id='word_1_683' title='bbox 1515 4538 1599 4590; x_wconf 62' lang='lat' dir='ltr'><strong>mam</strong></span> <span class='ocrx_word' id='word_1_684' title='bbox 1619 4521 1716 4589; x_wconf 81' lang='lat' dir='ltr'><strong>anpeli</strong></span> <span class='ocrx_word' id='word_1_685' title='bbox 1734 4529 1801 4576; x_wconf 75' lang='lat' dir='ltr'><strong>turre</strong></span> <span class='ocrx_word' id='word_1_686' title='bbox 1825 4514 1940 4580; x_wconf 58' lang='lat' dir='ltr'><strong>somam</strong></span> 
     </span>
     <span class='ocr_line' id='line_1_50' title="bbox 263 4603 1940 4680; baseline 0.004 -23"><span class='ocrx_word' id='word_1_687' title='bbox 263 4603 391 4675; x_wconf 87' lang='lat' dir='ltr'><strong>qualitas,</strong></span> <span class='ocrx_word' id='word_1_688' title='bbox 410 4621 481 4675; x_wconf 88' lang='lat' dir='ltr'><strong>quac</strong></span> <span class='ocrx_word' id='word_1_689' title='bbox 498 4604 661 4661; x_wconf 86' lang='lat' dir='ltr'><strong>abolebitur.</strong></span> <span class='ocrx_word' id='word_1_690' title='bbox 690 4606 1087 4679; x_wconf 81' lang='lat' dir='ltr'><strong>Conferllleisnerumpart,1.</strong></span> <span class='ocrx_word' id='word_1_691' title='bbox 1116 4609 1165 4661; x_wconf 84' lang='lat' dir='ltr'><strong>tus</strong></span> <span class='ocrx_word' id='word_1_692' title='bbox 1183 4606 1332 4676; x_wconf 80' lang='lat' dir='ltr'><strong>spirituum</strong></span> <span class='ocrx_word' id='word_1_693' title='bbox 1348 4606 1398 4659; x_wconf 80' lang='lat' dir='ltr'><strong>ereb</strong></span> <span class='ocrx_word' id='word_1_694' title='bbox 1415 4607 1558 4660; x_wconf 74' lang='lat' dir='ltr'><strong>hunuano!</strong></span> <span class='ocrx_word' id='word_1_695' title='bbox 1581 4608 1642 4661; x_wconf 89' lang='lat' dir='ltr'><strong>Nec</strong></span> <span class='ocrx_word' id='word_1_696' title='bbox 1659 4609 1723 4662; x_wconf 86' lang='lat' dir='ltr'><strong>ideo</strong></span> <span class='ocrx_word' id='word_1_697' title='bbox 1741 4627 1798 4663; x_wconf 92' lang='lat' dir='ltr'><strong>non</strong></span> <span class='ocrx_word' id='word_1_698' title='bbox 1812 4627 1940 4680; x_wconf 66' lang='lat' dir='ltr'><strong>parnas</strong></span> 
     </span>
     <span class='ocr_line' id='line_1_51' title="bbox 263 4689 1941 4765; baseline 0.005 -22"><span class='ocrx_word' id='word_1_699' title='bbox 263 4689 334 4745; x_wconf 89' lang='lat' dir='ltr'><strong>sobr.</strong></span> <span class='ocrx_word' id='word_1_700' title='bbox 354 4689 419 4761; x_wconf 90' lang='lat' dir='ltr'><strong>phil.</strong></span> <span class='ocrx_word' id='word_1_701' title='bbox 438 4696 503 4747; x_wconf 86' lang='lat' dir='ltr'><strong>sect.</strong></span> <span class='ocrx_word' id='word_1_702' title='bbox 522 4697 547 4749; x_wconf 84' lang='lat'><strong>3.</strong></span> <span class='ocrx_word' id='word_1_703' title='bbox 572 4709 633 4763; x_wconf 87' lang='lat' dir='ltr'><strong>esp.</strong></span> <span class='ocrx_word' id='word_1_704' title='bbox 654 4698 678 4748; x_wconf 87' lang='grc'><strong>2,</strong></span> <span class='ocrx_word' id='word_1_705' title='bbox 699 4710 745 4763; x_wconf 86' lang='lat' dir='ltr'><strong>qu.</strong></span> <span class='ocrx_word' id='word_1_706' title='bbox 771 4701 793 4751; x_wconf 87' lang='lat' dir='ltr'><strong>l.</strong></span> <span class='ocrx_word' id='word_1_707' title='bbox 811 4699 839 4749; x_wconf 91' lang='lat' dir='ltr'><strong>et</strong></span> <span class='ocrx_word' id='word_1_708' title='bbox 858 4697 892 4763; x_wconf 78' lang='grc'><strong>2.)</strong></span> <span class='ocrx_word' id='word_1_709' title='bbox 929 4697 968 4749; x_wconf 85' lang='grc'><strong>16.</strong></span> <span class='ocrx_word' id='word_1_710' title='bbox 991 4695 1089 4752; x_wconf 82' lang='lat' dir='ltr'><strong>Goele-</strong></span> <span class='ocrx_word' id='word_1_711' title='bbox 1115 4695 1176 4748; x_wconf 85' lang='lat' dir='ltr'><strong>suri</strong></span> <span class='ocrx_word' id='word_1_712' title='bbox 1204 4693 1234 4745; x_wconf 87' lang='lat' dir='ltr'><strong>in</strong></span> <span class='ocrx_word' id='word_1_713' title='bbox 1261 4709 1359 4759; x_wconf 85' lang='lat' dir='ltr'><strong>carne,</strong></span> <span class='ocrx_word' id='word_1_714' title='bbox 1389 4693 1456 4761; x_wconf 88' lang='lat' dir='ltr'><strong>quia</strong></span> <span class='ocrx_word' id='word_1_715' title='bbox 1483 4711 1539 4746; x_wconf 88' lang='lat' dir='ltr'><strong>non</strong></span> <span class='ocrx_word' id='word_1_716' title='bbox 1564 4702 1590 4748; x_wconf 87' lang='lat' dir='ltr'><strong>et</strong></span> <span class='ocrx_word' id='word_1_717' title='bbox 1614 4695 1644 4748; x_wconf 88' lang='lat' dir='ltr'><strong>in</strong></span> <span class='ocrx_word' id='word_1_718' title='bbox 1661 4695 1823 4749; x_wconf 71' lang='lat' dir='ltr'><strong>soknnibus</strong></span> <span class='ocrx_word' id='word_1_719' title='bbox 1840 4698 1941 4765; x_wconf 62' lang='lat' dir='ltr'><strong>cama,</strong></span> 
     </span>
     <span class='ocr_line' id='line_1_52' title="bbox 262 4775 1940 4854; baseline 0.005 -23"><span class='ocrx_word' id='word_1_720' title='bbox 262 4782 325 4831; x_wconf 79' lang='lat' dir='ltr'><strong>nisus</strong></span> <span class='ocrx_word' id='word_1_721' title='bbox 342 4775 521 4849; x_wconf 85' lang='lat' dir='ltr'><strong>philosophus</strong></span> <span class='ocrx_word' id='word_1_722' title='bbox 538 4777 746 4850; x_wconf 84' lang='lat' dir='ltr'><strong>Marpurgensis</strong></span> <span class='ocrx_word' id='word_1_723' title='bbox 771 4779 800 4834; x_wconf 93' lang='lat' dir='ltr'><strong>in</strong></span> <span class='ocrx_word' id='word_1_724' title='bbox 817 4779 914 4851; x_wconf 85' lang='lat' dir='ltr'><strong>colleg.</strong></span> <span class='ocrx_word' id='word_1_725' title='bbox 934 4780 1087 4854; x_wconf 86' lang='lat' dir='ltr'><strong>philosoph.</strong></span> <span class='ocrx_word' id='word_1_726' title='bbox 1116 4798 1177 4834; x_wconf 89' lang='lat' dir='ltr'><strong>eum</strong></span> <span class='ocrx_word' id='word_1_727' title='bbox 1200 4795 1250 4833; x_wconf 85' lang='lat' dir='ltr'><strong>nec</strong></span> <span class='ocrx_word' id='word_1_728' title='bbox 1275 4779 1370 4848; x_wconf 82' lang='lat' dir='ltr'><strong>anpeli</strong></span> <span class='ocrx_word' id='word_1_729' title='bbox 1388 4780 1452 4832; x_wconf 82' lang='lat' dir='ltr'><strong>ideo</strong></span> <span class='ocrx_word' id='word_1_730' title='bbox 1476 4780 1582 4833; x_wconf 87' lang='lat' dir='ltr'><strong>nonin</strong></span> <span class='ocrx_word' id='word_1_731' title='bbox 1605 4781 1708 4850; x_wconf 86' lang='lat' dir='ltr'><strong>spiritu</strong></span> <span class='ocrx_word' id='word_1_732' title='bbox 1726 4784 1940 4852; x_wconf 76' lang='lat' dir='ltr'><strong>permanserint,</strong></span> 
     </span>
     <span class='ocr_line' id='line_1_53' title="bbox 262 4862 1942 4940; baseline 0.004 -21"><span class='ocrx_word' id='word_1_733' title='bbox 262 4862 345 4920; x_wconf 79' lang='lat' dir='ltr'><strong>theol,</strong></span> <span class='ocrx_word' id='word_1_734' title='bbox 363 4863 433 4934; x_wconf 87' lang='lat' dir='ltr'><strong>disp.</strong></span> <span class='ocrx_word' id='word_1_735' title='bbox 448 4867 487 4918; x_wconf 87' lang='grc'><strong>25.</strong></span> <span class='ocrx_word' id='word_1_736' title='bbox 509 4864 528 4918; x_wconf 86' lang='lat' dir='ltr'><strong>f.</strong></span> <span class='ocrx_word' id='word_1_737' title='bbox 547 4869 605 4923; x_wconf 80' lang='lat'><strong>222.</strong></span> <span class='ocrx_word' id='word_1_738' title='bbox 625 4864 780 4931; x_wconf 90' lang='lat' dir='ltr'><strong>contendit,</strong></span> <span class='ocrx_word' id='word_1_739' title='bbox 815 4868 892 4935; x_wconf 81' lang='lat' dir='ltr'><strong>quod</strong></span> <span class='ocrx_word' id='word_1_740' title='bbox 916 4867 944 4920; x_wconf 93' lang='lat' dir='ltr'><strong>in</strong></span> <span class='ocrx_word' id='word_1_741' title='bbox 973 4886 1090 4938; x_wconf 87' lang='lat' dir='ltr'><strong>corpore</strong></span> <span class='ocrx_word' id='word_1_742' title='bbox 1115 4866 1182 4937; x_wconf 89' lang='lat' dir='ltr'><strong>quia</strong></span> <span class='ocrx_word' id='word_1_743' title='bbox 1212 4884 1268 4920; x_wconf 89' lang='lat' dir='ltr'><strong>non</strong></span> <span class='ocrx_word' id='word_1_744' title='bbox 1290 4873 1315 4919; x_wconf 88' lang='lat' dir='ltr'><strong>et</strong></span> <span class='ocrx_word' id='word_1_745' title='bbox 1338 4866 1367 4919; x_wconf 86' lang='lat' dir='ltr'><strong>in</strong></span> <span class='ocrx_word' id='word_1_746' title='bbox 1392 4867 1552 4922; x_wconf 79' lang='lat' dir='ltr'><strong>solermibus</strong></span> <span class='ocrx_word' id='word_1_747' title='bbox 1578 4868 1702 4936; x_wconf 76' lang='lat' dir='ltr'><strong>spiritam.</strong></span> <span class='ocrx_word' id='word_1_748' title='bbox 1739 4870 1872 4940; x_wconf 88' lang='lat' dir='ltr'><strong>Denique</strong></span> <span class='ocrx_word' id='word_1_749' title='bbox 1890 4888 1942 4925; x_wconf 81' lang='lat' dir='ltr'><strong>nos</strong></span> 
     </span>
     <span class='ocr_line' id='line_1_54' title="bbox 260 4949 1943 5024; baseline 0.004 -20"><span class='ocrx_word' id='word_1_750' title='bbox 260 4958 369 5004; x_wconf 90' lang='lat' dir='ltr'><strong>mortuo</strong></span> <span class='ocrx_word' id='word_1_751' title='bbox 395 4949 489 5002; x_wconf 77' lang='lat' dir='ltr'><strong>adduc</strong></span> <span class='ocrx_word' id='word_1_752' title='bbox 514 4949 612 5003; x_wconf 74' lang='lat' dir='ltr'><strong>vitulus</strong></span> <span class='ocrx_word' id='word_1_753' title='bbox 633 4953 772 5020; x_wconf 87' lang='lat' dir='ltr'><strong>quaedam</strong></span> <span class='ocrx_word' id='word_1_754' title='bbox 797 4954 839 5006; x_wconf 78' lang='lat' dir='ltr'><strong>oss</strong></span> <span class='ocrx_word' id='word_1_755' title='bbox 864 4962 1022 5021; x_wconf 88' lang='lat' dir='ltr'><strong>remaneat,</strong></span> <span class='ocrx_word' id='word_1_756' title='bbox 1056 4973 1089 5009; x_wconf 76' lang='lat' dir='ltr'><strong>eu</strong></span> <span class='ocrx_word' id='word_1_757' title='bbox 1115 4954 1199 5024; x_wconf 66' lang='lat' dir='ltr'><strong>dead,</strong></span> <span class='ocrx_word' id='word_1_758' title='bbox 1226 4960 1306 5007; x_wconf 85' lang='lat' dir='ltr'><strong>erunt</strong></span> <span class='ocrx_word' id='word_1_759' title='bbox 1332 4953 1441 5021; x_wconf 79' lang='lat' dir='ltr'><strong>ampeli,</strong></span> <span class='ocrx_word' id='word_1_760' title='bbox 1468 4961 1498 5006; x_wconf 89' lang='lat' dir='ltr'><strong>ut</strong></span> <span class='ocrx_word' id='word_1_761' title='bbox 1518 4953 1642 5007; x_wconf 78' lang='lat' dir='ltr'><strong>laminas</strong></span> <span class='ocrx_word' id='word_1_762' title='bbox 1662 4961 1791 5020; x_wconf 77' lang='lat' dir='ltr'><strong>nequest,</strong></span> <span class='ocrx_word' id='word_1_763' title='bbox 1816 4957 1870 5010; x_wconf 81' lang='lat' dir='ltr'><strong>sed</strong></span> <span class='ocrx_word' id='word_1_764' title='bbox 1885 4964 1943 5011; x_wconf 83' lang='lat' dir='ltr'><strong>tae·</strong></span> 
     </span>
     <span class='ocr_line' id='line_1_55' title="bbox 260 5031 1945 5111; baseline 0.004 -21"><span class='ocrx_word' id='word_1_765' title='bbox 260 5055 316 5106; x_wconf 91' lang='lat' dir='ltr'><strong>qua</strong></span> <span class='ocrx_word' id='word_1_766' title='bbox 335 5037 364 5091; x_wconf 90' lang='lat' dir='ltr'><strong>in</strong></span> <span class='ocrx_word' id='word_1_767' title='bbox 384 5031 532 5106; x_wconf 77' lang='grc' dir='ltr'><strong><em>ἀναβιώσει</em></strong></span> <span class='ocrx_word' id='word_1_768' title='bbox 551 5036 631 5089; x_wconf 85' lang='lat' dir='ltr'><strong>Deus</strong></span> <span class='ocrx_word' id='word_1_769' title='bbox 650 5055 749 5091; x_wconf 88' lang='lat' dir='ltr'><strong>nouum</strong></span> <span class='ocrx_word' id='word_1_770' title='bbox 769 5045 795 5092; x_wconf 90' lang='lat' dir='ltr'><strong>et</strong></span> <span class='ocrx_word' id='word_1_771' title='bbox 814 5039 965 5109; x_wconf 85' lang='lat' dir='ltr'><strong>spirituale</strong></span> <span class='ocrx_word' id='word_1_772' title='bbox 986 5059 1088 5111; x_wconf 87' lang='lat' dir='ltr'><strong>corpus</strong></span> <span class='ocrx_word' id='word_1_773' title='bbox 1115 5058 1199 5111; x_wconf 90' lang='lat' dir='ltr'><strong>quam</strong></span> <span class='ocrx_word' id='word_1_774' title='bbox 1216 5037 1318 5109; x_wconf 82' lang='lat' dir='ltr'><strong>anqeli,</strong></span> <span class='ocrx_word' id='word_1_775' title='bbox 1337 5046 1368 5091; x_wconf 90' lang='lat' dir='ltr'><strong>ut</strong></span> <span class='ocrx_word' id='word_1_776' title='bbox 1386 5038 1509 5092; x_wconf 82' lang='lat' dir='ltr'><strong>leminea</strong></span> <span class='ocrx_word' id='word_1_777' title='bbox 1528 5047 1711 5095; x_wconf 76' lang='lat' dir='ltr'><strong>cormeruarct.</strong></span> <span class='ocrx_word' id='word_1_778' title='bbox 1748 5042 1815 5095; x_wconf 89' lang='lat' dir='ltr'><strong>Non</strong></span> <span class='ocrx_word' id='word_1_779' title='bbox 1833 5042 1945 5097; x_wconf 71' lang='lat' dir='ltr'><strong>aalma</strong></span> 
     </span>
     <span class='ocr_line' id='line_1_56' title="bbox 259 5124 1945 5198; baseline 0.004 -21"><span class='ocrx_word' id='word_1_780' title='bbox 259 5125 296 5177; x_wconf 79' lang='lat' dir='ltr'><strong>su</strong></span> <span class='ocrx_word' id='word_1_781' title='bbox 314 5126 518 5193; x_wconf 83' lang='lat' dir='ltr'><strong>producturus,</strong></span> <span class='ocrx_word' id='word_1_782' title='bbox 549 5138 632 5194; x_wconf 89' lang='lat' dir='ltr'><strong>quam</strong></span> <span class='ocrx_word' id='word_1_783' title='bbox 655 5124 809 5193; x_wconf 89' lang='lat' dir='ltr'><strong>opinionem</strong></span> <span class='ocrx_word' id='word_1_784' title='bbox 834 5125 966 5196; x_wconf 86' lang='lat' dir='ltr'><strong>peculiari</strong></span> <span class='ocrx_word' id='word_1_785' title='bbox 985 5127 1087 5198; x_wconf 85' lang='lat' dir='ltr'><strong>scripto</strong></span> <span class='ocrx_word' id='word_1_786' title='bbox 1113 5126 1307 5195; x_wconf 78' lang='lat' dir='ltr'><strong>animantium,</strong></span> <span class='ocrx_word' id='word_1_787' title='bbox 1327 5125 1374 5178; x_wconf 86' lang='lat' dir='ltr'><strong>cui</strong></span> <span class='ocrx_word' id='word_1_788' title='bbox 1390 5125 1604 5179; x_wconf 81' lang='lat' dir='ltr'><strong>similitudinem</strong></span> <span class='ocrx_word' id='word_1_789' title='bbox 1622 5125 1760 5183; x_wconf 84' lang='lat' dir='ltr'><strong>attribuit.</strong></span> <span class='ocrx_word' id='word_1_790' title='bbox 1787 5126 1945 5184; x_wconf 79' lang='lat' dir='ltr'><strong>Methodius</strong></span> 
     </span>
     <span class='ocr_line' id='line_1_57' title="bbox 259 5209 1944 5285; baseline 0.004 -21"><span class='ocrx_word' id='word_1_791' title='bbox 259 5210 359 5265; x_wconf 83' lang='lat' dir='ltr'><strong>refellit</strong></span> <span class='ocrx_word' id='word_1_792' title='bbox 381 5209 519 5267; x_wconf 86' lang='lat' dir='ltr'><strong>Webcrua</strong></span> <span class='ocrx_word' id='word_1_793' title='bbox 542 5209 646 5264; x_wconf 89' lang='lat' dir='ltr'><strong>amicus</strong></span> <span class='ocrx_word' id='word_1_794' title='bbox 671 5216 764 5267; x_wconf 89' lang='lat' dir='ltr'><strong>noster</strong></span> <span class='ocrx_word' id='word_1_795' title='bbox 790 5211 973 5269; x_wconf 85' lang='lat' dir='ltr'><strong>honorandus.</strong></span> <span class='ocrx_word' id='word_1_796' title='bbox 1016 5212 1085 5268; x_wconf 86' lang='lat' dir='ltr'><strong>Con·</strong></span> <span class='ocrx_word' id='word_1_797' title='bbox 1112 5213 1187 5284; x_wconf 90' lang='lat' dir='ltr'><strong>apud</strong></span> <span class='ocrx_word' id='word_1_798' title='bbox 1204 5210 1389 5284; x_wconf 83' lang='lat' dir='ltr'><strong>Epiphaniam</strong></span> <span class='ocrx_word' id='word_1_799' title='bbox 1408 5210 1456 5266; x_wconf 90' lang='lat' dir='ltr'><strong>lib.</strong></span> <span class='ocrx_word' id='word_1_800' title='bbox 1477 5215 1501 5266; x_wconf 92' lang='grc'><strong>2.</strong></span> <span class='ocrx_word' id='word_1_801' title='bbox 1523 5217 1588 5266; x_wconf 90' lang='lat' dir='ltr'><strong>tom.</strong></span> <span class='ocrx_word' id='word_1_802' title='bbox 1611 5217 1634 5268; x_wconf 90' lang='lat'><strong>1.</strong></span> <span class='ocrx_word' id='word_1_803' title='bbox 1655 5211 1716 5267; x_wconf 85' lang='lat' dir='ltr'><strong>adv.</strong></span> <span class='ocrx_word' id='word_1_804' title='bbox 1735 5210 1811 5268; x_wconf 89' lang='lat' dir='ltr'><strong>haer.</strong></span> <span class='ocrx_word' id='word_1_805' title='bbox 1832 5231 1861 5285; x_wconf 93' lang='lat' dir='ltr'><strong>p.</strong></span> <span class='ocrx_word' id='word_1_806' title='bbox 1883 5219 1944 5271; x_wconf 81' lang='lat'>183:</span> 
     </span>
     <span class='ocr_line' id='line_1_58' title="bbox 259 5294 1946 5372; baseline 0.003 -22"><span class='ocrx_word' id='word_1_807' title='bbox 259 5296 354 5351; x_wconf 82' lang='lat' dir='ltr'><strong>formis</strong></span> <span class='ocrx_word' id='word_1_808' title='bbox 379 5301 422 5351; x_wconf 87' lang='lat' dir='ltr'><strong>est</strong></span> <span class='ocrx_word' id='word_1_809' title='bbox 451 5295 519 5351; x_wconf 86' lang='lat' dir='ltr'><strong>hacc</strong></span> <span class='ocrx_word' id='word_1_810' title='bbox 542 5294 634 5366; x_wconf 92' lang='lat' dir='ltr'><strong>opinio</strong></span> <span class='ocrx_word' id='word_1_811' title='bbox 660 5296 788 5368; x_wconf 88' lang='lat' dir='ltr'><strong>Origenis</strong></span> <span class='ocrx_word' id='word_1_812' title='bbox 817 5297 936 5367; x_wconf 91' lang='lat' dir='ltr'><strong>somnio,</strong></span> <span class='ocrx_word' id='word_1_813' title='bbox 964 5299 1039 5370; x_wconf 91' lang='lat' dir='ltr'><strong>quod</strong></span> <span class='ocrx_word' id='word_1_814' title='bbox 1058 5299 1087 5353; x_wconf 91' lang='lat' dir='ltr'><strong>in</strong></span> <span class='ocrx_word' id='word_1_815' title='bbox 1112 5298 1240 5353; x_wconf 74' lang='lat' dir='ltr'><strong>Christus</strong></span> <span class='ocrx_word' id='word_1_816' title='bbox 1255 5316 1312 5351; x_wconf 90' lang='lat' dir='ltr'><strong>non</strong></span> <span class='ocrx_word' id='word_1_817' title='bbox 1331 5299 1417 5367; x_wconf 81' lang='lat' dir='ltr'><strong>dicit,</strong></span> <span class='ocrx_word' id='word_1_818' title='bbox 1440 5307 1520 5353; x_wconf 82' lang='lat' dir='ltr'><strong>erum</strong></span> <span class='ocrx_word' id='word_1_819' title='bbox 1540 5298 1649 5367; x_wconf 80' lang='lat' dir='ltr'><strong>anpeli,</strong></span> <span class='ocrx_word' id='word_1_820' title='bbox 1678 5300 1730 5351; x_wconf 83' lang='lat' dir='ltr'><strong>sed</strong></span> <span class='ocrx_word' id='word_1_821' title='bbox 1751 5299 1825 5354; x_wconf 83' lang='lat' dir='ltr'><strong>siout</strong></span> <span class='ocrx_word' id='word_1_822' title='bbox 1843 5302 1946 5372; x_wconf 81' lang='lat' dir='ltr'><strong>anqels&#39;,</strong></span> 
     </span>
     <span class='ocr_line' id='line_1_59' title="bbox 258 5381 1947 5459; baseline 0.003 -23"><span class='ocrx_word' id='word_1_823' title='bbox 258 5382 306 5436; x_wconf 91' lang='lat' dir='ltr'><strong>lib.</strong></span> <span class='ocrx_word' id='word_1_824' title='bbox 327 5388 389 5459; x_wconf 78' lang='grc' dir='ltr'><strong>περὶ</strong></span> <span class='ocrx_word' id='word_1_825' title='bbox 406 5381 499 5457; x_wconf 76' lang='grc' dir='ltr'><em>ἀρχῶν</em></span> <span class='ocrx_word' id='word_1_826' title='bbox 518 5381 652 5454; x_wconf 79' lang='lat' dir='ltr'><strong>proponit.</strong></span> <span class='ocrx_word' id='word_1_827' title='bbox 687 5384 724 5438; x_wconf 89' lang='lat' dir='ltr'><strong>In</strong></span> <span class='ocrx_word' id='word_1_828' title='bbox 745 5384 895 5439; x_wconf 83' lang='lat' dir='ltr'><strong>seminibus</strong></span> <span class='ocrx_word' id='word_1_829' title='bbox 919 5402 1013 5439; x_wconf 83' lang='lat' dir='ltr'><strong>rerum</strong></span> <span class='ocrx_word' id='word_1_830' title='bbox 1033 5386 1085 5455; x_wconf 81' lang='lat' dir='ltr'><strong>(in-</strong></span> <span class='ocrx_word' id='word_1_831' title='bbox 1111 5402 1206 5455; x_wconf 86' lang='lat' dir='ltr'><strong>nempe</strong></span> <span class='ocrx_word' id='word_1_832' title='bbox 1223 5385 1319 5455; x_wconf 77' lang='lat' dir='ltr'><strong>pluria</strong></span> <span class='ocrx_word' id='word_1_833' title='bbox 1336 5385 1448 5454; x_wconf 79' lang='lat' dir='ltr'><strong>quidem</strong></span> <span class='ocrx_word' id='word_1_834' title='bbox 1469 5392 1494 5439; x_wconf 86' lang='lat' dir='ltr'><strong>et</strong></span> <span class='ocrx_word' id='word_1_835' title='bbox 1513 5385 1631 5451; x_wconf 82' lang='lat' dir='ltr'><strong>bonore,</strong></span> <span class='ocrx_word' id='word_1_836' title='bbox 1649 5384 1723 5439; x_wconf 81' lang='lat' dir='ltr'><strong>oum</strong></span> <span class='ocrx_word' id='word_1_837' title='bbox 1740 5386 1880 5456; x_wconf 85' lang='lat' dir='ltr'><strong>scriplum</strong></span> <span class='ocrx_word' id='word_1_838' title='bbox 1899 5395 1947 5453; x_wconf 81' lang='lat' dir='ltr'><strong>eet,</strong></span> 
     </span>
     <span class='ocr_line' id='line_1_60' title="bbox 259 5467 1947 5541; baseline 0.003 -18"><span class='ocrx_word' id='word_1_839' title='bbox 259 5469 330 5539; x_wconf 87' lang='lat' dir='ltr'><strong>quit)</strong></span> <span class='ocrx_word' id='word_1_840' title='bbox 349 5467 436 5522; x_wconf 89' lang='lat' dir='ltr'><strong>insita</strong></span> <span class='ocrx_word' id='word_1_841' title='bbox 455 5478 494 5523; x_wconf 87' lang='lat' dir='ltr'><strong>est</strong></span> <span class='ocrx_word' id='word_1_842' title='bbox 513 5470 588 5524; x_wconf 84' lang='lat' dir='ltr'><strong>ratio</strong></span> <span class='ocrx_word' id='word_1_843' title='bbox 606 5471 745 5538; x_wconf 83' lang='lat' dir='ltr'><strong>quaedam</strong></span> <span class='ocrx_word' id='word_1_844' title='bbox 764 5479 789 5525; x_wconf 86' lang='lat' dir='ltr'><strong>el</strong></span> <span class='ocrx_word' id='word_1_845' title='bbox 806 5471 848 5525; x_wconf 88' lang='lat' dir='ltr'><strong>uis</strong></span> <span class='ocrx_word' id='word_1_846' title='bbox 868 5489 886 5524; x_wconf 92' lang='lat' dir='ltr'><strong>a</strong></span> <span class='ocrx_word' id='word_1_847' title='bbox 906 5472 979 5540; x_wconf 89' lang='lat' dir='ltr'><strong>Deo,</strong></span> <span class='ocrx_word' id='word_1_848' title='bbox 998 5479 1028 5525; x_wconf 91' lang='lat' dir='ltr'><strong>ut</strong></span> <span class='ocrx_word' id='word_1_849' title='bbox 1046 5475 1087 5526; x_wconf 82' lang='lat' dir='ltr'><strong>ad</strong></span> <span class='ocrx_word' id='word_1_850' title='bbox 1111 5471 1254 5541; x_wconf 68' lang='lat' dir='ltr'><strong>coronam,</strong></span> <span class='ocrx_word' id='word_1_851' title='bbox 1275 5488 1369 5524; x_wconf 88' lang='lat' dir='ltr'><strong>uerum</strong></span> <span class='ocrx_word' id='word_1_852' title='bbox 1383 5470 1536 5541; x_wconf 88' lang='lat' dir='ltr'><strong>paululum</strong></span> <span class='ocrx_word' id='word_1_853' title='bbox 1556 5470 1592 5523; x_wconf 81' lang='lat' dir='ltr'><strong>ab</strong></span> <span class='ocrx_word' id='word_1_854' title='bbox 1612 5470 1721 5541; x_wconf 79' lang='lat' dir='ltr'><strong>anqelia</strong></span> <span class='ocrx_word' id='word_1_855' title='bbox 1740 5472 1904 5528; x_wconf 76' lang='lat' dir='ltr'><strong>moriantur</strong></span> <span class='ocrx_word' id='word_1_856' title='bbox 1922 5482 1947 5528; x_wconf 86' lang='lat' dir='ltr'><strong>el</strong></span> 
     </span>
     <span class='ocr_line' id='line_1_61' title="bbox 258 5554 1948 5632; baseline 0.004 -25"><span class='ocrx_word' id='word_1_857' title='bbox 258 5569 287 5608; x_wconf 88' lang='lat' dir='ltr'><strong>se</strong></span> <span class='ocrx_word' id='word_1_858' title='bbox 305 5554 402 5609; x_wconf 80' lang='lat' dir='ltr'><strong>rsonae</strong></span> <span class='ocrx_word' id='word_1_859' title='bbox 420 5571 525 5609; x_wconf 72' lang='lat' dir='ltr'><strong>omnm</strong></span> <span class='ocrx_word' id='word_1_860' title='bbox 540 5558 669 5624; x_wconf 78' lang='lat' dir='ltr'><strong>fruarum</strong></span> <span class='ocrx_word' id='word_1_861' title='bbox 686 5556 830 5610; x_wconf 63' lang='lat' dir='ltr'><strong>matema</strong></span> <span class='ocrx_word' id='word_1_862' title='bbox 848 5556 1086 5624; x_wconf 69' lang='lat' dir='ltr'><strong>manipularium</strong></span> <span class='ocrx_word' id='word_1_863' title='bbox 1106 5558 1311 5628; x_wconf 78' lang='lat' dir='ltr'><strong>propemodum</strong></span> <span class='ocrx_word' id='word_1_864' title='bbox 1339 5566 1369 5610; x_wconf 88' lang='lat' dir='ltr'><strong>ut</strong></span> <span class='ocrx_word' id='word_1_865' title='bbox 1397 5557 1501 5626; x_wconf 82' lang='lat' dir='ltr'><strong>anpeli.</strong></span> <span class='ocrx_word' id='word_1_866' title='bbox 1553 5557 1795 5620; x_wconf 80' lang='lat' dir='ltr'><strong>Quemadmodum</strong></span> <span class='ocrx_word' id='word_1_867' title='bbox 1829 5560 1948 5632; x_wconf 79' lang='lat' dir='ltr'><strong>si‘qair</strong></span> 
     </span>
    </p>
   </div>
   <div class='ocr_carea' id='block_1_5' title="bbox 0 0 2067 6004">
    <p class='ocr_par' dir='ltr' id='par_1_8' title="bbox 0 0 2067 6004">
     <span class='ocr_line' id='line_1_62' title="bbox 0 0 2067 6004; baseline 0 0"><span class='ocrx_word' id='word_1_868' title='bbox 0 0 2067 6004; x_wconf 95' lang='lat' dir='ltr'><strong> </strong></span> 
     </span>
    </p>
   </div>
  </div>
 </body>
</html>
