<?xml version="1.0" encoding="UTF-8"?>
<!DOCTYPE html PUBLIC "-//W3C//DTD XHTML 1.0 Transitional//EN"
    "http://www.w3.org/TR/xhtml1/DTD/xhtml1-transitional.dtd">
<html xmlns="http://www.w3.org/1999/xhtml" xml:lang="en" lang="en">
 <head>
  <title>
</title>
<meta http-equiv="Content-Type" content="text/html;charset=utf-8" />
  <meta name='ocr-system' content='tesseract 3.04.00' />
  <meta name='ocr-capabilities' content='ocr_page ocr_carea ocr_par ocr_line ocrx_word'/>
</head>
<body>
  <div class='ocr_page' id='page_1' title='image "./locitheologicit00gerhgoog/locitheologicit00gerhgoog_0364.png"; bbox 0 0 4104 6014; ppageno 0'>
   <div class='ocr_carea' id='block_1_1' title="bbox 874 208 1822 331">
    <p class='ocr_par' dir='ltr' id='par_1_1' title="bbox 874 208 1822 331">
     <span class='ocr_line' id='line_1_1' title="bbox 874 208 1822 331; baseline 0.002 -29"><span class='ocrx_word' id='word_1_1' title='bbox 874 208 926 302; x_wconf 63' lang='lat' dir='ltr'>Di:</span> <span class='ocrx_word' id='word_1_2' title='bbox 946 245 1087 331; x_wconf 59' lang='lat' dir='ltr'>mim·</span> <span class='ocrx_word' id='word_1_3' title='bbox 1763 259 1822 316; x_wconf 79' lang='lat'>351</span> 
     </span>
    </p>
   </div>
   <div class='ocr_carea' id='block_1_2' title="bbox 64 401 1977 5481">
    <p class='ocr_par' dir='ltr' id='par_1_2' title="bbox 64 401 1977 5481">
     <span class='ocr_line' id='line_1_2' title="bbox 120 401 1827 473; baseline 0 -15"><span class='ocrx_word' id='word_1_4' title='bbox 120 419 196 473; x_wconf 81' lang='lat' dir='ltr'>pore</span> <span class='ocrx_word' id='word_1_5' title='bbox 215 412 273 457; x_wconf 85' lang='lat' dir='ltr'>tam</span> <span class='ocrx_word' id='word_1_6' title='bbox 288 402 409 457; x_wconf 81' lang='lat' dir='ltr'>diversis</span> <span class='ocrx_word' id='word_1_7' title='bbox 425 403 505 471; x_wconf 86' lang='lat' dir='ltr'>loeis,</span> <span class='ocrx_word' id='word_1_8' title='bbox 525 410 605 457; x_wconf 88' lang='lat' dir='ltr'>tanta</span> <span class='ocrx_word' id='word_1_9' title='bbox 622 403 695 456; x_wconf 87' lang='lat' dir='ltr'>inter</span> <span class='ocrx_word' id='word_1_10' title='bbox 713 419 743 455; x_wconf 83' lang='lat' dir='ltr'>se</span> <span class='ocrx_word' id='word_1_11' title='bbox 760 404 965 473; x_wconf 65' lang='lat' dir='ltr'><em>longinquitate</em></span> <span class='ocrx_word' id='word_1_12' title='bbox 992 401 1053 457; x_wconf 91' lang='lat' dir='ltr'>Deo</span> <span class='ocrx_word' id='word_1_13' title='bbox 1076 410 1173 458; x_wconf 88' lang='lat' dir='ltr'>votum</span> <span class='ocrx_word' id='word_1_14' title='bbox 1196 403 1304 459; x_wconf 87' lang='lat' dir='ltr'>iecisse.</span> <span class='ocrx_word' id='word_1_15' title='bbox 1344 404 1415 462; x_wconf 80' lang='lat' dir='ltr'>(len.</span> <span class='ocrx_word' id='word_1_16' title='bbox 1437 411 1477 470; x_wconf 82' lang='grc'>23,</span> <span class='ocrx_word' id='word_1_17' title='bbox 1504 422 1529 459; x_wconf 93' lang='lat' dir='ltr'>v.</span> <span class='ocrx_word' id='word_1_18' title='bbox 1554 410 1591 461; x_wconf 88' lang='grc'>13.</span> <span class='ocrx_word' id='word_1_19' title='bbox 1616 410 1654 460; x_wconf 86' lang='grc'>16.</span> <span class='ocrx_word' id='word_1_20' title='bbox 1676 409 1772 461; x_wconf 72' lang='grc'>21121.</span> <span class='ocrx_word' id='word_1_21' title='bbox 1789 404 1827 458; x_wconf 88' lang='lat' dir='ltr'>ab</span> 
     </span>
     <span class='ocr_line' id='line_1_3' title="bbox 125 489 1827 562; baseline 0.001 -19"><span class='ocrx_word' id='word_1_22' title='bbox 125 490 279 557; x_wconf 72' lang='lat' dir='ltr'>diseretis,⁸</span> <span class='ocrx_word' id='word_1_23' title='bbox 308 506 345 541; x_wconf 90' lang='lat' dir='ltr'>an</span> <span class='ocrx_word' id='word_1_24' title='bbox 368 490 440 558; x_wconf 87' lang='lat' dir='ltr'>ipsis</span> <span class='ocrx_word' id='word_1_25' title='bbox 459 489 488 542; x_wconf 90' lang='lat' dir='ltr'>in</span> <span class='ocrx_word' id='word_1_26' title='bbox 510 490 643 545; x_wconf 76' lang='lat' dir='ltr'>toronis</span> <span class='ocrx_word' id='word_1_27' title='bbox 661 491 909 562; x_wconf 80' lang='lat' dir='ltr'>meritisaonqruo</span> <span class='ocrx_word' id='word_1_28' title='bbox 928 490 963 541; x_wconf 88' lang='lat' dir='ltr'>ab</span> <span class='ocrx_word' id='word_1_29' title='bbox 992 491 1088 544; x_wconf 87' lang='lat' dir='ltr'>eodem</span> <span class='ocrx_word' id='word_1_30' title='bbox 1108 490 1191 544; x_wconf 86' lang='lat' dir='ltr'>etiam</span> <span class='ocrx_word' id='word_1_31' title='bbox 1210 491 1310 560; x_wconf 87' lang='lat' dir='ltr'>angelo</span> <span class='ocrx_word' id='word_1_32' title='bbox 1335 491 1407 560; x_wconf 89' lang='lat' dir='ltr'>petit</span> <span class='ocrx_word' id='word_1_33' title='bbox 1425 491 1646 546; x_wconf 82' lang='lat' dir='ltr'>benedictionem</span> <span class='ocrx_word' id='word_1_34' title='bbox 1664 492 1717 545; x_wconf 89' lang='lat' dir='ltr'>sibi</span> <span class='ocrx_word' id='word_1_35' title='bbox 1736 490 1827 545; x_wconf 89' lang='lat' dir='ltr'>obtin·</span> 
     </span>
     <span class='ocr_line' id='line_1_4' title="bbox 126 575 1827 649; baseline 0.001 -19"><span class='ocrx_word' id='word_1_36' title='bbox 126 577 206 630; x_wconf 84' lang='lat' dir='ltr'>omni</span> <span class='ocrx_word' id='word_1_37' title='bbox 229 576 391 629; x_wconf 77' lang='lat' dir='ltr'><strong><em>mortalium</em></strong></span> <span class='ocrx_word' id='word_1_38' title='bbox 411 576 622 630; x_wconf 80' lang='lat' dir='ltr'>conversatione</span> <span class='ocrx_word' id='word_1_39' title='bbox 641 583 746 630; x_wconf 86' lang='lat' dir='ltr'>remoto</span> <span class='ocrx_word' id='word_1_40' title='bbox 764 584 790 628; x_wconf 89' lang='lat' dir='ltr'>et</span> <span class='ocrx_word' id='word_1_41' title='bbox 808 583 900 628; x_wconf 86' lang='lat' dir='ltr'>tamen</span> <span class='ocrx_word' id='word_1_42' title='bbox 918 592 963 645; x_wconf 78' lang='lat' dir='ltr'>qe·</span> <span class='ocrx_word' id='word_1_43' title='bbox 991 593 1064 646; x_wconf 85' lang='lat' dir='ltr'>gere,</span> <span class='ocrx_word' id='word_1_44' title='bbox 1085 594 1167 647; x_wconf 91' lang='lat' dir='ltr'>quam</span> <span class='ocrx_word' id='word_1_45' title='bbox 1188 575 1423 649; x_wconf 79' lang='grc' dir='ltr'><strong><em>αὐτοκρατορικῶς</em></strong></span> <span class='ocrx_word' id='word_1_46' title='bbox 1442 584 1471 632; x_wconf 89' lang='lat' dir='ltr'>et</span> <span class='ocrx_word' id='word_1_47' title='bbox 1489 577 1682 632; x_wconf 79' lang='lat' dir='ltr'>auctoritative</span> <span class='ocrx_word' id='word_1_48' title='bbox 1701 577 1827 631; x_wconf 87' lang='lat' dir='ltr'>conferre</span> 
     </span>
     <span class='ocr_line' id='line_1_5' title="bbox 125 662 1826 734; baseline 0 -17"><span class='ocrx_word' id='word_1_49' title='bbox 125 662 265 717; x_wconf 85' lang='lat' dir='ltr'>neraliter</span> <span class='ocrx_word' id='word_1_50' title='bbox 291 662 436 715; x_wconf 86' lang='lat' dir='ltr'>orantibus</span> <span class='ocrx_word' id='word_1_51' title='bbox 461 679 518 730; x_wconf 86' lang='lat' dir='ltr'>pro</span> <span class='ocrx_word' id='word_1_52' title='bbox 548 663 705 731; x_wconf 78' lang='lat' dir='ltr'>indiqentia</span> <span class='ocrx_word' id='word_1_53' title='bbox 736 662 963 732; x_wconf 81' lang='lat' dir='ltr'>supplicantium,</span> <span class='ocrx_word' id='word_1_54' title='bbox 991 662 1042 715; x_wconf 89' lang='lat' dir='ltr'>soli</span> <span class='ocrx_word' id='word_1_55' title='bbox 1068 662 1128 717; x_wconf 86' lang='lat' dir='ltr'>Deo</span> <span class='ocrx_word' id='word_1_56' title='bbox 1153 663 1291 732; x_wconf 86' lang='lat' dir='ltr'>competit</span> <span class='ocrx_word' id='word_1_57' title='bbox 1327 662 1418 720; x_wconf 84' lang='lat' dir='ltr'>Lucta</span> <span class='ocrx_word' id='word_1_58' title='bbox 1444 664 1492 718; x_wconf 89' lang='lat' dir='ltr'>illa</span> <span class='ocrx_word' id='word_1_59' title='bbox 1514 663 1615 719; x_wconf 84' lang='lat' dir='ltr'>Jacobi</span> <span class='ocrx_word' id='word_1_60' title='bbox 1642 681 1705 719; x_wconf 90' lang='lat' dir='ltr'>cum</span> <span class='ocrx_word' id='word_1_61' title='bbox 1725 664 1826 734; x_wconf 86' lang='lat' dir='ltr'>angelo</span> 
     </span>
     <span class='ocr_line' id='line_1_6' title="bbox 127 748 1829 821; baseline 0.001 -19"><span class='ocrx_word' id='word_1_62' title='bbox 127 749 200 802; x_wconf 69' lang='lat' dir='ltr'>aaa</span> <span class='ocrx_word' id='word_1_63' title='bbox 223 765 274 802; x_wconf 83' lang='lat' dir='ltr'>nos</span> <span class='ocrx_word' id='word_1_64' title='bbox 301 764 415 802; x_wconf 71' lang='lat' dir='ltr'>mamus</span> <span class='ocrx_word' id='word_1_65' title='bbox 436 765 492 817; x_wconf 87' lang='lat' dir='ltr'>pro</span> <span class='ocrx_word' id='word_1_66' title='bbox 510 749 645 812; x_wconf 71' lang='lat' dir='ltr'>mortuis,</span> <span class='ocrx_word' id='word_1_67' title='bbox 676 749 775 817; x_wconf 86' lang='lat' dir='ltr'>quibus</span> <span class='ocrx_word' id='word_1_68' title='bbox 793 749 889 816; x_wconf 83' lang='lat' dir='ltr'>utique</span> <span class='ocrx_word' id='word_1_69' title='bbox 907 765 963 800; x_wconf 89' lang='lat' dir='ltr'>non</span> <span class='ocrx_word' id='word_1_70' title='bbox 991 748 1049 803; x_wconf 91' lang='lat' dir='ltr'>sive</span> <span class='ocrx_word' id='word_1_71' title='bbox 1081 748 1133 803; x_wconf 87' lang='lat' dir='ltr'>Dei</span> <span class='ocrx_word' id='word_1_72' title='bbox 1161 749 1232 803; x_wconf 88' lang='lat' dir='ltr'>Filio</span> <span class='ocrx_word' id='word_1_73' title='bbox 1263 755 1323 803; x_wconf 85' lang='lat' dir='ltr'>erat</span> <span class='ocrx_word' id='word_1_74' title='bbox 1348 750 1449 819; x_wconf 88' lang='lat' dir='ltr'>partim</span> <span class='ocrx_word' id='word_1_75' title='bbox 1478 750 1641 819; x_wconf 82' lang='lat' dir='ltr'>corporalis.</span> <span class='ocrx_word' id='word_1_76' title='bbox 1670 750 1773 821; x_wconf 92' lang='lat' dir='ltr'>partim</span> <span class='ocrx_word' id='word_1_77' title='bbox 1800 756 1829 804; x_wconf 91' lang='lat' dir='ltr'>et</span> 
     </span>
     <span class='ocr_line' id='line_1_7' title="bbox 126 816 1829 934; baseline 0.001 -47"><span class='ocrx_word' id='word_1_78' title='bbox 126 841 352 904; x_wconf 83' lang='lat' dir='ltr'>praesentamur.</span> <span class='ocrx_word' id='word_1_79' title='bbox 387 835 437 902; x_wconf 87' lang='lat' dir='ltr'>qui</span> <span class='ocrx_word' id='word_1_80' title='bbox 464 842 503 887; x_wconf 84' lang='lat' dir='ltr'>est</span> <span class='ocrx_word' id='word_1_81' title='bbox 528 834 629 902; x_wconf 86' lang='lat' dir='ltr'>abique</span> <span class='ocrx_word' id='word_1_82' title='bbox 652 851 789 905; x_wconf 76' lang='lat' dir='ltr'>praesens</span> <span class='ocrx_word' id='word_1_83' title='bbox 812 835 964 887; x_wconf 75' lang='lat' dir='ltr'>exaudiens</span> <span class='ocrx_word' id='word_1_84' title='bbox 977 816 980 934; x_wconf 52' lang='lat' dir='ltr'>l</span> <span class='ocrx_word' id='word_1_85' title='bbox 994 834 1106 906; x_wconf 89' lang='lat' dir='ltr'>quidem</span> <span class='ocrx_word' id='word_1_86' title='bbox 1143 834 1262 891; x_wconf 81' lang='lat' dir='ltr'>maxime</span> <span class='ocrx_word' id='word_1_87' title='bbox 1303 835 1465 906; x_wconf 88' lang='lat' dir='ltr'>spiritualis.</span> <span class='ocrx_word' id='word_1_88' title='bbox 1517 834 1675 905; x_wconf 80' lang='lat' dir='ltr'>Corporalis</span> <span class='ocrx_word' id='word_1_89' title='bbox 1708 836 1829 907; x_wconf 90' lang='lat' dir='ltr'>quidem,</span> 
     </span>
     <span class='ocr_line' id='line_1_8' title="bbox 126 921 1829 992; baseline 0 -18"><span class='ocrx_word' id='word_1_90' title='bbox 126 929 284 990; x_wconf 72' lang='lat' dir='ltr'>mortorum</span> <span class='ocrx_word' id='word_1_91' title='bbox 307 937 409 990; x_wconf 85' lang='lat' dir='ltr'>preces</span> <span class='ocrx_word' id='word_1_92' title='bbox 436 936 493 988; x_wconf 90' lang='lat' dir='ltr'>per</span> <span class='ocrx_word' id='word_1_93' title='bbox 524 921 656 990; x_wconf 79' lang='lat' dir='ltr'>anqelica</span> <span class='ocrx_word' id='word_1_94' title='bbox 681 921 839 974; x_wconf 87' lang='lat' dir='ltr'>ministeria</span> <span class='ocrx_word' id='word_1_95' title='bbox 863 921 965 990; x_wconf 85' lang='lat' dir='ltr'>ubique</span> <span class='ocrx_word' id='word_1_96' title='bbox 992 921 1058 992; x_wconf 87' lang='lat' dir='ltr'>quia</span> <span class='ocrx_word' id='word_1_97' title='bbox 1088 921 1242 976; x_wconf 79' lang='lat' dir='ltr'><strong>conabatur</strong></span> <span class='ocrx_word' id='word_1_98' title='bbox 1270 921 1323 975; x_wconf 89' lang='lat' dir='ltr'>Dei</span> <span class='ocrx_word' id='word_1_99' title='bbox 1346 921 1449 976; x_wconf 86' lang='lat' dir='ltr'>Filium</span> <span class='ocrx_word' id='word_1_100' title='bbox 1474 939 1606 976; x_wconf 90' lang='lat' dir='ltr'>manuum</span> <span class='ocrx_word' id='word_1_101' title='bbox 1633 927 1740 981; x_wconf 81' lang='lat' dir='ltr'>attactu</span> <span class='ocrx_word' id='word_1_102' title='bbox 1765 921 1829 975; x_wconf 89' lang='lat' dir='ltr'>reti·</span> 
     </span>
     <span class='ocr_line' id='line_1_9' title="bbox 126 1007 1828 1080; baseline -0.001 -17"><span class='ocrx_word' id='word_1_103' title='bbox 126 1009 246 1080; x_wconf 71' lang='lat' dir='ltr'>diffusa,</span> <span class='ocrx_word' id='word_1_104' title='bbox 267 1007 406 1077; x_wconf 86' lang='lat' dir='ltr'>praebeat</span> <span class='ocrx_word' id='word_1_105' title='bbox 423 1007 579 1061; x_wconf 83' lang='lat' dir='ltr'>bominibus</span> <span class='ocrx_word' id='word_1_106' title='bbox 598 1010 653 1061; x_wconf 74' lang='lat' dir='ltr'>istu</span> <span class='ocrx_word' id='word_1_107' title='bbox 672 1009 786 1062; x_wconf 88' lang='lat' dir='ltr'>solatia.</span> <span class='ocrx_word' id='word_1_108' title='bbox 820 1009 878 1061; x_wconf 86' lang='lat' dir='ltr'>Res</span> <span class='ocrx_word' id='word_1_109' title='bbox 896 1008 964 1060; x_wconf 84' lang='lat' dir='ltr'>baec</span> <span class='ocrx_word' id='word_1_110' title='bbox 992 1025 1072 1076; x_wconf 68' lang='lat' dir='ltr'>nere,</span> <span class='ocrx_word' id='word_1_111' title='bbox 1098 1008 1251 1078; x_wconf 87' lang='lat' dir='ltr'>spiritualis</span> <span class='ocrx_word' id='word_1_112' title='bbox 1267 1025 1347 1076; x_wconf 87' lang='lat' dir='ltr'>vero,</span> <span class='ocrx_word' id='word_1_113' title='bbox 1376 1009 1443 1079; x_wconf 90' lang='lat' dir='ltr'>quia</span> <span class='ocrx_word' id='word_1_114' title='bbox 1460 1009 1578 1063; x_wconf 88' lang='lat' dir='ltr'>timebat</span> <span class='ocrx_word' id='word_1_115' title='bbox 1595 1009 1648 1063; x_wconf 86' lang='lat' dir='ltr'>sibi</span> <span class='ocrx_word' id='word_1_116' title='bbox 1670 1009 1705 1064; x_wconf 90' lang='lat' dir='ltr'>ab</span> <span class='ocrx_word' id='word_1_117' title='bbox 1727 1010 1828 1072; x_wconf 81' lang='lat' dir='ltr'>Esavo,</span> 
     </span>
     <span class='ocr_line' id='line_1_10' title="bbox 127 1094 1977 1167; baseline 0.001 -19"><span class='ocrx_word' id='word_1_118' title='bbox 127 1095 217 1150; x_wconf 84' lang='lat' dir='ltr'>altior</span> <span class='ocrx_word' id='word_1_119' title='bbox 237 1102 291 1163; x_wconf 88' lang='lat' dir='ltr'>est,</span> <span class='ocrx_word' id='word_1_120' title='bbox 320 1112 404 1164; x_wconf 83' lang='lat' dir='ltr'>quam</span> <span class='ocrx_word' id='word_1_121' title='bbox 423 1102 453 1147; x_wconf 84' lang='lat' dir='ltr'>ot</span> <span class='ocrx_word' id='word_1_122' title='bbox 472 1112 491 1147; x_wconf 92' lang='lat' dir='ltr'>a</span> <span class='ocrx_word' id='word_1_123' title='bbox 508 1111 550 1147; x_wconf 91' lang='lat' dir='ltr'>me</span> <span class='ocrx_word' id='word_1_124' title='bbox 565 1096 658 1164; x_wconf 83' lang='lat' dir='ltr'>possit</span> <span class='ocrx_word' id='word_1_125' title='bbox 676 1095 789 1162; x_wconf 75' lang='lat' dir='ltr'>attingi,</span> <span class='ocrx_word' id='word_1_126' title='bbox 814 1103 839 1148; x_wconf 89' lang='lat' dir='ltr'>et</span> <span class='ocrx_word' id='word_1_127' title='bbox 856 1095 963 1147; x_wconf 82' lang='lat' dir='ltr'>abstru-</span> <span class='ocrx_word' id='word_1_128' title='bbox 993 1096 1108 1167; x_wconf 89' lang='lat' dir='ltr'>ideoque</span> <span class='ocrx_word' id='word_1_129' title='bbox 1133 1101 1191 1149; x_wconf 89' lang='lat' dir='ltr'>tam</span> <span class='ocrx_word' id='word_1_130' title='bbox 1215 1094 1322 1149; x_wconf 78' lang='lat' dir='ltr'>solicite</span> <span class='ocrx_word' id='word_1_131' title='bbox 1348 1094 1463 1165; x_wconf 87' lang='lat' dir='ltr'>petebat</span> <span class='ocrx_word' id='word_1_132' title='bbox 1488 1095 1678 1150; x_wconf 77' lang='lat' dir='ltr'>defensionem</span> <span class='ocrx_word' id='word_1_133' title='bbox 1700 1113 1733 1150; x_wconf 88' lang='lat' dir='ltr'>ac</span> <span class='ocrx_word' id='word_1_134' title='bbox 1758 1095 1977 1150; x_wconf 61' lang='grc' dir='ltr'>ἰῆτο-11111211</span> 
     </span>
     <span class='ocr_line' id='line_1_11' title="bbox 126 1180 1828 1252; baseline 0.001 -18"><span class='ocrx_word' id='word_1_135' title='bbox 126 1182 187 1236; x_wconf 80' lang='lat' dir='ltr'>sier</span> <span class='ocrx_word' id='word_1_136' title='bbox 206 1187 259 1248; x_wconf 82' lang='lat' dir='ltr'>est,</span> <span class='ocrx_word' id='word_1_137' title='bbox 291 1198 375 1250; x_wconf 83' lang='lat' dir='ltr'>quam</span> <span class='ocrx_word' id='word_1_138' title='bbox 394 1188 424 1233; x_wconf 89' lang='lat' dir='ltr'>ut</span> <span class='ocrx_word' id='word_1_139' title='bbox 445 1199 463 1234; x_wconf 94' lang='lat' dir='ltr'>a</span> <span class='ocrx_word' id='word_1_140' title='bbox 480 1199 523 1236; x_wconf 87' lang='lat' dir='ltr'>me</span> <span class='ocrx_word' id='word_1_141' title='bbox 542 1180 634 1234; x_wconf 83' lang='lat' dir='ltr'>valeat</span> <span class='ocrx_word' id='word_1_142' title='bbox 650 1182 836 1250; x_wconf 78' lang='lat' dir='ltr'>perscrutari.</span> <span class='ocrx_word' id='word_1_143' title='bbox 875 1184 900 1234; x_wconf 74' lang='grc'>1.</span> <span class='ocrx_word' id='word_1_144' title='bbox 920 1182 965 1233; x_wconf 79' lang='lat' dir='ltr'>Ea</span> <span class='ocrx_word' id='word_1_145' title='bbox 992 1183 1133 1237; x_wconf 86' lang='lat' dir='ltr'>rationem.</span> <span class='ocrx_word' id='word_1_146' title='bbox 1172 1186 1252 1236; x_wconf 80' lang='lat' dir='ltr'>Deae</span> <span class='ocrx_word' id='word_1_147' title='bbox 1270 1183 1367 1250; x_wconf 86' lang='lat' dir='ltr'>patris</span> <span class='ocrx_word' id='word_1_148' title='bbox 1387 1183 1442 1236; x_wconf 89' lang='lat' dir='ltr'>mei</span> <span class='ocrx_word' id='word_1_149' title='bbox 1453 1182 1612 1251; x_wconf 83' lang='lat' dir='ltr'>Abrabam,</span> <span class='ocrx_word' id='word_1_150' title='bbox 1639 1184 1720 1235; x_wconf 83' lang='lat' dir='ltr'>Deae</span> <span class='ocrx_word' id='word_1_151' title='bbox 1734 1185 1828 1252; x_wconf 84' lang='lat' dir='ltr'>patria</span> 
     </span>
     <span class='ocr_line' id='line_1_12' title="bbox 127 1266 1828 1338; baseline 0.001 -18"><span class='ocrx_word' id='word_1_152' title='bbox 127 1266 356 1336; x_wconf 85' lang='lat' dir='ltr'>apparitionibus</span> <span class='ocrx_word' id='word_1_153' title='bbox 384 1274 558 1336; x_wconf 83' lang='lat' dir='ltr'>sanctorum,</span> <span class='ocrx_word' id='word_1_154' title='bbox 590 1267 640 1334; x_wconf 86' lang='lat' dir='ltr'>qni</span> <span class='ocrx_word' id='word_1_155' title='bbox 664 1276 760 1336; x_wconf 87' lang='lat' dir='ltr'>aperte</span> <span class='ocrx_word' id='word_1_156' title='bbox 780 1269 876 1322; x_wconf 88' lang='lat' dir='ltr'>testati</span> <span class='ocrx_word' id='word_1_157' title='bbox 892 1276 964 1333; x_wconf 75' lang='lat' dir='ltr'>ssent,</span> <span class='ocrx_word' id='word_1_158' title='bbox 992 1270 1048 1322; x_wconf 91' lang='lat' dir='ltr'>mei</span> <span class='ocrx_word' id='word_1_159' title='bbox 1069 1270 1171 1334; x_wconf 82' lang='lat' dir='ltr'>Isaac,</span> <span class='ocrx_word' id='word_1_160' title='bbox 1201 1268 1324 1322; x_wconf 88' lang='lat' dir='ltr'>Domine</span> <span class='ocrx_word' id='word_1_161' title='bbox 1344 1269 1393 1338; x_wconf 83' lang='lat' dir='ltr'>qui</span> <span class='ocrx_word' id='word_1_162' title='bbox 1411 1269 1510 1322; x_wconf 66' lang='lat' dir='ltr'>diruti</span> <span class='ocrx_word' id='word_1_163' title='bbox 1530 1271 1613 1334; x_wconf 86' lang='lat' dir='ltr'>mibi,</span> <span class='ocrx_word' id='word_1_164' title='bbox 1636 1277 1773 1323; x_wconf 84' lang='lat' dir='ltr'>reuertere</span> <span class='ocrx_word' id='word_1_165' title='bbox 1799 1271 1828 1323; x_wconf 87' lang='lat' dir='ltr'>in</span> 
     </span>
     <span class='ocr_line' id='line_1_13' title="bbox 127 1353 1828 1424; baseline 0.001 -17"><span class='ocrx_word' id='word_1_166' title='bbox 127 1370 157 1407; x_wconf 89' lang='lat' dir='ltr'>se</span> <span class='ocrx_word' id='word_1_167' title='bbox 184 1368 269 1407; x_wconf 87' lang='lat' dir='ltr'>erare</span> <span class='ocrx_word' id='word_1_168' title='bbox 291 1370 346 1422; x_wconf 87' lang='lat' dir='ltr'>pro</span> <span class='ocrx_word' id='word_1_169' title='bbox 372 1353 452 1405; x_wconf 86' lang='lat' dir='ltr'>nobis</span> <span class='ocrx_word' id='word_1_170' title='bbox 471 1353 556 1405; x_wconf 90' lang='lat' dir='ltr'>etiam</span> <span class='ocrx_word' id='word_1_171' title='bbox 576 1353 606 1406; x_wconf 85' lang='lat' dir='ltr'>in</span> <span class='ocrx_word' id='word_1_172' title='bbox 621 1353 804 1422; x_wconf 77' lang='lat' dir='ltr'>particulari.</span> <span class='ocrx_word' id='word_1_173' title='bbox 841 1353 964 1424; x_wconf 86' lang='lat' dir='ltr'>Respou·</span> <span class='ocrx_word' id='word_1_174' title='bbox 993 1364 1099 1408; x_wconf 86' lang='lat' dir='ltr'>terram</span> <span class='ocrx_word' id='word_1_175' title='bbox 1117 1363 1203 1415; x_wconf 82' lang='lat' dir='ltr'>tuam,</span> <span class='ocrx_word' id='word_1_176' title='bbox 1223 1372 1289 1409; x_wconf 87' lang='lat' dir='ltr'>erue</span> <span class='ocrx_word' id='word_1_177' title='bbox 1307 1373 1349 1408; x_wconf 89' lang='lat' dir='ltr'>me</span> <span class='ocrx_word' id='word_1_178' title='bbox 1368 1357 1403 1408; x_wconf 90' lang='lat' dir='ltr'>de</span> <span class='ocrx_word' id='word_1_179' title='bbox 1423 1374 1508 1408; x_wconf 89' lang='lat' dir='ltr'>manu</span> <span class='ocrx_word' id='word_1_180' title='bbox 1530 1355 1636 1417; x_wconf 75' lang='lat' dir='ltr'>fratria</span> <span class='ocrx_word' id='word_1_181' title='bbox 1654 1356 1709 1409; x_wconf 86' lang='lat' dir='ltr'>mei</span> <span class='ocrx_word' id='word_1_182' title='bbox 1729 1357 1828 1410; x_wconf 79' lang='lat' dir='ltr'>Erasi.</span> 
     </span>
     <span class='ocr_line' id='line_1_14' title="bbox 127 1437 1826 1512; baseline 0.002 -21"><span class='ocrx_word' id='word_1_183' title='bbox 127 1437 241 1495; x_wconf 84' lang='lat' dir='ltr'>demna:</span> <span class='ocrx_word' id='word_1_184' title='bbox 261 1455 295 1493; x_wconf 87' lang='lat' dir='ltr'>ex</span> <span class='ocrx_word' id='word_1_185' title='bbox 313 1437 465 1492; x_wconf 76' lang='lat' dir='ltr'>visionibus</span> <span class='ocrx_word' id='word_1_186' title='bbox 483 1445 512 1494; x_wconf 87' lang='lat' dir='ltr'>et</span> <span class='ocrx_word' id='word_1_187' title='bbox 532 1439 753 1508; x_wconf 76' lang='lat' dir='ltr'>apparitionibus</span> <span class='ocrx_word' id='word_1_188' title='bbox 773 1456 829 1495; x_wconf 90' lang='lat' dir='ltr'>nou</span> <span class='ocrx_word' id='word_1_189' title='bbox 848 1445 966 1509; x_wconf 83' lang='lat' dir='ltr'>possunt</span> <span class='ocrx_word' id='word_1_190' title='bbox 993 1440 1034 1493; x_wconf 85' lang='lat' dir='ltr'>Ex</span> <span class='ocrx_word' id='word_1_191' title='bbox 1059 1439 1159 1512; x_wconf 89' lang='lat' dir='ltr'>quibus</span> <span class='ocrx_word' id='word_1_192' title='bbox 1184 1440 1312 1495; x_wconf 89' lang='lat' dir='ltr'>omnibus</span> <span class='ocrx_word' id='word_1_193' title='bbox 1330 1440 1507 1511; x_wconf 82' lang='lat' dir='ltr'>intelligitur,</span> <span class='ocrx_word' id='word_1_194' title='bbox 1536 1441 1667 1512; x_wconf 75' lang='lat' dir='ltr'>angelum</span> <span class='ocrx_word' id='word_1_195' title='bbox 1683 1441 1777 1507; x_wconf 89' lang='lat' dir='ltr'>illum,</span> <span class='ocrx_word' id='word_1_196' title='bbox 1807 1457 1826 1495; x_wconf 88' lang='lat' dir='ltr'>a</span> 
     </span>
     <span class='ocr_line' id='line_1_15' title="bbox 127 1524 1826 1597; baseline 0.002 -18"><span class='ocrx_word' id='word_1_197' title='bbox 127 1524 241 1597; x_wconf 88' lang='lat' dir='ltr'>probari</span> <span class='ocrx_word' id='word_1_198' title='bbox 270 1524 380 1579; x_wconf 80' lang='lat' dir='ltr'>articuli</span> <span class='ocrx_word' id='word_1_199' title='bbox 406 1524 486 1592; x_wconf 88' lang='lat' dir='ltr'>fidei,</span> <span class='ocrx_word' id='word_1_200' title='bbox 516 1526 565 1579; x_wconf 89' lang='lat' dir='ltr'>sed</span> <span class='ocrx_word' id='word_1_201' title='bbox 594 1543 627 1579; x_wconf 86' lang='lat' dir='ltr'>ex</span> <span class='ocrx_word' id='word_1_202' title='bbox 653 1524 735 1580; x_wconf 87' lang='lat' dir='ltr'>elaris</span> <span class='ocrx_word' id='word_1_203' title='bbox 758 1531 787 1580; x_wconf 91' lang='lat' dir='ltr'>et</span> <span class='ocrx_word' id='word_1_204' title='bbox 812 1526 965 1595; x_wconf 88' lang='lat' dir='ltr'>perspicuis</span> <span class='ocrx_word' id='word_1_205' title='bbox 992 1544 1047 1597; x_wconf 89' lang='lat' dir='ltr'>qno</span> <span class='ocrx_word' id='word_1_206' title='bbox 1069 1525 1193 1582; x_wconf 79' lang='lat' dir='ltr'>tacobus</span> <span class='ocrx_word' id='word_1_207' title='bbox 1224 1525 1373 1596; x_wconf 88' lang='lat' dir='ltr'>nepotibus</span> <span class='ocrx_word' id='word_1_208' title='bbox 1403 1526 1461 1580; x_wconf 90' lang='lat' dir='ltr'>suis</span> <span class='ocrx_word' id='word_1_209' title='bbox 1485 1526 1713 1582; x_wconf 85' lang='lat' dir='ltr'>benedictionem</span> <span class='ocrx_word' id='word_1_210' title='bbox 1731 1543 1826 1597; x_wconf 90' lang='lat' dir='ltr'>preca·</span> 
     </span>
     <span class='ocr_line' id='line_1_16' title="bbox 129 1610 1827 1683; baseline -0.002 -14"><span class='ocrx_word' id='word_1_211' title='bbox 129 1610 290 1682; x_wconf 81' lang='lat' dir='ltr'>Scripturas</span> <span class='ocrx_word' id='word_1_212' title='bbox 318 1611 406 1666; x_wconf 83' lang='lat' dir='ltr'>dietis</span> <span class='ocrx_word' id='word_1_213' title='bbox 441 1611 552 1665; x_wconf 86' lang='lat' dir='ltr'>Primus</span> <span class='ocrx_word' id='word_1_214' title='bbox 579 1611 626 1682; x_wconf 90' lang='lat' dir='ltr'>qni</span> <span class='ocrx_word' id='word_1_215' title='bbox 646 1611 743 1665; x_wconf 87' lang='lat' dir='ltr'>harum</span> <span class='ocrx_word' id='word_1_216' title='bbox 766 1611 964 1667; x_wconf 84' lang='lat' dir='ltr'>revelationum</span> <span class='ocrx_word' id='word_1_217' title='bbox 992 1620 1045 1676; x_wconf 88' lang='lat' dir='ltr'>tur,</span> <span class='ocrx_word' id='word_1_218' title='bbox 1066 1631 1121 1667; x_wconf 88' lang='lat' dir='ltr'>nou</span> <span class='ocrx_word' id='word_1_219' title='bbox 1140 1629 1200 1668; x_wconf 87' lang='lat' dir='ltr'>esse</span> <span class='ocrx_word' id='word_1_220' title='bbox 1218 1618 1341 1666; x_wconf 89' lang='lat' dir='ltr'>creatum</span> <span class='ocrx_word' id='word_1_221' title='bbox 1359 1611 1479 1682; x_wconf 83' lang='lat' dir='ltr'>aliquem</span> <span class='ocrx_word' id='word_1_222' title='bbox 1498 1613 1637 1683; x_wconf 84' lang='lat' dir='ltr'>angelum,</span> <span class='ocrx_word' id='word_1_223' title='bbox 1666 1613 1715 1667; x_wconf 90' lang='lat' dir='ltr'>sed</span> <span class='ocrx_word' id='word_1_224' title='bbox 1736 1613 1827 1683; x_wconf 90' lang='lat' dir='ltr'>ipsum</span> 
     </span>
     <span class='ocr_line' id='line_1_17' title="bbox 129 1696 1829 1771; baseline -0.001 -18"><span class='ocrx_word' id='word_1_225' title='bbox 129 1696 266 1764; x_wconf 87' lang='lat' dir='ltr'>meminit,</span> <span class='ocrx_word' id='word_1_226' title='bbox 296 1705 337 1753; x_wconf 88' lang='lat' dir='ltr'>est</span> <span class='ocrx_word' id='word_1_227' title='bbox 355 1697 493 1753; x_wconf 87' lang='lat' dir='ltr'>Eusebius</span> <span class='ocrx_word' id='word_1_228' title='bbox 514 1714 548 1752; x_wconf 84' lang='lat' dir='ltr'>ex</span> <span class='ocrx_word' id='word_1_229' title='bbox 567 1697 683 1752; x_wconf 90' lang='lat' dir='ltr'>aliorum</span> <span class='ocrx_word' id='word_1_230' title='bbox 704 1698 838 1753; x_wconf 86' lang='lat' dir='ltr'>relations</span> <span class='ocrx_word' id='word_1_231' title='bbox 857 1698 892 1753; x_wconf 89' lang='lat' dir='ltr'>de</span> <span class='ocrx_word' id='word_1_232' title='bbox 912 1698 964 1752; x_wconf 91' lang='lat' dir='ltr'>Po·</span> <span class='ocrx_word' id='word_1_233' title='bbox 992 1699 1045 1753; x_wconf 93' lang='lat' dir='ltr'>Dei</span> <span class='ocrx_word' id='word_1_234' title='bbox 1066 1698 1176 1753; x_wconf 83' lang='lat' dir='ltr'>Filium.</span> <span class='ocrx_word' id='word_1_235' title='bbox 1225 1701 1251 1753; x_wconf 86' lang='lat'>2.</span> <span class='ocrx_word' id='word_1_236' title='bbox 1279 1699 1325 1752; x_wconf 84' lang='lat' dir='ltr'>Ab</span> <span class='ocrx_word' id='word_1_237' title='bbox 1356 1700 1454 1768; x_wconf 76' lang='lat' dir='ltr'>anqeti</span> <span class='ocrx_word' id='word_1_238' title='bbox 1481 1700 1567 1769; x_wconf 79' lang='lat' dir='ltr'>bajus</span> <span class='ocrx_word' id='word_1_239' title='bbox 1592 1701 1777 1771; x_wconf 74' lang='lat' dir='ltr'>descriptione</span> <span class='ocrx_word' id='word_1_240' title='bbox 1803 1708 1829 1754; x_wconf 91' lang='lat' dir='ltr'>et</span> 
     </span>
     <span class='ocr_line' id='line_1_18' title="bbox 128 1782 1828 1855; baseline -0.001 -16"><span class='ocrx_word' id='word_1_241' title='bbox 128 1784 269 1839; x_wconf 84' lang='lat' dir='ltr'>tamiaena</span> <span class='ocrx_word' id='word_1_242' title='bbox 292 1788 415 1855; x_wconf 83' lang='lat' dir='ltr'>martyre</span> <span class='ocrx_word' id='word_1_243' title='bbox 439 1783 561 1838; x_wconf 87' lang='lat' dir='ltr'>scribens</span> <span class='ocrx_word' id='word_1_244' title='bbox 580 1782 626 1838; x_wconf 89' lang='lat' dir='ltr'>lib.</span> <span class='ocrx_word' id='word_1_245' title='bbox 646 1789 671 1840; x_wconf 81' lang='grc'>6.</span> <span class='ocrx_word' id='word_1_246' title='bbox 688 1782 750 1839; x_wconf 89' lang='lat' dir='ltr'>hist.</span> <span class='ocrx_word' id='word_1_247' title='bbox 771 1782 837 1838; x_wconf 92' lang='lat' dir='ltr'>eccl.</span> <span class='ocrx_word' id='word_1_248' title='bbox 856 1800 916 1853; x_wconf 89' lang='lat' dir='ltr'>cap.</span> <span class='ocrx_word' id='word_1_249' title='bbox 935 1790 964 1838; x_wconf 80' lang='lat' dir='ltr'>t:</span> <span class='ocrx_word' id='word_1_250' title='bbox 993 1787 1087 1853; x_wconf 86' lang='lat' dir='ltr'>operis</span> <span class='ocrx_word' id='word_1_251' title='bbox 1113 1784 1205 1838; x_wconf 79' lang='lat' dir='ltr'>divini</span> <span class='ocrx_word' id='word_1_252' title='bbox 1221 1784 1409 1840; x_wconf 79' lang='lat' dir='ltr'>attributione.</span> <span class='ocrx_word' id='word_1_253' title='bbox 1454 1784 1500 1838; x_wconf 86' lang='lat' dir='ltr'>Ab</span> <span class='ocrx_word' id='word_1_254' title='bbox 1519 1784 1567 1838; x_wconf 92' lang='lat' dir='ltr'>illo</span> <span class='ocrx_word' id='word_1_255' title='bbox 1585 1785 1685 1855; x_wconf 88' lang='lat' dir='ltr'>angelo</span> <span class='ocrx_word' id='word_1_256' title='bbox 1704 1785 1828 1840; x_wconf 80' lang='lat' dir='ltr'>Jacobus</span> 
     </span>
     <span class='ocr_line' id='line_1_19' title="bbox 128 1870 1828 1942; baseline -0.001 -17"><span class='ocrx_word' id='word_1_257' title='bbox 128 1871 235 1925; x_wconf 85' lang='lat' dir='ltr'>Fertur</span> <span class='ocrx_word' id='word_1_258' title='bbox 261 1870 410 1924; x_wconf 83' lang='lat' dir='ltr'>Basilides</span> <span class='ocrx_word' id='word_1_259' title='bbox 438 1887 587 1936; x_wconf 84' lang='lat' dir='ltr'>narrasse,</span> <span class='ocrx_word' id='word_1_260' title='bbox 616 1873 753 1938; x_wconf 84' lang='lat' dir='ltr'>quomodo</span> <span class='ocrx_word' id='word_1_261' title='bbox 777 1871 964 1923; x_wconf 87' lang='lat' dir='ltr'>Potamioena</span> <span class='ocrx_word' id='word_1_262' title='bbox 992 1871 1216 1926; x_wconf 86' lang='lat' dir='ltr'>benedictionem</span> <span class='ocrx_word' id='word_1_263' title='bbox 1243 1870 1301 1925; x_wconf 91' lang='lat' dir='ltr'>suis</span> <span class='ocrx_word' id='word_1_264' title='bbox 1328 1876 1458 1939; x_wconf 87' lang='lat' dir='ltr'>precatur</span> <span class='ocrx_word' id='word_1_265' title='bbox 1480 1870 1641 1940; x_wconf 89' lang='lat' dir='ltr'>nepotibus,</span> <span class='ocrx_word' id='word_1_266' title='bbox 1670 1870 1717 1942; x_wconf 93' lang='lat' dir='ltr'>qni</span> <span class='ocrx_word' id='word_1_267' title='bbox 1737 1871 1828 1941; x_wconf 90' lang='lat' dir='ltr'>ipsum</span> 
     </span>
     <span class='ocr_line' id='line_1_20' title="bbox 128 1941 1828 2031; baseline 0.002 -21"><span class='ocrx_word' id='word_1_268' title='bbox 128 1956 225 2010; x_wconf 83' lang='lat' dir='ltr'>triduo</span> <span class='ocrx_word' id='word_1_269' title='bbox 239 1964 305 2028; x_wconf 89' lang='lat' dir='ltr'>post</span> <span class='ocrx_word' id='word_1_270' title='bbox 320 1956 486 2023; x_wconf 75' lang='lat' dir='ltr'>martyrium</span> <span class='ocrx_word' id='word_1_271' title='bbox 499 1963 581 2010; x_wconf 84' lang='lat' dir='ltr'>noctu</span> <span class='ocrx_word' id='word_1_272' title='bbox 593 1956 649 2008; x_wconf 85' lang='lat' dir='ltr'>sibi</span> <span class='ocrx_word' id='word_1_273' title='bbox 662 1955 812 2019; x_wconf 79' lang='lat' dir='ltr'>adstiterit,</span> <span class='ocrx_word' id='word_1_274' title='bbox 831 1974 963 2010; x_wconf 84' lang='lat' dir='ltr'>eoronam</span> <span class='ocrx_word' id='word_1_275' title='bbox 991 1941 1128 2031; x_wconf 55' lang='grc' dir='ltr'>δ”]ἦξη,</span> <span class='ocrx_word' id='word_1_276' title='bbox 1148 1957 1184 2010; x_wconf 91' lang='lat' dir='ltr'>ab</span> <span class='ocrx_word' id='word_1_277' title='bbox 1202 1956 1279 2010; x_wconf 87' lang='lat' dir='ltr'>omni</span> <span class='ocrx_word' id='word_1_278' title='bbox 1295 1957 1381 2021; x_wconf 83' lang='lat' dir='ltr'>mala,</span> <span class='ocrx_word' id='word_1_279' title='bbox 1399 1956 1578 2010; x_wconf 85' lang='lat' dir='ltr'>liberaverat.</span> <span class='ocrx_word' id='word_1_280' title='bbox 1619 1956 1659 2011; x_wconf 85' lang='lat' dir='ltr'>At</span> <span class='ocrx_word' id='word_1_281' title='bbox 1676 1957 1730 2012; x_wconf 91' lang='lat' dir='ltr'>hoc</span> <span class='ocrx_word' id='word_1_282' title='bbox 1746 1955 1828 2013; x_wconf 87' lang='lat' dir='ltr'>bene-</span> 
     </span>
     <span class='ocr_line' id='line_1_21' title="bbox 127 2042 1829 2114; baseline 0 -18"><span class='ocrx_word' id='word_1_283' title='bbox 127 2043 219 2112; x_wconf 86' lang='lat' dir='ltr'>oapiti</span> <span class='ocrx_word' id='word_1_284' title='bbox 245 2061 297 2096; x_wconf 83' lang='lat' dir='ltr'>suo</span> <span class='ocrx_word' id='word_1_285' title='bbox 327 2043 489 2112; x_wconf 83' lang='lat' dir='ltr'>imposuerit</span> <span class='ocrx_word' id='word_1_286' title='bbox 513 2060 548 2095; x_wconf 85' lang='lat' dir='ltr'>oc</span> <span class='ocrx_word' id='word_1_287' title='bbox 575 2042 692 2106; x_wconf 79' lang='lat' dir='ltr'>dicerit,</span> <span class='ocrx_word' id='word_1_288' title='bbox 721 2044 916 2112; x_wconf 79' lang='lat' dir='ltr'>interpellasse</span> <span class='ocrx_word' id='word_1_289' title='bbox 933 2061 963 2097; x_wconf 89' lang='lat' dir='ltr'>se</span> <span class='ocrx_word' id='word_1_290' title='bbox 991 2044 1084 2098; x_wconf 88' lang='lat' dir='ltr'>ficium</span> <span class='ocrx_word' id='word_1_291' title='bbox 1102 2043 1162 2114; x_wconf 90' lang='lat' dir='ltr'>ipss</span> <span class='ocrx_word' id='word_1_292' title='bbox 1178 2043 1232 2098; x_wconf 89' lang='lat' dir='ltr'>Dei</span> <span class='ocrx_word' id='word_1_293' title='bbox 1244 2043 1333 2097; x_wconf 88' lang='lat' dir='ltr'>Filius</span> <span class='ocrx_word' id='word_1_294' title='bbox 1347 2042 1455 2098; x_wconf 84' lang='lat' dir='ltr'>Jacobs</span> <span class='ocrx_word' id='word_1_295' title='bbox 1474 2058 1504 2097; x_wconf 87' lang='lat' dir='ltr'>se</span> <span class='ocrx_word' id='word_1_296' title='bbox 1520 2043 1717 2113; x_wconf 85' lang='lat' dir='ltr'>praestiturum</span> <span class='ocrx_word' id='word_1_297' title='bbox 1737 2043 1829 2098; x_wconf 86' lang='lat' dir='ltr'>fuerat</span> 
     </span>
     <span class='ocr_line' id='line_1_22' title="bbox 123 2127 1829 2200; baseline 0.001 -19"><span class='ocrx_word' id='word_1_298' title='bbox 123 2147 180 2199; x_wconf 86' lang='lat' dir='ltr'>pro</span> <span class='ocrx_word' id='word_1_299' title='bbox 220 2129 283 2198; x_wconf 87' lang='lat' dir='ltr'>ipso</span> <span class='ocrx_word' id='word_1_300' title='bbox 319 2128 473 2182; x_wconf 89' lang='lat' dir='ltr'>Dominum</span> <span class='ocrx_word' id='word_1_301' title='bbox 514 2145 549 2182; x_wconf 91' lang='lat' dir='ltr'>ae</span> <span class='ocrx_word' id='word_1_302' title='bbox 581 2129 674 2197; x_wconf 88' lang='lat' dir='ltr'>petita</span> <span class='ocrx_word' id='word_1_303' title='bbox 708 2130 873 2198; x_wconf 82' lang='lat' dir='ltr'>impetrasse</span> <span class='ocrx_word' id='word_1_304' title='bbox 911 2135 962 2185; x_wconf 86' lang='lat' dir='ltr'>eta.</span> <span class='ocrx_word' id='word_1_305' title='bbox 991 2130 1133 2200; x_wconf 90' lang='lat' dir='ltr'>pollicitus</span> <span class='ocrx_word' id='word_1_306' title='bbox 1151 2128 1220 2187; x_wconf 84' lang='lat' dir='ltr'>Gen.</span> <span class='ocrx_word' id='word_1_307' title='bbox 1241 2134 1282 2193; x_wconf 88' lang='grc'>28,</span> <span class='ocrx_word' id='word_1_308' title='bbox 1301 2147 1328 2185; x_wconf 88' lang='lat' dir='ltr'>v.</span> <span class='ocrx_word' id='word_1_309' title='bbox 1351 2133 1398 2185; x_wconf 84' lang='lat' dir='ltr'>lb:</span> <span class='ocrx_word' id='word_1_310' title='bbox 1423 2127 1588 2183; x_wconf 80' lang='lat' dir='ltr'>Custodiam</span> <span class='ocrx_word' id='word_1_311' title='bbox 1605 2131 1646 2195; x_wconf 80' lang='lat' dir='ltr'>te&#39;,</span> <span class='ocrx_word' id='word_1_312' title='bbox 1665 2145 1829 2199; x_wconf 85' lang='lat' dir='ltr'>quoeunque</span> 
     </span>
     <span class='ocr_line' id='line_1_23' title="bbox 128 2214 1829 2287; baseline 0 -16"><span class='ocrx_word' id='word_1_313' title='bbox 128 2215 216 2286; x_wconf 83' lang='lat' dir='ltr'>Atqui</span> <span class='ocrx_word' id='word_1_314' title='bbox 239 2214 308 2270; x_wconf 84' lang='lat' dir='ltr'>baec</span> <span class='ocrx_word' id='word_1_315' title='bbox 326 2220 391 2269; x_wconf 88' lang='lat' dir='ltr'>sunt</span> <span class='ocrx_word' id='word_1_316' title='bbox 408 2215 568 2270; x_wconf 89' lang='lat' dir='ltr'>Bellarmiui</span> <span class='ocrx_word' id='word_1_317' title='bbox 586 2221 751 2286; x_wconf 87' lang='lat' dir='ltr'>argumenta</span> <span class='ocrx_word' id='word_1_318' title='bbox 767 2217 872 2285; x_wconf 91' lang='lat' dir='ltr'>omnia,</span> <span class='ocrx_word' id='word_1_319' title='bbox 904 2217 963 2287; x_wconf 92' lang='lat' dir='ltr'>qui·</span> <span class='ocrx_word' id='word_1_320' title='bbox 992 2218 1053 2285; x_wconf 83' lang='lat' dir='ltr'>ibis,</span> <span class='ocrx_word' id='word_1_321' title='bbox 1074 2225 1101 2271; x_wconf 90' lang='lat' dir='ltr'>et</span> <span class='ocrx_word' id='word_1_322' title='bbox 1117 2217 1212 2271; x_wconf 86' lang='lat' dir='ltr'>redire</span> <span class='ocrx_word' id='word_1_323' title='bbox 1231 2224 1256 2270; x_wconf 87' lang='lat' dir='ltr'>te</span> <span class='ocrx_word' id='word_1_324' title='bbox 1270 2217 1386 2283; x_wconf 84' lang='lat' dir='ltr'>sociam</span> <span class='ocrx_word' id='word_1_325' title='bbox 1404 2217 1446 2270; x_wconf 85' lang='lat' dir='ltr'>ad</span> <span class='ocrx_word' id='word_1_326' title='bbox 1462 2224 1568 2270; x_wconf 83' lang='lat' dir='ltr'>terram</span> <span class='ocrx_word' id='word_1_327' title='bbox 1587 2217 1669 2280; x_wconf 86' lang='lat' dir='ltr'>bane,</span> <span class='ocrx_word' id='word_1_328' title='bbox 1687 2217 1756 2285; x_wconf 87' lang='lat' dir='ltr'>quia</span> <span class='ocrx_word' id='word_1_329' title='bbox 1772 2235 1829 2271; x_wconf 88' lang='lat' dir='ltr'>non</span> 
     </span>
     <span class='ocr_line' id='line_1_24' title="bbox 128 2300 1830 2373; baseline -0.001 -16"><span class='ocrx_word' id='word_1_330' title='bbox 128 2301 181 2357; x_wconf 87' lang='lat' dir='ltr'>bus</span> <span class='ocrx_word' id='word_1_331' title='bbox 203 2301 320 2371; x_wconf 87' lang='lat' dir='ltr'>probare</span> <span class='ocrx_word' id='word_1_332' title='bbox 343 2300 453 2367; x_wconf 89' lang='lat' dir='ltr'>nititur,</span> <span class='ocrx_word' id='word_1_333' title='bbox 480 2307 591 2357; x_wconf 88' lang='lat' dir='ltr'>sanctos</span> <span class='ocrx_word' id='word_1_334' title='bbox 617 2319 671 2356; x_wconf 92' lang='lat' dir='ltr'>non</span> <span class='ocrx_word' id='word_1_335' title='bbox 696 2303 784 2357; x_wconf 90' lang='lat' dir='ltr'>solnm</span> <span class='ocrx_word' id='word_1_336' title='bbox 803 2302 832 2356; x_wconf 92' lang='lat' dir='ltr'>in</span> <span class='ocrx_word' id='word_1_337' title='bbox 850 2319 961 2373; x_wconf 85' lang='lat' dir='ltr'>genere,</span> <span class='ocrx_word' id='word_1_338' title='bbox 992 2304 1186 2371; x_wconf 85' lang='lat' dir='ltr'>derelinquam</span> <span class='ocrx_word' id='word_1_339' title='bbox 1205 2310 1247 2370; x_wconf 90' lang='lat' dir='ltr'>te,</span> <span class='ocrx_word' id='word_1_340' title='bbox 1272 2303 1361 2356; x_wconf 86' lang='lat' dir='ltr'>donee</span> <span class='ocrx_word' id='word_1_341' title='bbox 1381 2303 1480 2366; x_wconf 76' lang='lat' dir='ltr'>fecero</span> <span class='ocrx_word' id='word_1_342' title='bbox 1497 2303 1645 2369; x_wconf 82' lang='lat' dir='ltr'>uniuersa,</span> <span class='ocrx_word' id='word_1_343' title='bbox 1674 2319 1746 2372; x_wconf 85' lang='lat' dir='ltr'>qaae</span> <span class='ocrx_word' id='word_1_344' title='bbox 1767 2303 1830 2355; x_wconf 83' lang='lat' dir='ltr'>diei</span> 
     </span>
     <span class='ocr_line' id='line_1_25' title="bbox 127 2386 1828 2463; baseline 0.002 -23"><span class='ocrx_word' id='word_1_345' title='bbox 127 2387 177 2442; x_wconf 90' lang='lat' dir='ltr'>sed</span> <span class='ocrx_word' id='word_1_346' title='bbox 206 2386 289 2442; x_wconf 87' lang='lat' dir='ltr'>etiam</span> <span class='ocrx_word' id='word_1_347' title='bbox 320 2387 348 2441; x_wconf 90' lang='lat' dir='ltr'>in</span> <span class='ocrx_word' id='word_1_348' title='bbox 374 2387 536 2457; x_wconf 87' lang='lat' dir='ltr'>particulari</span> <span class='ocrx_word' id='word_1_349' title='bbox 564 2405 614 2463; x_wconf 87' lang='lat' dir='ltr'>pro</span> <span class='ocrx_word' id='word_1_350' title='bbox 637 2388 717 2444; x_wconf 90' lang='lat' dir='ltr'>nobis</span> <span class='ocrx_word' id='word_1_351' title='bbox 739 2405 831 2455; x_wconf 90' lang='lat' dir='ltr'>orare,</span> <span class='ocrx_word' id='word_1_352' title='bbox 865 2387 963 2459; x_wconf 89' lang='lat' dir='ltr'>quodsi</span> <span class='ocrx_word' id='word_1_353' title='bbox 991 2390 1056 2457; x_wconf 86' lang='lat' dir='ltr'>tibi,</span> <span class='ocrx_word' id='word_1_354' title='bbox 1088 2405 1160 2460; x_wconf 90' lang='lat' dir='ltr'>qnae</span> <span class='ocrx_word' id='word_1_355' title='bbox 1187 2404 1248 2443; x_wconf 87' lang='lat' dir='ltr'>esse</span> <span class='ocrx_word' id='word_1_356' title='bbox 1273 2386 1360 2443; x_wconf 84' lang='lat' dir='ltr'>rerba</span> <span class='ocrx_word' id='word_1_357' title='bbox 1384 2387 1468 2458; x_wconf 78' lang='lat' dir='ltr'>huJ&#39;us</span> <span class='ocrx_word' id='word_1_358' title='bbox 1493 2388 1580 2458; x_wconf 91' lang='lat' dir='ltr'>ipsius</span> <span class='ocrx_word' id='word_1_359' title='bbox 1599 2388 1708 2459; x_wconf 85' lang='lat' dir='ltr'>angeli,</span> <span class='ocrx_word' id='word_1_360' title='bbox 1736 2406 1754 2443; x_wconf 88' lang='lat' dir='ltr'>a</span> <span class='ocrx_word' id='word_1_361' title='bbox 1773 2406 1828 2459; x_wconf 89' lang='lat' dir='ltr'>qno</span> 
     </span>
     <span class='ocr_line' id='line_1_26' title="bbox 128 2473 1827 2545; baseline 0.002 -18"><span class='ocrx_word' id='word_1_362' title='bbox 128 2473 173 2527; x_wconf 83' lang='lat' dir='ltr'>sel</span> <span class='ocrx_word' id='word_1_363' title='bbox 193 2473 311 2528; x_wconf 86' lang='lat' dir='ltr'>maxime</span> <span class='ocrx_word' id='word_1_364' title='bbox 331 2475 559 2544; x_wconf 87' lang='lat' dir='ltr'>concederemus,</span> <span class='ocrx_word' id='word_1_365' title='bbox 589 2474 713 2529; x_wconf 90' lang='lat' dir='ltr'>nondum</span> <span class='ocrx_word' id='word_1_366' title='bbox 730 2480 823 2529; x_wconf 77' lang='lat' dir='ltr'>tamm</span> <span class='ocrx_word' id='word_1_367' title='bbox 843 2474 961 2529; x_wconf 88' lang='lat' dir='ltr'>evictum</span> <span class='ocrx_word' id='word_1_368' title='bbox 990 2475 1114 2532; x_wconf 80' lang='lat' dir='ltr'>lacobus</span> <span class='ocrx_word' id='word_1_369' title='bbox 1138 2474 1175 2529; x_wconf 88' lang='lat' dir='ltr'>ab</span> <span class='ocrx_word' id='word_1_370' title='bbox 1193 2473 1268 2529; x_wconf 91' lang='lat' dir='ltr'>omni</span> <span class='ocrx_word' id='word_1_371' title='bbox 1287 2473 1360 2528; x_wconf 88' lang='lat' dir='ltr'>malo</span> <span class='ocrx_word' id='word_1_372' title='bbox 1378 2490 1408 2530; x_wconf 84' lang='lat' dir='ltr'>se</span> <span class='ocrx_word' id='word_1_373' title='bbox 1428 2490 1488 2529; x_wconf 89' lang='lat' dir='ltr'>esse</span> <span class='ocrx_word' id='word_1_374' title='bbox 1506 2474 1654 2530; x_wconf 87' lang='lat' dir='ltr'>liberatum</span> <span class='ocrx_word' id='word_1_375' title='bbox 1671 2474 1827 2545; x_wconf 83' lang='lat' dir='ltr'>profitetur,</span> 
     </span>
     <span class='ocr_line' id='line_1_27' title="bbox 128 2559 1829 2633; baseline -0.001 -17"><span class='ocrx_word' id='word_1_376' title='bbox 128 2559 215 2629; x_wconf 85' lang='lat' dir='ltr'>foret,</span> <span class='ocrx_word' id='word_1_377' title='bbox 234 2567 343 2615; x_wconf 88' lang='lat' dir='ltr'>sanctos</span> <span class='ocrx_word' id='word_1_378' title='bbox 363 2560 509 2615; x_wconf 89' lang='lat' dir='ltr'>defunctos</span> <span class='ocrx_word' id='word_1_379' title='bbox 528 2560 658 2630; x_wconf 88' lang='lat' dir='ltr'>religiose</span> <span class='ocrx_word' id='word_1_380' title='bbox 675 2577 693 2616; x_wconf 87' lang='lat' dir='ltr'>a</span> <span class='ocrx_word' id='word_1_381' title='bbox 711 2561 791 2615; x_wconf 91' lang='lat' dir='ltr'>uobis</span> <span class='ocrx_word' id='word_1_382' title='bbox 809 2578 869 2616; x_wconf 89' lang='lat' dir='ltr'>esse</span> <span class='ocrx_word' id='word_1_383' title='bbox 886 2560 963 2616; x_wconf 89' lang='lat' dir='ltr'>invo-</span> <span class='ocrx_word' id='word_1_384' title='bbox 992 2568 1070 2633; x_wconf 88' lang='lat' dir='ltr'>patet</span> <span class='ocrx_word' id='word_1_385' title='bbox 1089 2578 1123 2615; x_wconf 87' lang='lat' dir='ltr'>ex</span> <span class='ocrx_word' id='word_1_386' title='bbox 1143 2560 1213 2617; x_wconf 85' lang='lat' dir='ltr'>Gen.</span> <span class='ocrx_word' id='word_1_387' title='bbox 1234 2566 1275 2631; x_wconf 98' lang='grc'>31,</span> <span class='ocrx_word' id='word_1_388' title='bbox 1299 2578 1326 2614; x_wconf 77' lang='grc' dir='ltr'>ν.</span> <span class='ocrx_word' id='word_1_389' title='bbox 1347 2567 1393 2617; x_wconf 87' lang='lat' dir='ltr'>tl:</span> <span class='ocrx_word' id='word_1_390' title='bbox 1414 2561 1538 2630; x_wconf 79' lang='lat' dir='ltr'>Anpelns</span> <span class='ocrx_word' id='word_1_391' title='bbox 1558 2562 1617 2616; x_wconf 84' lang='lat' dir='ltr'>Dei</span> <span class='ocrx_word' id='word_1_392' title='bbox 1634 2563 1707 2617; x_wconf 73' lang='lat' dir='ltr'>dicit</span> <span class='ocrx_word' id='word_1_393' title='bbox 1729 2564 1770 2615; x_wconf 93' lang='lat' dir='ltr'>ad</span> <span class='ocrx_word' id='word_1_394' title='bbox 1786 2579 1829 2615; x_wconf 91' lang='lat' dir='ltr'>me</span> 
     </span>
     <span class='ocr_line' id='line_1_28' title="bbox 129 2647 1828 2718; baseline 0.001 -17"><span class='ocrx_word' id='word_1_395' title='bbox 129 2647 240 2701; x_wconf 89' lang='lat' dir='ltr'>candos.</span> <span class='ocrx_word' id='word_1_396' title='bbox 276 2647 403 2702; x_wconf 84' lang='lat' dir='ltr'>Tandem</span> <span class='ocrx_word' id='word_1_397' title='bbox 423 2647 509 2718; x_wconf 86' lang='lat' dir='ltr'>igitur</span> <span class='ocrx_word' id='word_1_398' title='bbox 527 2647 668 2718; x_wconf 89' lang='lat' dir='ltr'>acropolin</span> <span class='ocrx_word' id='word_1_399' title='bbox 686 2648 888 2703; x_wconf 88' lang='lat' dir='ltr'>controversiae</span> <span class='ocrx_word' id='word_1_400' title='bbox 901 2647 963 2704; x_wconf 89' lang='lat' dir='ltr'>Bel·</span> <span class='ocrx_word' id='word_1_401' title='bbox 991 2670 1015 2706; x_wconf 89' lang='lat' dir='ltr'>v.</span> <span class='ocrx_word' id='word_1_402' title='bbox 1035 2656 1075 2705; x_wconf 89' lang='grc'>13.</span> <span class='ocrx_word' id='word_1_403' title='bbox 1095 2667 1144 2716; x_wconf 79' lang='lat' dir='ltr'>epo</span> <span class='ocrx_word' id='word_1_404' title='bbox 1159 2651 1238 2702; x_wconf 80' lang='lat' dir='ltr'>Deos</span> <span class='ocrx_word' id='word_1_405' title='bbox 1252 2648 1360 2716; x_wconf 79' lang='lat' dir='ltr'>Batiai,</span> <span class='ocrx_word' id='word_1_406' title='bbox 1380 2648 1428 2703; x_wconf 78' lang='lat' dir='ltr'>orti</span> <span class='ocrx_word' id='word_1_407' title='bbox 1444 2657 1536 2703; x_wconf 85' lang='lat' dir='ltr'>votum</span> <span class='ocrx_word' id='word_1_408' title='bbox 1555 2649 1659 2713; x_wconf 79' lang='lat' dir='ltr'>fecisti,</span> <span class='ocrx_word' id='word_1_409' title='bbox 1676 2666 1710 2703; x_wconf 89' lang='lat' dir='ltr'>ac</span> <span class='ocrx_word' id='word_1_410' title='bbox 1728 2648 1828 2704; x_wconf 87' lang='lat' dir='ltr'>libera·</span> 
     </span>
     <span class='ocr_line' id='line_1_29' title="bbox 128 2732 1827 2805; baseline 0 -18"><span class='ocrx_word' id='word_1_411' title='bbox 128 2732 262 2789; x_wconf 89' lang='lat' dir='ltr'>larminus</span> <span class='ocrx_word' id='word_1_412' title='bbox 281 2733 444 2805; x_wconf 82' lang='lat' dir='ltr'>aggreditur</span> <span class='ocrx_word' id='word_1_413' title='bbox 464 2739 493 2787; x_wconf 89' lang='lat' dir='ltr'>et</span> <span class='ocrx_word' id='word_1_414' title='bbox 991 2737 1094 2791; x_wconf 89' lang='lat' dir='ltr'>tionem</span> <span class='ocrx_word' id='word_1_415' title='bbox 1113 2734 1150 2790; x_wconf 87' lang='lat' dir='ltr'>ab</span> <span class='ocrx_word' id='word_1_416' title='bbox 1168 2734 1242 2789; x_wconf 89' lang='lat' dir='ltr'>omni</span> <span class='ocrx_word' id='word_1_417' title='bbox 1264 2734 1337 2788; x_wconf 88' lang='lat' dir='ltr'>malo</span> <span class='ocrx_word' id='word_1_418' title='bbox 1355 2750 1415 2789; x_wconf 86' lang='lat' dir='ltr'>esse</span> <span class='ocrx_word' id='word_1_419' title='bbox 1432 2734 1517 2790; x_wconf 90' lang='lat' dir='ltr'>solius</span> <span class='ocrx_word' id='word_1_420' title='bbox 1530 2735 1584 2789; x_wconf 91' lang='lat' dir='ltr'>Dei</span> <span class='ocrx_word' id='word_1_421' title='bbox 1603 2736 1746 2804; x_wconf 89' lang='lat' dir='ltr'>proprium</span> <span class='ocrx_word' id='word_1_422' title='bbox 1757 2752 1827 2805; x_wconf 92' lang='lat' dir='ltr'>opus</span> 
     </span>
     <span class='ocr_line' id='line_1_30' title="bbox 64 2815 1827 2894; baseline 0.001 -19"><span class='ocrx_word' id='word_1_423' title='bbox 64 2819 97 2886; x_wconf 58' lang='lat' dir='ltr'>l⁰⁸</span> <span class='ocrx_word' id='word_1_424' title='bbox 162 2825 222 2876; x_wconf 80' lang='grc'>151.</span> <span class='ocrx_word' id='word_1_425' title='bbox 258 2836 320 2889; x_wconf 89' lang='lat' dir='ltr'>cap.</span> <span class='ocrx_word' id='word_1_426' title='bbox 343 2825 383 2875; x_wconf 84' lang='lat'>19.</span> <span class='ocrx_word' id='word_1_427' title='bbox 408 2818 527 2888; x_wconf 88' lang='lat' dir='ltr'>probare</span> <span class='ocrx_word' id='word_1_428' title='bbox 545 2826 672 2888; x_wconf 87' lang='lat' dir='ltr'>conatur,</span> <span class='ocrx_word' id='word_1_429' title='bbox 697 2829 818 2884; x_wconf 82' lang='lat' dir='ltr'>sanctos,</span> <span class='ocrx_word' id='word_1_430' title='bbox 838 2822 895 2874; x_wconf 86' lang='lat' dir='ltr'>sive</span> <span class='ocrx_word' id='word_1_431' title='bbox 915 2839 963 2874; x_wconf 91' lang='lat' dir='ltr'>an·</span> <span class='ocrx_word' id='word_1_432' title='bbox 991 2828 1100 2877; x_wconf 87' lang='lat' dir='ltr'>constat</span> <span class='ocrx_word' id='word_1_433' title='bbox 1119 2839 1152 2876; x_wconf 84' lang='lat' dir='ltr'>ex</span> <span class='ocrx_word' id='word_1_434' title='bbox 1170 2822 1235 2890; x_wconf 88' lang='lat' dir='ltr'>Sap.</span> <span class='ocrx_word' id='word_1_435' title='bbox 1257 2826 1297 2885; x_wconf 81' lang='lat' dir='ltr'>lb,</span> <span class='ocrx_word' id='word_1_436' title='bbox 1320 2839 1345 2877; x_wconf 89' lang='lat' dir='ltr'>v.</span> <span class='ocrx_word' id='word_1_437' title='bbox 1366 2825 1396 2875; x_wconf 84' lang='lat'>8:</span> <span class='ocrx_word' id='word_1_438' title='bbox 1424 2820 1457 2873; x_wconf 81' lang='lat' dir='ltr'>oi</span> <span class='ocrx_word' id='word_1_439' title='bbox 1477 2815 1533 2874; x_wconf 66' lang='lat' dir='ltr'>stt</span> <span class='ocrx_word' id='word_1_440' title='bbox 1554 2819 1736 2894; x_wconf 70' lang='lat' dir='ltr'>diripereris</span> <span class='ocrx_word' id='word_1_441' title='bbox 1754 2839 1827 2876; x_wconf 80' lang='grc' dir='ltr'><strong><em>κταν-</em></strong></span> 
     </span>
     <span class='ocr_line' id='line_1_31' title="bbox 64 2878 1826 2976; baseline 0.001 -16"><span class='ocrx_word' id='word_1_442' title='bbox 64 2878 114 2959; x_wconf 54' lang='lat' dir='ltr'>..qus</span> <span class='ocrx_word' id='word_1_443' title='bbox 128 2908 220 2976; x_wconf 78' lang='lat' dir='ltr'>pelas,</span> <span class='ocrx_word' id='word_1_444' title='bbox 251 2913 306 2960; x_wconf 83' lang='lat' dir='ltr'>siae</span> <span class='ocrx_word' id='word_1_445' title='bbox 331 2907 454 2960; x_wconf 77' lang='lat' dir='ltr'>bominac</span> <span class='ocrx_word' id='word_1_446' title='bbox 474 2907 525 2975; x_wconf 86' lang='lat' dir='ltr'>pie</span> <span class='ocrx_word' id='word_1_447' title='bbox 546 2914 629 2976; x_wconf 84' lang='lat' dir='ltr'>atque</span> <span class='ocrx_word' id='word_1_448' title='bbox 646 2907 757 2961; x_wconf 72' lang='lat' dir='ltr'>militer</span> <span class='ocrx_word' id='word_1_449' title='bbox 777 2907 964 2961; x_wconf 79' lang='lat' dir='ltr'>urinantibus</span> <span class='ocrx_word' id='word_1_450' title='bbox 991 2908 1037 2969; x_wconf 83' lang='grc' dir='ltr'>τὸς</span> <span class='ocrx_word' id='word_1_451' title='bbox 1067 2912 1162 2962; x_wconf 81' lang='grc' dir='ltr'><strong><em>κακοῦ.</em></strong></span> <span class='ocrx_word' id='word_1_452' title='bbox 1208 2906 1291 2963; x_wconf 86' lang='lat' dir='ltr'>Adde</span> <span class='ocrx_word' id='word_1_453' title='bbox 1321 2907 1395 2976; x_wconf 90' lang='lat' dir='ltr'>quod</span> <span class='ocrx_word' id='word_1_454' title='bbox 1429 2906 1556 2961; x_wconf 87' lang='lat' dir='ltr'>liberatio</span> <span class='ocrx_word' id='word_1_455' title='bbox 1586 2907 1622 2961; x_wconf 88' lang='lat' dir='ltr'>ab</span> <span class='ocrx_word' id='word_1_456' title='bbox 1651 2907 1726 2961; x_wconf 88' lang='lat' dir='ltr'>omni</span> <span class='ocrx_word' id='word_1_457' title='bbox 1753 2907 1826 2961; x_wconf 89' lang='lat' dir='ltr'>malo</span> 
     </span>
     <span class='ocr_line' id='line_1_32' title="bbox 64 2972 1826 3066; baseline 0 -20"><span class='ocrx_word' id='word_1_458' title='bbox 64 2972 115 3063; x_wconf 47' lang='grc' dir='ltr'>ᾖξ’,</span> <span class='ocrx_word' id='word_1_459' title='bbox 129 2993 263 3048; x_wconf 81' lang='lat' dir='ltr'>invocari.</span> <span class='ocrx_word' id='word_1_460' title='bbox 311 2992 366 3046; x_wconf 90' lang='lat' dir='ltr'>Pro</span> <span class='ocrx_word' id='word_1_461' title='bbox 399 2992 573 3047; x_wconf 86' lang='lat' dir='ltr'>invocatione</span> <span class='ocrx_word' id='word_1_462' title='bbox 604 2992 768 3062; x_wconf 90' lang='lat' dir='ltr'>angelornm</span> <span class='ocrx_word' id='word_1_463' title='bbox 795 2992 965 3048; x_wconf 82' lang='lat' dir='ltr'>stabilienda</span> <span class='ocrx_word' id='word_1_464' title='bbox 991 2995 1184 3066; x_wconf 88' lang='lat' dir='ltr'>complectitur</span> <span class='ocrx_word' id='word_1_465' title='bbox 1202 2994 1286 3048; x_wconf 87' lang='lat' dir='ltr'>etiam</span> <span class='ocrx_word' id='word_1_466' title='bbox 1306 2992 1497 3052; x_wconf 85' lang='lat' dir='ltr'>liberationem</span> <span class='ocrx_word' id='word_1_467' title='bbox 1516 3009 1533 3046; x_wconf 87' lang='lat' dir='ltr'>a</span> <span class='ocrx_word' id='word_1_468' title='bbox 1552 2997 1674 3062; x_wconf 85' lang='lat' dir='ltr'>peccato,</span> <span class='ocrx_word' id='word_1_469' title='bbox 1697 2994 1770 3063; x_wconf 88' lang='lat' dir='ltr'>quod</span> <span class='ocrx_word' id='word_1_470' title='bbox 1783 2999 1826 3047; x_wconf 89' lang='lat' dir='ltr'>est</span> 
     </span>
     <span class='ocr_line' id='line_1_33' title="bbox 64 3075 1826 3165; baseline 0.001 -32"><span class='ocrx_word' id='word_1_471' title='bbox 64 3075 117 3165; x_wconf 51' lang='lat'>{2:¹3</span> <span class='ocrx_word' id='word_1_472' title='bbox 128 3079 234 3152; x_wconf 87' lang='lat' dir='ltr'>profert</span> <span class='ocrx_word' id='word_1_473' title='bbox 264 3086 284 3135; x_wconf 91' lang='grc'>1.</span> <span class='ocrx_word' id='word_1_474' title='bbox 312 3079 528 3132; x_wconf 79' lang='lat' dir='ltr'>benedictionem</span> <span class='ocrx_word' id='word_1_475' title='bbox 554 3079 743 3147; x_wconf 80' lang='lat' dir='ltr'>patriarchae</span> <span class='ocrx_word' id='word_1_476' title='bbox 771 3080 878 3133; x_wconf 82' lang='lat' dir='ltr'>Jacobi</span> <span class='ocrx_word' id='word_1_477' title='bbox 909 3081 962 3135; x_wconf 84' lang='lat' dir='ltr'>Ge·</span> <span class='ocrx_word' id='word_1_478' title='bbox 991 3082 1092 3137; x_wconf 87' lang='lat' dir='ltr'>malum</span> <span class='ocrx_word' id='word_1_479' title='bbox 1129 3082 1252 3135; x_wconf 88' lang='lat' dir='ltr'>omnium</span> <span class='ocrx_word' id='word_1_480' title='bbox 1284 3081 1446 3144; x_wconf 85' lang='lat' dir='ltr'>maximum,</span> <span class='ocrx_word' id='word_1_481' title='bbox 1480 3095 1497 3132; x_wconf 92' lang='lat' dir='ltr'>a</span> <span class='ocrx_word' id='word_1_482' title='bbox 1530 3096 1584 3148; x_wconf 90' lang='lat' dir='ltr'>quo</span> <span class='ocrx_word' id='word_1_483' title='bbox 1614 3079 1723 3150; x_wconf 83' lang='lat' dir='ltr'>reliqua</span> <span class='ocrx_word' id='word_1_484' title='bbox 1753 3080 1826 3134; x_wconf 89' lang='lat' dir='ltr'>mala</span> 
     </span>
     <span class='ocr_line' id='line_1_34' title="bbox 129 3165 1825 3236; baseline 0 -16"><span class='ocrx_word' id='word_1_485' title='bbox 129 3184 188 3222; x_wconf 87' lang='lat' dir='ltr'>nes.</span> <span class='ocrx_word' id='word_1_486' title='bbox 206 3170 253 3219; x_wconf 79' lang='lat' dir='ltr'>ti:</span> <span class='ocrx_word' id='word_1_487' title='bbox 284 3166 419 3235; x_wconf 68' lang='lat' dir='ltr'>inpetus,</span> <span class='ocrx_word' id='word_1_488' title='bbox 444 3167 494 3234; x_wconf 86' lang='lat' dir='ltr'>qni</span> <span class='ocrx_word' id='word_1_489' title='bbox 517 3167 589 3219; x_wconf 86' lang='lat' dir='ltr'>eruit</span> <span class='ocrx_word' id='word_1_490' title='bbox 614 3181 656 3219; x_wconf 91' lang='lat' dir='ltr'>me</span> <span class='ocrx_word' id='word_1_491' title='bbox 680 3167 715 3220; x_wconf 87' lang='lat' dir='ltr'>de</span> <span class='ocrx_word' id='word_1_492' title='bbox 741 3168 846 3220; x_wconf 85' lang='lat' dir='ltr'>eunctis</span> <span class='ocrx_word' id='word_1_493' title='bbox 869 3168 962 3233; x_wconf 83' lang='lat' dir='ltr'>maiia,</span> <span class='ocrx_word' id='word_1_494' title='bbox 990 3170 1125 3225; x_wconf 89' lang='lat' dir='ltr'>oriuntur.</span> <span class='ocrx_word' id='word_1_495' title='bbox 1166 3168 1232 3224; x_wconf 87' lang='lat' dir='ltr'>Jam</span> <span class='ocrx_word' id='word_1_496' title='bbox 1245 3185 1311 3222; x_wconf 90' lang='lat' dir='ltr'>vero</span> <span class='ocrx_word' id='word_1_497' title='bbox 1325 3165 1661 3236; x_wconf 86' lang='lat' dir='ltr'>liberareapeceatissst</span> <span class='ocrx_word' id='word_1_498' title='bbox 1675 3167 1759 3221; x_wconf 90' lang='lat' dir='ltr'>solius</span> <span class='ocrx_word' id='word_1_499' title='bbox 1771 3165 1825 3220; x_wconf 87' lang='lat' dir='ltr'>Dei</span> 
     </span>
     <span class='ocr_line' id='line_1_35' title="bbox 128 3235 1824 3327; baseline 0.001 -22"><span class='ocrx_word' id='word_1_500' title='bbox 128 3253 274 3307; x_wconf 85' lang='lat' dir='ltr'>benedicat</span> <span class='ocrx_word' id='word_1_501' title='bbox 289 3252 389 3322; x_wconf 87' lang='lat' dir='ltr'>pueris</span> <span class='ocrx_word' id='word_1_502' title='bbox 406 3253 475 3306; x_wconf 70' lang='lat' dir='ltr'>ate.</span> <span class='ocrx_word' id='word_1_503' title='bbox 514 3253 584 3320; x_wconf 88' lang='lat' dir='ltr'>Hic,</span> <span class='ocrx_word' id='word_1_504' title='bbox 610 3250 714 3322; x_wconf 82' lang='lat' dir='ltr'>iuquit,</span> <span class='ocrx_word' id='word_1_505' title='bbox 741 3261 838 3321; x_wconf 84' lang='lat' dir='ltr'>aperte</span> <span class='ocrx_word' id='word_1_506' title='bbox 858 3253 888 3307; x_wconf 78' lang='lat' dir='ltr'>S.</span> <span class='ocrx_word' id='word_1_507' title='bbox 909 3255 962 3308; x_wconf 85' lang='lat' dir='ltr'>Ja·</span> <span class='ocrx_word' id='word_1_508' title='bbox 991 3257 1139 3327; x_wconf 87' lang='lat' dir='ltr'>proprium.</span> <span class='ocrx_word' id='word_1_509' title='bbox 1184 3254 1323 3325; x_wconf 86' lang='lat' dir='ltr'>Urgemns</span> <span class='ocrx_word' id='word_1_510' title='bbox 1353 3253 1437 3307; x_wconf 88' lang='lat' dir='ltr'>etiam</span> <span class='ocrx_word' id='word_1_511' title='bbox 1462 3252 1576 3307; x_wconf 85' lang='lat' dir='ltr'>verbum</span> <span class='ocrx_word' id='word_1_512' title='bbox 1601 3235 1667 3320; x_wconf 67' lang='lat' dir='ltr'>biti,</span> <span class='ocrx_word' id='word_1_513' title='bbox 1685 3251 1759 3321; x_wconf 91' lang='lat' dir='ltr'>quod</span> <span class='ocrx_word' id='word_1_514' title='bbox 1789 3252 1824 3306; x_wconf 88' lang='lat' dir='ltr'>de</span> 
     </span>
     <span class='ocr_line' id='line_1_36' title="bbox 128 3337 1822 3412; baseline 0 -20"><span class='ocrx_word' id='word_1_515' title='bbox 128 3339 179 3392; x_wconf 84' lang='lat' dir='ltr'>aab</span> <span class='ocrx_word' id='word_1_516' title='bbox 204 3338 334 3408; x_wconf 81' lang='lat' dir='ltr'>anqoiom</span> <span class='ocrx_word' id='word_1_517' title='bbox 360 3339 506 3397; x_wconf 81' lang='lat' dir='ltr'>invocavit.</span> <span class='ocrx_word' id='word_1_518' title='bbox 544 3338 767 3409; x_wconf 86' lang='lat' dir='ltr'>Respondemus:</span> <span class='ocrx_word' id='word_1_519' title='bbox 797 3339 859 3395; x_wconf 91' lang='lat' dir='ltr'>Nou</span> <span class='ocrx_word' id='word_1_520' title='bbox 885 3340 963 3396; x_wconf 89' lang='lat' dir='ltr'>intel·</span> <span class='ocrx_word' id='word_1_521' title='bbox 990 3344 1042 3397; x_wconf 88' lang='lat' dir='ltr'>hoc</span> <span class='ocrx_word' id='word_1_522' title='bbox 1070 3342 1169 3412; x_wconf 88' lang='lat' dir='ltr'>angelo</span> <span class='ocrx_word' id='word_1_523' title='bbox 1189 3338 1350 3410; x_wconf 76' lang='lat' dir='ltr'>patriarcha·</span> <span class='ocrx_word' id='word_1_524' title='bbox 1365 3344 1489 3409; x_wconf 87' lang='lat' dir='ltr'>usurpat.</span> <span class='ocrx_word' id='word_1_525' title='bbox 1535 3337 1609 3392; x_wconf 89' lang='lat' dir='ltr'>illud</span> <span class='ocrx_word' id='word_1_526' title='bbox 1629 3354 1694 3393; x_wconf 89' lang='lat' dir='ltr'>vero</span> <span class='ocrx_word' id='word_1_527' title='bbox 1711 3338 1741 3390; x_wconf 89' lang='lat' dir='ltr'>in</span> <span class='ocrx_word' id='word_1_528' title='bbox 1758 3355 1822 3408; x_wconf 87' lang='lat' dir='ltr'>pro-</span> 
     </span>
     <span class='ocr_line' id='line_1_37' title="bbox 129 3423 1824 3513; baseline -0.002 -33"><span class='ocrx_word' id='word_1_529' title='bbox 129 3426 225 3496; x_wconf 89' lang='lat' dir='ltr'>ligitur</span> <span class='ocrx_word' id='word_1_530' title='bbox 249 3431 357 3481; x_wconf 90' lang='lat' dir='ltr'>creatus</span> <span class='ocrx_word' id='word_1_531' title='bbox 377 3424 477 3496; x_wconf 88' lang='lat' dir='ltr'>aliquis</span> <span class='ocrx_word' id='word_1_532' title='bbox 495 3424 625 3496; x_wconf 86' lang='lat' dir='ltr'>angelus,</span> <span class='ocrx_word' id='word_1_533' title='bbox 653 3426 701 3480; x_wconf 89' lang='lat' dir='ltr'>sed</span> <span class='ocrx_word' id='word_1_534' title='bbox 721 3425 780 3496; x_wconf 89' lang='lat' dir='ltr'>ipse</span> <span class='ocrx_word' id='word_1_535' title='bbox 797 3425 850 3481; x_wconf 90' lang='lat' dir='ltr'>Dei</span> <span class='ocrx_word' id='word_1_536' title='bbox 866 3427 962 3494; x_wconf 88' lang='lat' dir='ltr'>Filius,</span> <span class='ocrx_word' id='word_1_537' title='bbox 989 3430 1050 3500; x_wconf 87' lang='lat' dir='ltr'>pria</span> <span class='ocrx_word' id='word_1_538' title='bbox 1075 3426 1277 3513; x_wconf 81' lang='lat' dir='ltr'>significatione</span> <span class='ocrx_word' id='word_1_539' title='bbox 1300 3424 1371 3479; x_wconf 83' lang='lat' dir='ltr'>Filio</span> <span class='ocrx_word' id='word_1_540' title='bbox 1390 3424 1443 3478; x_wconf 90' lang='lat' dir='ltr'>Dei</span> <span class='ocrx_word' id='word_1_541' title='bbox 1472 3423 1618 3491; x_wconf 90' lang='lat' dir='ltr'>tribuitur,</span> <span class='ocrx_word' id='word_1_542' title='bbox 1649 3441 1712 3478; x_wconf 91' lang='lat' dir='ltr'>cum</span> <span class='ocrx_word' id='word_1_543' title='bbox 1741 3425 1824 3477; x_wconf 87' lang='lat' dir='ltr'>talem</span> 
     </span>
     <span class='ocr_line' id='line_1_38' title="bbox 130 3510 1823 3583; baseline -0.001 -17"><span class='ocrx_word' id='word_1_544' title='bbox 130 3512 204 3583; x_wconf 91' lang='lat' dir='ltr'>quod</span> <span class='ocrx_word' id='word_1_545' title='bbox 218 3511 367 3583; x_wconf 88' lang='lat' dir='ltr'>probamus</span> <span class='ocrx_word' id='word_1_546' title='bbox 386 3519 407 3567; x_wconf 88' lang='lat'>1.</span> <span class='ocrx_word' id='word_1_547' title='bbox 425 3512 598 3580; x_wconf 66' lang='lat' dir='ltr'>expraetori</span> <span class='ocrx_word' id='word_1_548' title='bbox 616 3513 784 3576; x_wconf 74' lang='lat' dir='ltr'>notificatioi</span> <span class='ocrx_word' id='word_1_549' title='bbox 796 3514 962 3582; x_wconf 81' lang='lat' dir='ltr'>adjectione.</span> <span class='ocrx_word' id='word_1_550' title='bbox 989 3511 1169 3571; x_wconf 84' lang='lat' dir='ltr'>redemtorem</span> <span class='ocrx_word' id='word_1_551' title='bbox 1190 3512 1341 3583; x_wconf 88' lang='lat' dir='ltr'>significet,</span> <span class='ocrx_word' id='word_1_552' title='bbox 1368 3511 1416 3582; x_wconf 93' lang='lat' dir='ltr'>qui</span> <span class='ocrx_word' id='word_1_553' title='bbox 1436 3510 1528 3565; x_wconf 85' lang='lat' dir='ltr'>carnis</span> <span class='ocrx_word' id='word_1_554' title='bbox 1545 3510 1755 3581; x_wconf 88' lang='lat' dir='ltr'>propinquitate</span> <span class='ocrx_word' id='word_1_555' title='bbox 1775 3512 1823 3574; x_wconf 89' lang='lat' dir='ltr'>illi,</span> 
     </span>
     <span class='ocr_line' id='line_1_39' title="bbox 128 3597 1825 3673; baseline -0.002 -18"><span class='ocrx_word' id='word_1_556' title='bbox 128 3599 219 3655; x_wconf 83' lang='lat' dir='ltr'>Jacob</span> <span class='ocrx_word' id='word_1_557' title='bbox 238 3597 395 3670; x_wconf 83' lang='lat' dir='ltr'>patriarcha</span> <span class='ocrx_word' id='word_1_558' title='bbox 411 3615 468 3652; x_wconf 91' lang='lat' dir='ltr'>non</span> <span class='ocrx_word' id='word_1_559' title='bbox 491 3598 653 3668; x_wconf 90' lang='lat' dir='ltr'>simpliciter</span> <span class='ocrx_word' id='word_1_560' title='bbox 671 3598 751 3667; x_wconf 88' lang='lat' dir='ltr'>dicit,</span> <span class='ocrx_word' id='word_1_561' title='bbox 783 3600 901 3666; x_wconf 81' lang='lat' dir='ltr'>anpeius</span> <span class='ocrx_word' id='word_1_562' title='bbox 921 3602 962 3653; x_wconf 89' lang='lat' dir='ltr'>be·</span> <span class='ocrx_word' id='word_1_563' title='bbox 990 3619 1072 3673; x_wconf 88' lang='lat' dir='ltr'>quem</span> <span class='ocrx_word' id='word_1_564' title='bbox 1090 3599 1226 3654; x_wconf 85' lang='lat' dir='ltr'>redimere</span> <span class='ocrx_word' id='word_1_565' title='bbox 1245 3599 1338 3668; x_wconf 89' lang='lat' dir='ltr'>cupit,</span> <span class='ocrx_word' id='word_1_566' title='bbox 1364 3599 1401 3652; x_wconf 89' lang='lat' dir='ltr'>sit</span> <span class='ocrx_word' id='word_1_567' title='bbox 1418 3598 1597 3666; x_wconf 85' lang='lat' dir='ltr'>conjunctus,</span> <span class='ocrx_word' id='word_1_568' title='bbox 1617 3603 1648 3651; x_wconf 92' lang='lat' dir='ltr'>nt</span> <span class='ocrx_word' id='word_1_569' title='bbox 1665 3605 1775 3652; x_wconf 87' lang='lat' dir='ltr'>constat</span> <span class='ocrx_word' id='word_1_570' title='bbox 1792 3616 1825 3651; x_wconf 85' lang='lat' dir='ltr'>cx</span> 
     </span>
     <span class='ocr_line' id='line_1_40' title="bbox 128 3681 1824 3754; baseline 0 -16"><span class='ocrx_word' id='word_1_571' title='bbox 128 3686 241 3738; x_wconf 86' lang='lat' dir='ltr'>nedieat</span> <span class='ocrx_word' id='word_1_572' title='bbox 262 3685 363 3753; x_wconf 85' lang='lat' dir='ltr'>pueris</span> <span class='ocrx_word' id='word_1_573' title='bbox 389 3685 464 3748; x_wconf 85' lang='lat' dir='ltr'>istis,</span> <span class='ocrx_word' id='word_1_574' title='bbox 490 3683 540 3736; x_wconf 90' lang='lat' dir='ltr'>sed</span> <span class='ocrx_word' id='word_1_575' title='bbox 568 3699 670 3754; x_wconf 86' lang='lat' dir='ltr'>magna</span> <span class='ocrx_word' id='word_1_576' title='bbox 696 3700 758 3737; x_wconf 91' lang='lat' dir='ltr'>cum</span> <span class='ocrx_word' id='word_1_577' title='bbox 786 3685 909 3753; x_wconf 82' lang='lat' dir='ltr'>emphasi</span> <span class='ocrx_word' id='word_1_578' title='bbox 937 3687 961 3735; x_wconf 69' lang='lat' dir='ltr'>tl</span> <span class='ocrx_word' id='word_1_579' title='bbox 989 3686 1080 3742; x_wconf 88' lang='lat' dir='ltr'>Levit.</span> <span class='ocrx_word' id='word_1_580' title='bbox 1099 3691 1141 3740; x_wconf 88' lang='grc'>25.</span> <span class='ocrx_word' id='word_1_581' title='bbox 1169 3685 1244 3739; x_wconf 89' lang='lat' dir='ltr'>unde</span> <span class='ocrx_word' id='word_1_582' title='bbox 1269 3685 1382 3738; x_wconf 89' lang='lat' dir='ltr'>solenne</span> <span class='ocrx_word' id='word_1_583' title='bbox 1406 3688 1449 3736; x_wconf 88' lang='lat' dir='ltr'>est</span> <span class='ocrx_word' id='word_1_584' title='bbox 1471 3681 1669 3752; x_wconf 76' lang='lat' dir='ltr'>inscripseris</span> <span class='ocrx_word' id='word_1_585' title='bbox 1693 3683 1745 3738; x_wconf 90' lang='lat' dir='ltr'>hoc</span> <span class='ocrx_word' id='word_1_586' title='bbox 1765 3702 1824 3738; x_wconf 88' lang='lat' dir='ltr'>vcr-</span> 
     </span>
     <span class='ocr_line' id='line_1_41' title="bbox 127 3754 1824 3846; baseline -0.002 -20"><span class='ocrx_word' id='word_1_587' title='bbox 127 3770 256 3841; x_wconf 83' lang='lat' dir='ltr'>bajediah</span> <span class='ocrx_word' id='word_1_588' title='bbox 276 3770 333 3824; x_wconf 88' lang='lat' dir='ltr'>sive</span> <span class='ocrx_word' id='word_1_589' title='bbox 352 3767 551 3823; x_wconf 83' lang='lat' dir='ltr'>notificativam</span> <span class='ocrx_word' id='word_1_590' title='bbox 571 3769 682 3839; x_wconf 88' lang='lat' dir='ltr'>adjicit,</span> <span class='ocrx_word' id='word_1_591' title='bbox 710 3754 826 3846; x_wconf 57' lang='grc' dir='ltr'>Ἶΐξξᾙῖῐ</span> <span class='ocrx_word' id='word_1_592' title='bbox 847 3772 896 3824; x_wconf 88' lang='lat' dir='ltr'>iile</span> <span class='ocrx_word' id='word_1_593' title='bbox 914 3789 962 3824; x_wconf 89' lang='lat' dir='ltr'>an·</span> <span class='ocrx_word' id='word_1_594' title='bbox 988 3773 1055 3827; x_wconf 90' lang='lat' dir='ltr'>bum</span> <span class='ocrx_word' id='word_1_595' title='bbox 1075 3771 1160 3826; x_wconf 91' lang='lat' dir='ltr'>tribui</span> <span class='ocrx_word' id='word_1_596' title='bbox 1178 3772 1250 3826; x_wconf 88' lang='lat' dir='ltr'>Filio</span> <span class='ocrx_word' id='word_1_597' title='bbox 1269 3770 1331 3838; x_wconf 83' lang='lat' dir='ltr'>Dei,</span> <span class='ocrx_word' id='word_1_598' title='bbox 1350 3770 1398 3841; x_wconf 88' lang='lat' dir='ltr'>qui</span> <span class='ocrx_word' id='word_1_599' title='bbox 1420 3775 1463 3824; x_wconf 87' lang='lat' dir='ltr'>est</span> <span class='ocrx_word' id='word_1_600' title='bbox 1482 3786 1551 3823; x_wconf 86' lang='lat' dir='ltr'>earo</span> <span class='ocrx_word' id='word_1_601' title='bbox 1571 3772 1607 3823; x_wconf 90' lang='lat' dir='ltr'>de</span> <span class='ocrx_word' id='word_1_602' title='bbox 1626 3787 1711 3823; x_wconf 87' lang='lat' dir='ltr'>earne</span> <span class='ocrx_word' id='word_1_603' title='bbox 1726 3781 1824 3825; x_wconf 80' lang='lat' dir='ltr'>rroatra</span> 
     </span>
     <span class='ocr_line' id='line_1_42' title="bbox 125 3855 1823 3927; baseline -0.001 -16"><span class='ocrx_word' id='word_1_604' title='bbox 125 3859 218 3927; x_wconf 76' lang='lat' dir='ltr'>peius,</span> <span class='ocrx_word' id='word_1_605' title='bbox 250 3856 265 3911; x_wconf 89' lang='lat' dir='ltr'>i.</span> <span class='ocrx_word' id='word_1_606' title='bbox 294 3872 315 3910; x_wconf 83' lang='lat' dir='ltr'>e.</span> <span class='ocrx_word' id='word_1_607' title='bbox 343 3855 388 3909; x_wconf 89' lang='lat' dir='ltr'>ille</span> <span class='ocrx_word' id='word_1_608' title='bbox 420 3855 581 3926; x_wconf 84' lang='lat' dir='ltr'>angelorum</span> <span class='ocrx_word' id='word_1_609' title='bbox 616 3855 737 3910; x_wconf 89' lang='lat' dir='ltr'>omnium</span> <span class='ocrx_word' id='word_1_610' title='bbox 765 3856 893 3927; x_wconf 89' lang='lat' dir='ltr'>princeps</span> <span class='ocrx_word' id='word_1_611' title='bbox 927 3875 959 3911; x_wconf 91' lang='lat' dir='ltr'>ac</span> <span class='ocrx_word' id='word_1_612' title='bbox 988 3868 1014 3912; x_wconf 89' lang='lat' dir='ltr'>et</span> <span class='ocrx_word' id='word_1_613' title='bbox 1035 3878 1066 3912; x_wconf 84' lang='lat' dir='ltr'>os</span> <span class='ocrx_word' id='word_1_614' title='bbox 1083 3876 1117 3912; x_wconf 83' lang='lat' dir='ltr'>ee</span> <span class='ocrx_word' id='word_1_615' title='bbox 1135 3859 1243 3911; x_wconf 86' lang='lat' dir='ltr'>ossibus</span> <span class='ocrx_word' id='word_1_616' title='bbox 1262 3858 1366 3910; x_wconf 87' lang='lat' dir='ltr'>nostris</span> <span class='ocrx_word' id='word_1_617' title='bbox 1383 3855 1484 3926; x_wconf 84' lang='lat' dir='ltr'>Epheu.</span> <span class='ocrx_word' id='word_1_618' title='bbox 1504 3863 1528 3924; x_wconf 92' lang='lat'>5,</span> <span class='ocrx_word' id='word_1_619' title='bbox 1548 3874 1573 3911; x_wconf 89' lang='lat' dir='ltr'>v.</span> <span class='ocrx_word' id='word_1_620' title='bbox 1593 3861 1632 3912; x_wconf 85' lang='lat'>30.</span> <span class='ocrx_word' id='word_1_621' title='bbox 1654 3857 1756 3926; x_wconf 92' lang='lat' dir='ltr'>quippe</span> <span class='ocrx_word' id='word_1_622' title='bbox 1776 3857 1823 3926; x_wconf 90' lang='lat' dir='ltr'>qni</span> 
     </span>
     <span class='ocr_line' id='line_1_43' title="bbox 127 3941 1823 4014; baseline -0.002 -16"><span class='ocrx_word' id='word_1_623' title='bbox 127 3943 260 3998; x_wconf 89' lang='lat' dir='ltr'>dominus.</span> <span class='ocrx_word' id='word_1_624' title='bbox 296 3941 348 3996; x_wconf 89' lang='lat' dir='ltr'>ille</span> <span class='ocrx_word' id='word_1_625' title='bbox 366 3959 402 3995; x_wconf 90' lang='lat' dir='ltr'>sc.</span> <span class='ocrx_word' id='word_1_626' title='bbox 423 3942 547 4013; x_wconf 86' lang='lat' dir='ltr'>angelus,</span> <span class='ocrx_word' id='word_1_627' title='bbox 567 3942 614 4011; x_wconf 89' lang='lat' dir='ltr'>qui</span> <span class='ocrx_word' id='word_1_628' title='bbox 636 3943 785 4012; x_wconf 85' lang='lat' dir='ltr'>praecepit,</span> <span class='ocrx_word' id='word_1_629' title='bbox 805 3950 836 3997; x_wconf 92' lang='lat' dir='ltr'>ut</span> <span class='ocrx_word' id='word_1_630' title='bbox 855 3961 873 3998; x_wconf 97' lang='lat' dir='ltr'>a</span> <span class='ocrx_word' id='word_1_631' title='bbox 890 3944 961 3998; x_wconf 88' lang='lat' dir='ltr'>facie</span> <span class='ocrx_word' id='word_1_632' title='bbox 989 3945 1016 3999; x_wconf 90' lang='lat' dir='ltr'>iu</span> <span class='ocrx_word' id='word_1_633' title='bbox 1040 3943 1170 4014; x_wconf 88' lang='lat' dir='ltr'>temporis</span> <span class='ocrx_word' id='word_1_634' title='bbox 1195 3942 1369 4013; x_wconf 90' lang='lat' dir='ltr'>plenitudine</span> <span class='ocrx_word' id='word_1_635' title='bbox 1398 3942 1478 3996; x_wconf 90' lang='lat' dir='ltr'>homo</span> <span class='ocrx_word' id='word_1_636' title='bbox 1498 3941 1587 3997; x_wconf 88' lang='lat' dir='ltr'>faetus</span> <span class='ocrx_word' id='word_1_637' title='bbox 1606 3947 1649 3997; x_wconf 92' lang='lat' dir='ltr'>est</span> <span class='ocrx_word' id='word_1_638' title='bbox 1668 3949 1696 3997; x_wconf 90' lang='lat' dir='ltr'>et</span> <span class='ocrx_word' id='word_1_639' title='bbox 1712 3960 1823 3997; x_wconf 85' lang='lat' dir='ltr'>curnem</span> 
     </span>
     <span class='ocr_line' id='line_1_44' title="bbox 126 4028 1822 4099; baseline 0 -17"><span class='ocrx_word' id='word_1_640' title='bbox 126 4029 248 4084; x_wconf 88' lang='lat' dir='ltr'>Labanis</span> <span class='ocrx_word' id='word_1_641' title='bbox 280 4029 308 4081; x_wconf 91' lang='lat' dir='ltr'>iu</span> <span class='ocrx_word' id='word_1_642' title='bbox 341 4028 481 4098; x_wconf 87' lang='lat' dir='ltr'>regionem</span> <span class='ocrx_word' id='word_1_643' title='bbox 511 4035 622 4097; x_wconf 88' lang='lat' dir='ltr'>patrum</span> <span class='ocrx_word' id='word_1_644' title='bbox 654 4044 776 4082; x_wconf 90' lang='lat' dir='ltr'>meorum</span> <span class='ocrx_word' id='word_1_645' title='bbox 810 4037 961 4085; x_wconf 89' lang='lat' dir='ltr'>reverterer</span> <span class='ocrx_word' id='word_1_646' title='bbox 988 4039 1110 4085; x_wconf 87' lang='lat' dir='ltr'>nostram</span> <span class='ocrx_word' id='word_1_647' title='bbox 1137 4029 1283 4096; x_wconf 84' lang='lat' dir='ltr'>assumsit,</span> <span class='ocrx_word' id='word_1_648' title='bbox 1312 4035 1343 4082; x_wconf 92' lang='lat' dir='ltr'>ut</span> <span class='ocrx_word' id='word_1_649' title='bbox 1366 4035 1498 4099; x_wconf 89' lang='lat' dir='ltr'>tanquam</span> <span class='ocrx_word' id='word_1_650' title='bbox 1520 4029 1692 4099; x_wconf 89' lang='lat' dir='ltr'>propinquus</span> <span class='ocrx_word' id='word_1_651' title='bbox 1714 4035 1742 4083; x_wconf 89' lang='lat' dir='ltr'>et</span> <span class='ocrx_word' id='word_1_652' title='bbox 1759 4046 1822 4083; x_wconf 88' lang='lat' dir='ltr'>con-</span> 
     </span>
     <span class='ocr_line' id='line_1_45' title="bbox 126 4114 1823 4188; baseline -0.002 -17"><span class='ocrx_word' id='word_1_653' title='bbox 126 4115 196 4171; x_wconf 86' lang='lat' dir='ltr'>Gen.</span> <span class='ocrx_word' id='word_1_654' title='bbox 217 4120 266 4181; x_wconf 87' lang='grc'>31,</span> <span class='ocrx_word' id='word_1_655' title='bbox 290 4133 315 4168; x_wconf 90' lang='lat' dir='ltr'>v.</span> <span class='ocrx_word' id='word_1_656' title='bbox 338 4119 377 4168; x_wconf 85' lang='grc'>13.</span> <span class='ocrx_word' id='word_1_657' title='bbox 406 4115 453 4184; x_wconf 89' lang='lat' dir='ltr'>qui</span> <span class='ocrx_word' id='word_1_658' title='bbox 478 4131 584 4168; x_wconf 90' lang='lat' dir='ltr'>meeum</span> <span class='ocrx_word' id='word_1_659' title='bbox 607 4114 635 4166; x_wconf 90' lang='lat' dir='ltr'>iu</span> <span class='ocrx_word' id='word_1_660' title='bbox 661 4114 749 4168; x_wconf 88' lang='lat' dir='ltr'>forma</span> <span class='ocrx_word' id='word_1_661' title='bbox 769 4115 818 4168; x_wconf 86' lang='lat' dir='ltr'>viri</span> <span class='ocrx_word' id='word_1_662' title='bbox 840 4114 959 4170; x_wconf 87' lang='lat' dir='ltr'>luctatus</span> <span class='ocrx_word' id='word_1_663' title='bbox 987 4118 1276 4188; x_wconf 81' lang='lat' dir='ltr'>sanguineusnoster</span> <span class='ocrx_word' id='word_1_664' title='bbox 1297 4115 1439 4184; x_wconf 83' lang='lat' dir='ltr'>proximus</span> <span class='ocrx_word' id='word_1_665' title='bbox 1464 4131 1514 4167; x_wconf 92' lang='lat' dir='ltr'>nos</span> <span class='ocrx_word' id='word_1_666' title='bbox 1537 4115 1590 4169; x_wconf 90' lang='lat' dir='ltr'>sub</span> <span class='ocrx_word' id='word_1_667' title='bbox 1614 4120 1759 4184; x_wconf 86' lang='lat' dir='ltr'>peecatum</span> <span class='ocrx_word' id='word_1_668' title='bbox 1780 4131 1823 4167; x_wconf 85' lang='lat' dir='ltr'>vc·</span> 
     </span>
     <span class='ocr_line' id='line_1_46' title="bbox 126 4199 1824 4271; baseline -0.002 -15"><span class='ocrx_word' id='word_1_669' title='bbox 126 4209 167 4257; x_wconf 87' lang='lat' dir='ltr'>est</span> <span class='ocrx_word' id='word_1_670' title='bbox 192 4219 251 4271; x_wconf 89' lang='lat' dir='ltr'>cap.</span> <span class='ocrx_word' id='word_1_671' title='bbox 272 4206 319 4267; x_wconf 87' lang='grc'>32,</span> <span class='ocrx_word' id='word_1_672' title='bbox 344 4218 371 4255; x_wconf 88' lang='lat' dir='ltr'>v.</span> <span class='ocrx_word' id='word_1_673' title='bbox 391 4205 431 4257; x_wconf 84' lang='grc'>21.</span> <span class='ocrx_word' id='word_1_674' title='bbox 455 4200 502 4270; x_wconf 93' lang='lat' dir='ltr'>qui</span> <span class='ocrx_word' id='word_1_675' title='bbox 524 4199 670 4254; x_wconf 86' lang='lat' dir='ltr'>benedicat</span> <span class='ocrx_word' id='word_1_676' title='bbox 688 4201 779 4269; x_wconf 87' lang='lat' dir='ltr'>pueris</span> <span class='ocrx_word' id='word_1_677' title='bbox 798 4201 865 4255; x_wconf 88' lang='lat' dir='ltr'>istis.</span> <span class='ocrx_word' id='word_1_678' title='bbox 895 4201 958 4256; x_wconf 78' lang='lat' dir='ltr'>iam</span> <span class='ocrx_word' id='word_1_679' title='bbox 987 4205 1125 4258; x_wconf 81' lang='lat' dir='ltr'>rundatos</span> <span class='ocrx_word' id='word_1_680' title='bbox 1154 4208 1182 4256; x_wconf 90' lang='lat' dir='ltr'>et</span> <span class='ocrx_word' id='word_1_681' title='bbox 1213 4203 1240 4255; x_wconf 89' lang='lat' dir='ltr'>in</span> <span class='ocrx_word' id='word_1_682' title='bbox 1269 4206 1435 4271; x_wconf 88' lang='lat' dir='ltr'>potestatem</span> <span class='ocrx_word' id='word_1_683' title='bbox 1465 4199 1586 4255; x_wconf 70' lang='lat' dir='ltr'>Samene</span> <span class='ocrx_word' id='word_1_684' title='bbox 1612 4200 1740 4255; x_wconf 87' lang='lat' dir='ltr'>redactas</span> <span class='ocrx_word' id='word_1_685' title='bbox 1760 4202 1824 4270; x_wconf 87' lang='lat' dir='ltr'>jure</span> 
     </span>
     <span class='ocr_line' id='line_1_47' title="bbox 128 4285 1824 4361; baseline -0.002 -19"><span class='ocrx_word' id='word_1_686' title='bbox 128 4305 191 4343; x_wconf 86' lang='lat' dir='ltr'>vero</span> <span class='ocrx_word' id='word_1_687' title='bbox 212 4288 235 4341; x_wconf 90' lang='lat' dir='ltr'>is</span> <span class='ocrx_word' id='word_1_688' title='bbox 254 4304 310 4340; x_wconf 89' lang='lat' dir='ltr'>non</span> <span class='ocrx_word' id='word_1_689' title='bbox 329 4285 382 4340; x_wconf 91' lang='lat' dir='ltr'>fnit</span> <span class='ocrx_word' id='word_1_690' title='bbox 402 4292 510 4341; x_wconf 84' lang='lat' dir='ltr'>creatus</span> <span class='ocrx_word' id='word_1_691' title='bbox 526 4286 626 4357; x_wconf 88' lang='lat' dir='ltr'>aliquis</span> <span class='ocrx_word' id='word_1_692' title='bbox 644 4285 774 4357; x_wconf 83' lang='lat' dir='ltr'>angelus,</span> <span class='ocrx_word' id='word_1_693' title='bbox 800 4288 848 4341; x_wconf 91' lang='lat' dir='ltr'>sed</span> <span class='ocrx_word' id='word_1_694' title='bbox 869 4288 959 4343; x_wconf 87' lang='lat' dir='ltr'>incar-</span> <span class='ocrx_word' id='word_1_695' title='bbox 988 4289 1202 4361; x_wconf 85' lang='lat' dir='ltr'>propinquitatis</span> <span class='ocrx_word' id='word_1_696' title='bbox 1228 4287 1318 4357; x_wconf 90' lang='lat' dir='ltr'>pretio</span> <span class='ocrx_word' id='word_1_697' title='bbox 1341 4286 1484 4356; x_wconf 84' lang='lat' dir='ltr'>sanguinis</span> <span class='ocrx_word' id='word_1_698' title='bbox 1510 4287 1553 4339; x_wconf 90' lang='lat' dir='ltr'>sui</span> <span class='ocrx_word' id='word_1_699' title='bbox 1578 4286 1725 4340; x_wconf 89' lang='lat' dir='ltr'>redimeret</span> <span class='ocrx_word' id='word_1_700' title='bbox 1743 4302 1776 4340; x_wconf 84' lang='lat' dir='ltr'>ae</span> <span class='ocrx_word' id='word_1_701' title='bbox 1795 4285 1824 4339; x_wconf 90' lang='lat' dir='ltr'>iu</span> 
     </span>
     <span class='ocr_line' id='line_1_48' title="bbox 126 4372 1822 4446; baseline -0.001 -18"><span class='ocrx_word' id='word_1_702' title='bbox 126 4380 207 4429; x_wconf 89' lang='lat' dir='ltr'>natus</span> <span class='ocrx_word' id='word_1_703' title='bbox 225 4379 253 4428; x_wconf 89' lang='lat' dir='ltr'>et</span> <span class='ocrx_word' id='word_1_704' title='bbox 269 4378 405 4441; x_wconf 86' lang='lat' dir='ltr'>aeternus,</span> <span class='ocrx_word' id='word_1_705' title='bbox 425 4373 498 4444; x_wconf 93' lang='lat' dir='ltr'>quod</span> <span class='ocrx_word' id='word_1_706' title='bbox 519 4377 628 4426; x_wconf 88' lang='lat' dir='ltr'>constat</span> <span class='ocrx_word' id='word_1_707' title='bbox 646 4379 704 4427; x_wconf 87' lang='lat' dir='ltr'>tum</span> <span class='ocrx_word' id='word_1_708' title='bbox 725 4390 757 4427; x_wconf 80' lang='lat' dir='ltr'>ea</span> <span class='ocrx_word' id='word_1_709' title='bbox 775 4377 893 4442; x_wconf 87' lang='lat' dir='ltr'>nomine,</span> <span class='ocrx_word' id='word_1_710' title='bbox 913 4392 960 4429; x_wconf 90' lang='lat' dir='ltr'>vo·</span> <span class='ocrx_word' id='word_1_711' title='bbox 987 4395 1103 4446; x_wconf 88' lang='lat' dir='ltr'>regnum</span> <span class='ocrx_word' id='word_1_712' title='bbox 1135 4384 1163 4431; x_wconf 84' lang='lat' dir='ltr'>et</span> <span class='ocrx_word' id='word_1_713' title='bbox 1190 4375 1329 4446; x_wconf 90' lang='lat' dir='ltr'>peculium</span> <span class='ocrx_word' id='word_1_714' title='bbox 1361 4392 1441 4428; x_wconf 93' lang='lat' dir='ltr'>suum</span> <span class='ocrx_word' id='word_1_715' title='bbox 1469 4391 1519 4427; x_wconf 90' lang='lat' dir='ltr'>nos</span> <span class='ocrx_word' id='word_1_716' title='bbox 1545 4372 1713 4427; x_wconf 80' lang='lat' dir='ltr'>vendicaret</span> <span class='ocrx_word' id='word_1_717' title='bbox 1749 4373 1822 4429; x_wconf 89' lang='lat' dir='ltr'>Vide</span> 
     </span>
     <span class='ocr_line' id='line_1_49' title="bbox 124 4443 1824 4532; baseline 0.001 -19"><span class='ocrx_word' id='word_1_718' title='bbox 124 4465 203 4513; x_wconf 88' lang='lat' dir='ltr'>catur</span> <span class='ocrx_word' id='word_1_719' title='bbox 226 4443 391 4532; x_wconf 56' lang='lat' dir='ltr'>enimbtffl,</span> <span class='ocrx_word' id='word_1_720' title='bbox 418 4458 494 4514; x_wconf 89' lang='lat' dir='ltr'>Dens</span> <span class='ocrx_word' id='word_1_721' title='bbox 520 4458 568 4513; x_wconf 91' lang='lat' dir='ltr'>ille</span> <span class='ocrx_word' id='word_1_722' title='bbox 595 4458 686 4525; x_wconf 90' lang='lat' dir='ltr'>sortis,</span> <span class='ocrx_word' id='word_1_723' title='bbox 709 4459 782 4527; x_wconf 89' lang='lat' dir='ltr'>quod</span> <span class='ocrx_word' id='word_1_724' title='bbox 801 4468 843 4514; x_wconf 90' lang='lat' dir='ltr'>est</span> <span class='ocrx_word' id='word_1_725' title='bbox 860 4479 959 4516; x_wconf 90' lang='lat' dir='ltr'>nomen</span> <span class='ocrx_word' id='word_1_726' title='bbox 987 4463 1074 4517; x_wconf 78' lang='lat' dir='ltr'>Euod.</span> <span class='ocrx_word' id='word_1_727' title='bbox 1102 4467 1132 4526; x_wconf 92' lang='grc'>3,</span> <span class='ocrx_word' id='word_1_728' title='bbox 1163 4481 1188 4516; x_wconf 84' lang='lat' dir='ltr'>v.</span> <span class='ocrx_word' id='word_1_729' title='bbox 1214 4467 1237 4517; x_wconf 88' lang='lat'>8.</span> <span class='ocrx_word' id='word_1_730' title='bbox 1266 4478 1326 4531; x_wconf 89' lang='lat' dir='ltr'>cap.</span> <span class='ocrx_word' id='word_1_731' title='bbox 1356 4464 1407 4528; x_wconf 88' lang='grc'>23,</span> <span class='ocrx_word' id='word_1_732' title='bbox 1433 4479 1457 4512; x_wconf 87' lang='lat' dir='ltr'>v.</span> <span class='ocrx_word' id='word_1_733' title='bbox 1487 4466 1527 4515; x_wconf 89' lang='grc'>20.</span> <span class='ocrx_word' id='word_1_734' title='bbox 1561 4459 1625 4515; x_wconf 83' lang='lat' dir='ltr'>Job.</span> <span class='ocrx_word' id='word_1_735' title='bbox 1653 4464 1699 4525; x_wconf 87' lang='grc'>19,</span> <span class='ocrx_word' id='word_1_736' title='bbox 1727 4477 1753 4515; x_wconf 88' lang='lat' dir='ltr'>v.</span> <span class='ocrx_word' id='word_1_737' title='bbox 1783 4467 1824 4515; x_wconf 84' lang='grc'>25.</span> 
     </span>
     <span class='ocr_line' id='line_1_50' title="bbox 124 4544 1826 4617; baseline 0.001 -17"><span class='ocrx_word' id='word_1_738' title='bbox 124 4546 208 4601; x_wconf 86' lang='lat' dir='ltr'>solius</span> <span class='ocrx_word' id='word_1_739' title='bbox 228 4545 281 4600; x_wconf 91' lang='lat' dir='ltr'>Dei</span> <span class='ocrx_word' id='word_1_740' title='bbox 303 4545 441 4615; x_wconf 89' lang='lat' dir='ltr'>proprium</span> <span class='ocrx_word' id='word_1_741' title='bbox 463 4544 532 4600; x_wconf 79' lang='lat' dir='ltr'>Gen.</span> <span class='ocrx_word' id='word_1_742' title='bbox 553 4551 594 4610; x_wconf 91' lang='grc'>31,</span> <span class='ocrx_word' id='word_1_743' title='bbox 618 4564 643 4598; x_wconf 91' lang='lat' dir='ltr'>v.</span> <span class='ocrx_word' id='word_1_744' title='bbox 666 4551 705 4601; x_wconf 87' lang='lat'>13.</span> <span class='ocrx_word' id='word_1_745' title='bbox 727 4562 787 4617; x_wconf 91' lang='lat' dir='ltr'>cap.</span> <span class='ocrx_word' id='word_1_746' title='bbox 809 4552 851 4616; x_wconf 89' lang='grc'>32,</span> <span class='ocrx_word' id='word_1_747' title='bbox 870 4566 893 4603; x_wconf 90' lang='lat' dir='ltr'>v.</span> <span class='ocrx_word' id='word_1_748' title='bbox 918 4553 958 4604; x_wconf 83' lang='lat'>28.</span> <span class='ocrx_word' id='word_1_749' title='bbox 989 4550 1087 4603; x_wconf 88' lang='lat' dir='ltr'>l’salm.</span> <span class='ocrx_word' id='word_1_750' title='bbox 1108 4554 1149 4615; x_wconf 84' lang='grc'>12,</span> <span class='ocrx_word' id='word_1_751' title='bbox 1174 4566 1201 4606; x_wconf 82' lang='lat' dir='ltr'>v.</span> <span class='ocrx_word' id='word_1_752' title='bbox 1223 4554 1263 4603; x_wconf 80' lang='lat'>14.</span> <span class='ocrx_word' id='word_1_753' title='bbox 1295 4547 1360 4601; x_wconf 90' lang='lat' dir='ltr'>Esa.</span> <span class='ocrx_word' id='word_1_754' title='bbox 1381 4552 1424 4614; x_wconf 88' lang='grc'>63,</span> <span class='ocrx_word' id='word_1_755' title='bbox 1449 4564 1475 4599; x_wconf 88' lang='lat' dir='ltr'>v.</span> <span class='ocrx_word' id='word_1_756' title='bbox 1495 4553 1519 4602; x_wconf 82' lang='lat'>9.</span> <span class='ocrx_word' id='word_1_757' title='bbox 1548 4545 1610 4599; x_wconf 86' lang='lat' dir='ltr'>Ose.</span> <span class='ocrx_word' id='word_1_758' title='bbox 1633 4552 1672 4614; x_wconf 93' lang='grc'>13,</span> <span class='ocrx_word' id='word_1_759' title='bbox 1690 4564 1716 4603; x_wconf 88' lang='lat' dir='ltr'>v.</span> <span class='ocrx_word' id='word_1_760' title='bbox 1738 4553 1777 4602; x_wconf 84' lang='lat' dir='ltr'>lt.</span> <span class='ocrx_word' id='word_1_761' title='bbox 1798 4553 1826 4601; x_wconf 87' lang='lat' dir='ltr'>et</span> 
     </span>
     <span class='ocr_line' id='line_1_51' title="bbox 124 4631 1825 4703; baseline -0.001 -15"><span class='ocrx_word' id='word_1_762' title='bbox 124 4640 165 4688; x_wconf 84' lang='lat'>30.</span> <span class='ocrx_word' id='word_1_763' title='bbox 195 4640 223 4688; x_wconf 90' lang='lat' dir='ltr'>et</span> <span class='ocrx_word' id='word_1_764' title='bbox 243 4638 284 4688; x_wconf 82' lang='lat'>31.</span> <span class='ocrx_word' id='word_1_765' title='bbox 309 4640 367 4685; x_wconf 90' lang='lat' dir='ltr'>tum</span> <span class='ocrx_word' id='word_1_766' title='bbox 384 4648 415 4683; x_wconf 82' lang='lat' dir='ltr'>ee</span> <span class='ocrx_word' id='word_1_767' title='bbox 436 4647 534 4699; x_wconf 86' lang='lat' dir='ltr'>opere,</span> <span class='ocrx_word' id='word_1_768' title='bbox 562 4632 627 4702; x_wconf 83' lang='lat' dir='ltr'>qnia</span> <span class='ocrx_word' id='word_1_769' title='bbox 647 4631 762 4703; x_wconf 89' lang='lat' dir='ltr'>angelus</span> <span class='ocrx_word' id='word_1_770' title='bbox 781 4632 827 4687; x_wconf 89' lang='lat' dir='ltr'>ille</span> <span class='ocrx_word' id='word_1_771' title='bbox 847 4640 960 4690; x_wconf 85' lang='lat' dir='ltr'>revocat</span> <span class='ocrx_word' id='word_1_772' title='bbox 988 4634 1082 4689; x_wconf 86' lang='lat' dir='ltr'>confer</span> <span class='ocrx_word' id='word_1_773' title='bbox 1107 4635 1268 4690; x_wconf 77' lang='lat' dir='ltr'>Forsterum</span> <span class='ocrx_word' id='word_1_774' title='bbox 1293 4635 1321 4688; x_wconf 90' lang='lat' dir='ltr'>in</span> <span class='ocrx_word' id='word_1_775' title='bbox 1345 4634 1438 4689; x_wconf 77' lang='lat' dir='ltr'>Leria.</span> <span class='ocrx_word' id='word_1_776' title='bbox 1461 4634 1489 4687; x_wconf 90' lang='lat' dir='ltr'>in</span> <span class='ocrx_word' id='word_1_777' title='bbox 1513 4633 1597 4688; x_wconf 89' lang='lat' dir='ltr'>verbo</span> <span class='ocrx_word' id='word_1_778' title='bbox 1621 4633 1687 4700; x_wconf 56' lang='lat' dir='ltr'>bgr,</span> <span class='ocrx_word' id='word_1_779' title='bbox 1722 4638 1749 4689; x_wconf 85' lang='grc'>3.</span> <span class='ocrx_word' id='word_1_780' title='bbox 1779 4637 1825 4687; x_wconf 82' lang='grc' dir='ltr'>Ειτ</span> 
     </span>
     <span class='ocr_line' id='line_1_52' title="bbox 123 4717 1824 4792; baseline 0 -18"><span class='ocrx_word' id='word_1_781' title='bbox 123 4720 309 4792; x_wconf 85' lang='lat' dir='ltr'>patriarcham</span> <span class='ocrx_word' id='word_1_782' title='bbox 340 4736 373 4773; x_wconf 86' lang='lat' dir='ltr'>ex</span> <span class='ocrx_word' id='word_1_783' title='bbox 398 4717 599 4787; x_wconf 85' lang='lat' dir='ltr'>Mesopotamia</span> <span class='ocrx_word' id='word_1_784' title='bbox 621 4719 650 4772; x_wconf 91' lang='lat' dir='ltr'>iu</span> <span class='ocrx_word' id='word_1_785' title='bbox 680 4719 819 4789; x_wconf 88' lang='lat' dir='ltr'>regionem</span> <span class='ocrx_word' id='word_1_786' title='bbox 850 4727 960 4790; x_wconf 90' lang='lat' dir='ltr'>patrum</span> <span class='ocrx_word' id='word_1_787' title='bbox 988 4722 1079 4775; x_wconf 73' lang='lat' dir='ltr'>cottiis</span> <span class='ocrx_word' id='word_1_788' title='bbox 1100 4721 1197 4773; x_wconf 79' lang='lat' dir='ltr'>&#39;clioini</span> <span class='ocrx_word' id='word_1_789' title='bbox 1217 4721 1390 4776; x_wconf 79' lang='lat' dir='ltr'>erisibitione.</span> <span class='ocrx_word' id='word_1_790' title='bbox 1425 4719 1549 4775; x_wconf 79' lang='lat' dir='ltr'>lacobus</span> <span class='ocrx_word' id='word_1_791' title='bbox 1574 4719 1647 4774; x_wconf 88' lang='lat' dir='ltr'>enim</span> <span class='ocrx_word' id='word_1_792' title='bbox 1674 4718 1770 4773; x_wconf 88' lang='lat' dir='ltr'>eadem</span> <span class='ocrx_word' id='word_1_793' title='bbox 1788 4721 1824 4775; x_wconf 89' lang='lat' dir='ltr'>ab</span> 
     </span>
     <span class='ocr_line' id='line_1_53' title="bbox 124 4804 1824 4877; baseline -0.001 -18"><span class='ocrx_word' id='word_1_794' title='bbox 124 4824 237 4861; x_wconf 92' lang='lat' dir='ltr'>suorum</span> <span class='ocrx_word' id='word_1_795' title='bbox 269 4806 339 4862; x_wconf 80' lang='lat' dir='ltr'>Gen.</span> <span class='ocrx_word' id='word_1_796' title='bbox 369 4810 416 4874; x_wconf 92' lang='grc'>31,</span> <span class='ocrx_word' id='word_1_797' title='bbox 448 4821 473 4858; x_wconf 86' lang='lat' dir='ltr'>v.</span> <span class='ocrx_word' id='word_1_798' title='bbox 504 4809 540 4859; x_wconf 86' lang='grc'>13,</span> <span class='ocrx_word' id='word_1_799' title='bbox 567 4804 595 4858; x_wconf 92' lang='lat' dir='ltr'>id</span> <span class='ocrx_word' id='word_1_800' title='bbox 619 4805 694 4876; x_wconf 87' lang='lat' dir='ltr'>quod</span> <span class='ocrx_word' id='word_1_801' title='bbox 720 4807 780 4874; x_wconf 87' lang='lat' dir='ltr'>ipse</span> <span class='ocrx_word' id='word_1_802' title='bbox 797 4807 905 4862; x_wconf 83' lang='lat' dir='ltr'>Jehova</span> <span class='ocrx_word' id='word_1_803' title='bbox 929 4825 958 4862; x_wconf 91' lang='lat' dir='ltr'>se</span> <span class='ocrx_word' id='word_1_804' title='bbox 988 4808 1040 4861; x_wconf 89' lang='lat' dir='ltr'>hoc</span> <span class='ocrx_word' id='word_1_805' title='bbox 1067 4807 1168 4877; x_wconf 90' lang='lat' dir='ltr'>angelo</span> <span class='ocrx_word' id='word_1_806' title='bbox 1187 4807 1271 4877; x_wconf 89' lang='lat' dir='ltr'>petit,</span> <span class='ocrx_word' id='word_1_807' title='bbox 1298 4823 1371 4876; x_wconf 91' lang='lat' dir='ltr'>quae</span> <span class='ocrx_word' id='word_1_808' title='bbox 1390 4823 1407 4860; x_wconf 90' lang='lat' dir='ltr'>a</span> <span class='ocrx_word' id='word_1_809' title='bbox 1427 4804 1487 4860; x_wconf 92' lang='lat' dir='ltr'>Deo</span> <span class='ocrx_word' id='word_1_810' title='bbox 1504 4805 1636 4874; x_wconf 88' lang='lat' dir='ltr'>petierat,</span> <span class='ocrx_word' id='word_1_811' title='bbox 1662 4823 1694 4860; x_wconf 87' lang='lat' dir='ltr'>ac</span> <span class='ocrx_word' id='word_1_812' title='bbox 1715 4806 1824 4876; x_wconf 86' lang='lat' dir='ltr'>aequali</span> 
     </span>
     <span class='ocr_line' id='line_1_54' title="bbox 125 4888 1824 4964; baseline 0 -20"><span class='ocrx_word' id='word_1_813' title='bbox 125 4892 262 4947; x_wconf 88' lang='lat' dir='ltr'>facturum</span> <span class='ocrx_word' id='word_1_814' title='bbox 277 4891 415 4962; x_wconf 88' lang='lat' dir='ltr'>promittit</span> <span class='ocrx_word' id='word_1_815' title='bbox 434 4888 505 4944; x_wconf 84' lang='lat' dir='ltr'>Gen.</span> <span class='ocrx_word' id='word_1_816' title='bbox 526 4894 567 4953; x_wconf 81' lang='grc'>23,</span> <span class='ocrx_word' id='word_1_817' title='bbox 587 4907 613 4944; x_wconf 91' lang='lat' dir='ltr'>v.</span> <span class='ocrx_word' id='word_1_818' title='bbox 635 4897 673 4947; x_wconf 83' lang='grc'>15.</span> <span class='ocrx_word' id='word_1_819' title='bbox 693 4891 765 4946; x_wconf 90' lang='lat' dir='ltr'>idem</span> <span class='ocrx_word' id='word_1_820' title='bbox 784 4894 901 4964; x_wconf 85' lang='lat' dir='ltr'>augelus</span> <span class='ocrx_word' id='word_1_821' title='bbox 916 4911 958 4947; x_wconf 87' lang='lat' dir='ltr'>sa·</span> <span class='ocrx_word' id='word_1_822' title='bbox 988 4894 1099 4949; x_wconf 88' lang='lat' dir='ltr'>omnino</span> <span class='ocrx_word' id='word_1_823' title='bbox 1126 4891 1231 4946; x_wconf 88' lang='lat' dir='ltr'>honore</span> <span class='ocrx_word' id='word_1_824' title='bbox 1258 4909 1321 4946; x_wconf 90' lang='lat' dir='ltr'>cum</span> <span class='ocrx_word' id='word_1_825' title='bbox 1347 4908 1413 4945; x_wconf 88' lang='lat' dir='ltr'>vero</span> <span class='ocrx_word' id='word_1_826' title='bbox 1430 4890 1557 4946; x_wconf 80' lang='lat' dir='ltr'>Johovah</span> <span class='ocrx_word' id='word_1_827' title='bbox 1575 4892 1667 4961; x_wconf 88' lang='lat' dir='ltr'>ipsum</span> <span class='ocrx_word' id='word_1_828' title='bbox 1685 4891 1824 4963; x_wconf 89' lang='lat' dir='ltr'>dignatur,</span> 
     </span>
     <span class='ocr_line' id='line_1_55' title="bbox 122 4974 1824 5050; baseline 0.001 -20"><span class='ocrx_word' id='word_1_829' title='bbox 122 4978 208 5032; x_wconf 82' lang='lat' dir='ltr'>lutem</span> <span class='ocrx_word' id='word_1_830' title='bbox 229 4979 338 5033; x_wconf 88' lang='lat' dir='ltr'>animae</span> <span class='ocrx_word' id='word_1_831' title='bbox 357 4976 465 5032; x_wconf 83' lang='lat' dir='ltr'>Jacobs</span> <span class='ocrx_word' id='word_1_832' title='bbox 491 4974 615 5044; x_wconf 84' lang='lat' dir='ltr'>confert,</span> <span class='ocrx_word' id='word_1_833' title='bbox 644 4994 728 5047; x_wconf 87' lang='lat' dir='ltr'>qnam</span> <span class='ocrx_word' id='word_1_834' title='bbox 750 4996 782 5033; x_wconf 85' lang='lat' dir='ltr'>ex</span> <span class='ocrx_word' id='word_1_835' title='bbox 807 4985 957 5050; x_wconf 88' lang='lat' dir='ltr'>conspectu</span> <span class='ocrx_word' id='word_1_836' title='bbox 989 4997 1050 5034; x_wconf 90' lang='lat' dir='ltr'>cnm</span> <span class='ocrx_word' id='word_1_837' title='bbox 1070 4979 1098 5032; x_wconf 91' lang='lat' dir='ltr'>in</span> <span class='ocrx_word' id='word_1_838' title='bbox 1117 4978 1318 5033; x_wconf 87' lang='lat' dir='ltr'>benedictionis</span> <span class='ocrx_word' id='word_1_839' title='bbox 1336 4994 1418 5047; x_wconf 88' lang='lat' dir='ltr'>opere</span> <span class='ocrx_word' id='word_1_840' title='bbox 1436 4994 1499 5032; x_wconf 90' lang='lat' dir='ltr'>enm</span> <span class='ocrx_word' id='word_1_841' title='bbox 1517 4995 1580 5033; x_wconf 91' lang='lat' dir='ltr'>cum</span> <span class='ocrx_word' id='word_1_842' title='bbox 1598 4995 1662 5032; x_wconf 91' lang='lat' dir='ltr'>vero</span> <span class='ocrx_word' id='word_1_843' title='bbox 1683 4978 1743 5033; x_wconf 88' lang='lat' dir='ltr'>Deo</span> <span class='ocrx_word' id='word_1_844' title='bbox 1760 4995 1824 5032; x_wconf 90' lang='lat' dir='ltr'>con·</span> 
     </span>
     <span class='ocr_line' id='line_1_56' title="bbox 123 5061 1823 5137; baseline -0.001 -20"><span class='ocrx_word' id='word_1_845' title='bbox 123 5064 208 5118; x_wconf 89' lang='lat' dir='ltr'>creati</span> <span class='ocrx_word' id='word_1_846' title='bbox 244 5064 338 5135; x_wconf 87' lang='lat' dir='ltr'>angeli</span> <span class='ocrx_word' id='word_1_847' title='bbox 375 5061 534 5134; x_wconf 86' lang='lat' dir='ltr'>patriarcha</span> <span class='ocrx_word' id='word_1_848' title='bbox 570 5062 695 5117; x_wconf 86' lang='lat' dir='ltr'>obtinere</span> <span class='ocrx_word' id='word_1_849' title='bbox 729 5081 785 5119; x_wconf 89' lang='lat' dir='ltr'>nou</span> <span class='ocrx_word' id='word_1_850' title='bbox 814 5066 958 5136; x_wconf 88' lang='lat' dir='ltr'>potuisset,</span> <span class='ocrx_word' id='word_1_851' title='bbox 983 5068 1094 5137; x_wconf 86' lang='lat' dir='ltr'>jungat.</span> <span class='ocrx_word' id='word_1_852' title='bbox 1145 5063 1220 5135; x_wconf 87' lang='lat' dir='ltr'>Ergo</span> <span class='ocrx_word' id='word_1_853' title='bbox 1260 5081 1316 5118; x_wconf 91' lang='lat' dir='ltr'>non</span> <span class='ocrx_word' id='word_1_854' title='bbox 1347 5062 1401 5117; x_wconf 90' lang='lat' dir='ltr'>fuit</span> <span class='ocrx_word' id='word_1_855' title='bbox 1428 5070 1538 5119; x_wconf 86' lang='lat' dir='ltr'>creatus</span> <span class='ocrx_word' id='word_1_856' title='bbox 1568 5063 1668 5134; x_wconf 89' lang='lat' dir='ltr'>aliquis</span> <span class='ocrx_word' id='word_1_857' title='bbox 1700 5064 1823 5133; x_wconf 88' lang='lat' dir='ltr'>angelus,</span> 
     </span>
     <span class='ocr_line' id='line_1_57' title="bbox 123 5147 1823 5224; baseline -0.002 -18"><span class='ocrx_word' id='word_1_858' title='bbox 123 5150 194 5206; x_wconf 84' lang='lat' dir='ltr'>Gen.</span> <span class='ocrx_word' id='word_1_859' title='bbox 215 5156 257 5206; x_wconf 79' lang='lat' dir='ltr'>ts.</span> <span class='ocrx_word' id='word_1_860' title='bbox 274 5169 298 5203; x_wconf 90' lang='lat' dir='ltr'>v.</span> <span class='ocrx_word' id='word_1_861' title='bbox 321 5156 359 5207; x_wconf 84' lang='grc'>16.</span> <span class='ocrx_word' id='word_1_862' title='bbox 379 5157 437 5204; x_wconf 89' lang='lat' dir='ltr'>tum</span> <span class='ocrx_word' id='word_1_863' title='bbox 456 5147 574 5217; x_wconf 89' lang='lat' dir='ltr'>denique</span> <span class='ocrx_word' id='word_1_864' title='bbox 595 5164 628 5200; x_wconf 85' lang='lat' dir='ltr'>err</span> <span class='ocrx_word' id='word_1_865' title='bbox 648 5149 732 5218; x_wconf 70' lang='lat' dir='ltr'>cultu</span> <span class='ocrx_word' id='word_1_866' title='bbox 750 5149 817 5220; x_wconf 91' lang='lat' dir='ltr'>quia</span> <span class='ocrx_word' id='word_1_867' title='bbox 833 5152 958 5206; x_wconf 82' lang='lat' dir='ltr'>Jacobns</span> <span class='ocrx_word' id='word_1_868' title='bbox 987 5152 1054 5223; x_wconf 90' lang='lat' dir='ltr'>quia</span> <span class='ocrx_word' id='word_1_869' title='bbox 1066 5149 1200 5206; x_wconf 90' lang='lat' dir='ltr'>nonlicet</span> <span class='ocrx_word' id='word_1_870' title='bbox 1218 5149 1358 5222; x_wconf 74' lang='grc' dir='ltr'><strong><em>λατρεύειν</em></strong></span> <span class='ocrx_word' id='word_1_871' title='bbox 1377 5151 1409 5224; x_wconf 75' lang='grc' dir='ltr'>τῇ</span> <span class='ocrx_word' id='word_1_872' title='bbox 1424 5155 1512 5205; x_wconf 80' lang='grc' dir='ltr'><strong><em>κτίσει</em></strong></span> <span class='ocrx_word' id='word_1_873' title='bbox 1528 5151 1603 5219; x_wconf 78' lang='grc' dir='ltr'><strong><em>παρὰ</em></strong></span> <span class='ocrx_word' id='word_1_874' title='bbox 1624 5149 1673 5205; x_wconf 84' lang='grc' dir='ltr'>τὸν</span> <span class='ocrx_word' id='word_1_875' title='bbox 1691 5155 1823 5204; x_wconf 83' lang='grc' dir='ltr'><strong><em>κτίσαντα</em></strong></span> 
     </span>
     <span class='ocr_line' id='line_1_58' title="bbox 124 5232 1823 5308; baseline 0 -18"><span class='ocrx_word' id='word_1_876' title='bbox 124 5237 188 5292; x_wconf 86' lang='lat' dir='ltr'>huic</span> <span class='ocrx_word' id='word_1_877' title='bbox 201 5237 301 5308; x_wconf 87' lang='lat' dir='ltr'>angelo</span> <span class='ocrx_word' id='word_1_878' title='bbox 314 5243 409 5291; x_wconf 85' lang='lat' dir='ltr'>votum</span> <span class='ocrx_word' id='word_1_879' title='bbox 423 5234 498 5301; x_wconf 88' lang='lat' dir='ltr'>fecit,</span> <span class='ocrx_word' id='word_1_880' title='bbox 517 5232 642 5301; x_wconf 69' lang='lat' dir='ltr'>Genti,</span> <span class='ocrx_word' id='word_1_881' title='bbox 658 5252 684 5288; x_wconf 89' lang='lat' dir='ltr'>v.</span> <span class='ocrx_word' id='word_1_882' title='bbox 703 5241 740 5292; x_wconf 88' lang='grc'>13.</span> <span class='ocrx_word' id='word_1_883' title='bbox 755 5237 958 5307; x_wconf 86' lang='lat' dir='ltr'>jamveronon</span> <span class='ocrx_word' id='word_1_884' title='bbox 986 5239 1065 5295; x_wconf 82' lang='lat' dir='ltr'>Rom.</span> <span class='ocrx_word' id='word_1_885' title='bbox 1095 5243 1124 5306; x_wconf 97' lang='grc'>1,</span> <span class='ocrx_word' id='word_1_886' title='bbox 1150 5254 1175 5291; x_wconf 86' lang='lat' dir='ltr'>v.</span> <span class='ocrx_word' id='word_1_887' title='bbox 1196 5242 1235 5291; x_wconf 84' lang='lat'>25.</span> <span class='ocrx_word' id='word_1_888' title='bbox 1262 5243 1312 5290; x_wconf 70' lang='grc' dir='ltr'>ποτ</span> <span class='ocrx_word' id='word_1_889' title='bbox 1336 5236 1454 5308; x_wconf 84' lang='lat' dir='ltr'>gloriam</span> <span class='ocrx_word' id='word_1_890' title='bbox 1480 5236 1531 5291; x_wconf 90' lang='lat' dir='ltr'>soli</span> <span class='ocrx_word' id='word_1_891' title='bbox 1555 5237 1618 5295; x_wconf 83' lang='lat' dir='ltr'>Dea¹</span> <span class='ocrx_word' id='word_1_892' title='bbox 1642 5235 1763 5290; x_wconf 89' lang='lat' dir='ltr'>debitam</span> <span class='ocrx_word' id='word_1_893' title='bbox 1788 5236 1823 5290; x_wconf 91' lang='lat' dir='ltr'>ad</span> 
     </span>
     <span class='ocr_line' id='line_1_59' title="bbox 125 5319 1823 5395; baseline 0 -18"><span class='ocrx_word' id='word_1_894' title='bbox 125 5324 190 5377; x_wconf 89' lang='lat' dir='ltr'>lieet</span> <span class='ocrx_word' id='word_1_895' title='bbox 207 5323 257 5377; x_wconf 89' lang='lat' dir='ltr'>ulli</span> <span class='ocrx_word' id='word_1_896' title='bbox 276 5328 420 5378; x_wconf 85' lang='lat' dir='ltr'>creaturae</span> <span class='ocrx_word' id='word_1_897' title='bbox 437 5337 545 5383; x_wconf 89' lang='lat' dir='ltr'>vovere,</span> <span class='ocrx_word' id='word_1_898' title='bbox 571 5319 620 5374; x_wconf 86' lang='lat' dir='ltr'>sed</span> <span class='ocrx_word' id='word_1_899' title='bbox 638 5320 683 5374; x_wconf 91' lang='lat' dir='ltr'>hic</span> <span class='ocrx_word' id='word_1_900' title='bbox 702 5321 793 5375; x_wconf 91' lang='lat' dir='ltr'>cultus</span> <span class='ocrx_word' id='word_1_901' title='bbox 810 5328 852 5376; x_wconf 89' lang='lat' dir='ltr'>est</span> <span class='ocrx_word' id='word_1_902' title='bbox 869 5325 954 5378; x_wconf 90' lang='lat' dir='ltr'>solius</span> <span class='ocrx_word' id='word_1_903' title='bbox 986 5324 1072 5378; x_wconf 85' lang='lat' dir='ltr'>allam</span> <span class='ocrx_word' id='word_1_904' title='bbox 1092 5327 1255 5385; x_wconf 87' lang='lat' dir='ltr'>creaturam,</span> <span class='ocrx_word' id='word_1_905' title='bbox 1271 5322 1355 5377; x_wconf 83' lang='lat' dir='ltr'>etiam</span> <span class='ocrx_word' id='word_1_906' title='bbox 1374 5322 1528 5395; x_wconf 83' lang='lat' dir='ltr'>angelicam</span> <span class='ocrx_word' id='word_1_907' title='bbox 1546 5320 1695 5376; x_wconf 88' lang='lat' dir='ltr'>transferre</span> <span class='ocrx_word' id='word_1_908' title='bbox 1704 5320 1770 5375; x_wconf 84' lang='lat' dir='ltr'>Esa.</span> <span class='ocrx_word' id='word_1_909' title='bbox 1780 5327 1823 5391; x_wconf 83' lang='grc'>12,</span> 
     </span>
     <span class='ocr_line' id='line_1_60' title="bbox 123 5406 1822 5481; baseline 0 -19"><span class='ocrx_word' id='word_1_910' title='bbox 123 5407 177 5462; x_wconf 89' lang='lat' dir='ltr'>Dei</span> <span class='ocrx_word' id='word_1_911' title='bbox 197 5409 332 5481; x_wconf 86' lang='lat' dir='ltr'>proprius.</span> <span class='ocrx_word' id='word_1_912' title='bbox 368 5409 412 5463; x_wconf 90' lang='lat' dir='ltr'>Ac</span> <span class='ocrx_word' id='word_1_913' title='bbox 432 5408 493 5478; x_wconf 91' lang='lat' dir='ltr'>ipsa</span> <span class='ocrx_word' id='word_1_914' title='bbox 510 5411 603 5461; x_wconf 84' lang='lat' dir='ltr'>textus</span> <span class='ocrx_word' id='word_1_915' title='bbox 620 5406 759 5461; x_wconf 88' lang='lat' dir='ltr'>evidentia</span> <span class='ocrx_word' id='word_1_916' title='bbox 779 5407 957 5464; x_wconf 87' lang='lat' dir='ltr'>manifestum</span> <span class='ocrx_word' id='word_1_917' title='bbox 985 5429 1009 5466; x_wconf 91' lang='lat' dir='ltr'>v.</span> <span class='ocrx_word' id='word_1_918' title='bbox 1037 5417 1061 5466; x_wconf 83' lang='lat'>8.</span> <span class='ocrx_word' id='word_1_919' title='bbox 1099 5406 1224 5465; x_wconf 83' lang='lat' dir='ltr'>Jacobus</span> <span class='ocrx_word' id='word_1_920' title='bbox 1248 5408 1285 5462; x_wconf 86' lang='lat' dir='ltr'>ab</span> <span class='ocrx_word' id='word_1_921' title='bbox 1308 5408 1361 5464; x_wconf 90' lang='lat' dir='ltr'>hoc</span> <span class='ocrx_word' id='word_1_922' title='bbox 1384 5408 1483 5480; x_wconf 88' lang='lat' dir='ltr'>angelo</span> <span class='ocrx_word' id='word_1_923' title='bbox 1505 5408 1578 5479; x_wconf 90' lang='lat' dir='ltr'>petit</span> <span class='ocrx_word' id='word_1_924' title='bbox 1600 5407 1822 5463; x_wconf 87' lang='lat' dir='ltr'>benedictionem</span> 
     </span>
    </p>
   </div>
   <div class='ocr_carea' id='block_1_3' title="bbox 122 5490 1822 5568">
    <p class='ocr_par' dir='ltr' id='par_1_3' title="bbox 122 5490 1822 5568">
     <span class='ocr_line' id='line_1_61' title="bbox 122 5490 1822 5568; baseline 0.002 -16"><span class='ocrx_word' id='word_1_925' title='bbox 122 5496 197 5561; x_wconf 83' lang='lat' dir='ltr'>iacit,</span> <span class='ocrx_word' id='word_1_926' title='bbox 216 5493 402 5567; x_wconf 87' lang='lat' dir='ltr'>patriercham</span> <span class='ocrx_word' id='word_1_927' title='bbox 421 5509 477 5547; x_wconf 90' lang='lat' dir='ltr'>uon</span> <span class='ocrx_word' id='word_1_928' title='bbox 495 5497 588 5547; x_wconf 86' lang='lat' dir='ltr'>creato</span> <span class='ocrx_word' id='word_1_929' title='bbox 606 5490 690 5547; x_wconf 83' lang='lat' dir='ltr'>alicui</span> <span class='ocrx_word' id='word_1_930' title='bbox 707 5493 815 5565; x_wconf 86' lang='lat' dir='ltr'>angelo,</span> <span class='ocrx_word' id='word_1_931' title='bbox 833 5495 882 5551; x_wconf 88' lang='lat' dir='ltr'>sed</span> <span class='ocrx_word' id='word_1_932' title='bbox 902 5496 956 5567; x_wconf 86' lang='lat' dir='ltr'>ipsi</span> <span class='ocrx_word' id='word_1_933' title='bbox 985 5496 1042 5552; x_wconf 88' lang='lat' dir='ltr'>suis</span> <span class='ocrx_word' id='word_1_934' title='bbox 1061 5493 1217 5568; x_wconf 87' lang='lat' dir='ltr'>nepotibus.</span> <span class='ocrx_word' id='word_1_935' title='bbox 1249 5494 1313 5553; x_wconf 78' lang='lat' dir='ltr'>dam</span> <span class='ocrx_word' id='word_1_936' title='bbox 1334 5511 1400 5553; x_wconf 87' lang='lat' dir='ltr'>vero</span> <span class='ocrx_word' id='word_1_937' title='bbox 1419 5500 1450 5550; x_wconf 88' lang='lat' dir='ltr'>ut</span> <span class='ocrx_word' id='word_1_938' title='bbox 1469 5511 1489 5549; x_wconf 84' lang='lat' dir='ltr'>a</span> <span class='ocrx_word' id='word_1_939' title='bbox 1506 5495 1566 5550; x_wconf 90' lang='lat' dir='ltr'>solo</span> <span class='ocrx_word' id='word_1_940' title='bbox 1583 5493 1644 5549; x_wconf 91' lang='lat' dir='ltr'>Deo</span> <span class='ocrx_word' id='word_1_941' title='bbox 1665 5494 1755 5551; x_wconf 87' lang='lat' dir='ltr'>omnis</span> <span class='ocrx_word' id='word_1_942' title='bbox 1774 5494 1822 5555; x_wconf 77' lang='lat' dir='ltr'>be·</span> 
     </span>
    </p>
   </div>
   <div class='ocr_carea' id='block_1_4' title="bbox 0 0 2056 6006">
    <p class='ocr_par' dir='ltr' id='par_1_4' title="bbox 0 0 2056 6006">
     <span class='ocr_line' id='line_1_62' title="bbox 0 0 2056 6006; baseline 0 0"><span class='ocrx_word' id='word_1_943' title='bbox 0 0 2056 6006; x_wconf 95' lang='lat' dir='ltr'> </span> 
     </span>
    </p>
   </div>
  </div>
 </body>
</html>
