4104 6014
867 218 919 274 nn
942 217 1083 279 noers.
1752 232 1812 292 usa
1847 251 1848 255 ¹

112 378 235 428 extremo
252 373 361 445 judicio
385 373 501 430 habehit
519 374 603 430 finem
621 391 656 429 ex
673 373 821 445 hypothesi
847 372 952 428 Bellar·
979 376 1152 442 euangelista
1167 392 1309 429 sumamus
1327 379 1492 446 ecemplum,
1509 377 1575 431 huic
1590 378 1671 431 nullo
1689 383 1814 444 tempore

112 458 189 512 mini
236 457 313 530 Ergo
343 459 373 513 in
398 459 507 530 iudicio
530 460 600 514 nulli
626 464 805 532 supererunt,
835 458 883 530 qui
907 459 951 513 rel
979 459 1152 529 blasphemio
1171 462 1334 518 remittetur.
1362 460 1525 518 Ambrosius
1544 461 1580 517 de
1592 460 1697 533 Spiritu
1715 467 1813 517 sancto

112 543 265 598 venialium
296 550 475 616 peccatorum
511 546 677 616 purgatione
707 544 870 615 indigeant,
906 543 951 599 rel
977 543 1024 601 lib.
1047 551 1068 601 t.
1087 563 1147 617 cap.
1167 553 1198 605 ³:
1225 548 1286 601 Nec
1303 547 1363 614 hie,
1390 549 1487 602 necin
1504 549 1634 610 murum
1650 547 1812 603 remittatur.

111 645 203 701 poena
233 629 352 699 alicnjus
380 631 540 702 temporalis
566 632 623 686 sint
647 630 793 687 debitores.
838 629 949 700 Neque·
976 629 1038 684 libr.
1059 637 1083 687 2.
1100 632 1136 687 (10
1153 633 1255 702 poenit.
1274 650 1338 703 cap.
1357 640 1381 689 t.
1398 652 1455 687 uon
1472 633 1629 687 remittetur
1645 632 1811 686 hominihus.

111 733 195 786 qum
227 731 293 770 vcro
323 715 351 770 in
394 715 446 770 hac
484 717 666 788 explicatione
703 715 876 787 quorundam
917 732 950 770 ex
976 716 1081 771 Eodem
1101 719 1183 772 modo
1205 718 1417 790 chrysostomus
1438 718 1566 790 explicat.
1600 724 1625 774 2.
1641 718 1813 788 Augustinus

112 801 213 856 nocuis
233 801 375 866 macritur,
396 802 533 873 quaedam
552 809 676 873 peccata,
696 818 769 872 quae
787 802 815 856 in
829 801 951 856 haesita
978 817 1010 854 ex
1028 802 1131 859 Christi
1148 802 1241 858 rerhis
1261 805 1306 858 rel
1324 809 1459 876 tanquam
1485 803 1670 860 necessarium
1690 800 1813 875 πόρισμα

113 903 168 941 non
186 893 253 941 sunt
269 887 391 952 remissa,
411 887 440 941 in
450 888 559 958 iudicio
577 888 689 953 remitti,
708 888 757 942 sed
771 904 842 958 quae
856 887 884 941 in
898 886 950 941 hac
978 887 1106 960 collegit,
1130 894 1248 959 peccata
1273 890 1409 960 quaedam
1430 891 1459 944 in
1479 889 1573 944 iuturo
1590 889 1684 943 seculo
1702 889 1813 951 remitti,

113 971 172 1026 rita
188 973 304 1028 remissa
321 978 402 1037 sunt,
433 974 536 1028 remitti
556 974 640 1029 etiam
658 974 824 1044 injudicio,
850 973 878 1027 id
909 980 951 1026 est
977 973 1022 1027 vel
1045 979 1179 1046 tanquam
1202 974 1360 1045 opinionem
1388 974 1527 1046 quandam
1557 974 1737 1045 probabilem.
1783 972 1813 1030 Si

113 1058 229 1112 remissa
247 1059 373 1126 ostendi,
398 1076 472 1129 quae
495 1059 663 1114 remissionis
687 1059 875 1114 manifestatio
898 1059 951 1113 erit
977 1058 1114 1128 posterius
1139 1077 1194 1114 non
1218 1066 1312 1130 potest
1336 1062 1526 1131 purgatorium
1551 1060 1648 1114 haberi
1675 1076 1725 1131 pro
1744 1058 1810 1114 fidei

113 1142 227 1213 publica
255 1150 284 1198 et
310 1143 432 1199 solennis
461 1145 630 1200 remissionis
660 1145 689 1198 in
713 1143 765 1200 hac
784 1145 842 1200 rita
858 1145 950 1199 factae
976 1145 1103 1213 articulo,
1123 1147 1189 1216 quia
1205 1145 1273 1202 tides
1292 1153 1335 1202 est
1346 1148 1383 1201 de
1400 1145 1574 1212 necessariis,
1586 1163 1642 1200 non
1661 1145 1696 1199 de
1712 1144 1812 1214 proba·

114 1228 294 1284 ammaus.
961 1210 1094 1298 100000
1114 1230 1184 1288 fides
1196 1239 1240 1287 esc
1257 1238 1334 1288 cera
1348 1233 1472 1300 serenes,
1490 1248 1545 1287 non
1558 1231 1693 1286 vacillans
1705 1232 1808 1301 opinio.

147 1321 207 1372 251.
248 1323 271 1370 t.
296 1316 369 1370 Sunt
397 1316 446 1387 qni
473 1317 502 1370 in
529 1316 620 1372 rerhis
648 1316 751 1372 Christi
780 1316 948 1387 hypothesin
978 1316 1007 1371 si
1026 1317 1118 1387 prius,
1136 1334 1187 1372 cur
1204 1319 1264 1388 ipse
1284 1318 1459 1391 Augustinus
1479 1318 1514 1372 de
1534 1317 1584 1371 tali
1604 1317 1726 1387 quodam
1745 1335 1813 1389 pur-

114 1401 253 1472 qnandam
272 1399 412 1456 ἀδύνατον
429 1410 600 1474 agnoscunt,
620 1402 712 1474 qualis
728 1402 811 1457 etiam
829 1402 951 1456 occurrit
975 1403 1084 1473 gaterio
1112 1403 1254 1458 dubitarit
1280 1421 1313 1458 ac
1338 1404 1496 1459 titubanter
1526 1403 1561 1457 de
1588 1418 1621 1458 00
1650 1403 1733 1458 etiam
1749 1409 1813 1475 post

114 1486 180 1542 alibi
198 1489 227 1542 in
247 1486 404 1558 scripturis.
447 1488 546 1543 Matth.
567 1492 614 1554 24,
642 1505 667 1542 r.
694 1494 741 1543 tt:
769 1489 949 1557 1000010000-
975 1487 1052 1542 illam
1070 1488 1246 1545 collationem
1264 1489 1374 1544 locutus
1392 1490 1459 1545 est?
1491 1487 1592 1544 Statim
1607 1489 1681 1543 enim
1700 1487 1813 1559 subjicit

109 1575 211 1643 010100
231 1573 337 1626 dabunt
357 1574 498 1643 prodigia
517 1574 622 1641 multa,
648 1575 690 1627 sta
714 1581 745 1627 ut
769 1575 799 1627 in
823 1590 949 1627 errorem
976 1591 1035 1645 cap.
1056 1580 1096 1629 26.
1115 1591 1172 1645 seq.
1192 1592 1247 1628 non
1265 1576 1417 1645 redarguo,
1438 1575 1505 1647 quia
1525 1577 1631 1641 forsan
1647 1592 1741 1630 uerum
1761 1582 1811 1643 est,

113 1661 295 1727 inducontur,
319 1660 347 1711 si
362 1660 428 1724 fieri
442 1668 555 1728 posset,
582 1661 667 1712 etiam
684 1661 774 1714 electi.
811 1658 903 1714 Galat.
927 1665 949 1728 1,
976 1661 1011 1714 de
1029 1677 1085 1732 qua
1103 1661 1235 1732 loquendi
1251 1660 1372 1715 formula
1388 1679 1412 1715 c.
1430 1667 1471 1716 24.
1490 1662 1530 1716 sic
1550 1662 1719 1733 pronuntiat,
1737 1663 1814 1732 guod

114 1763 137 1800 r.
157 1751 187 1801 8:
208 1744 242 1799 sa·
257 1745 376 1813 angelus
394 1762 409 1798 0
429 1747 507 1799 00010
528 1746 611 1798 aliud
628 1747 805 1816 euangeliset,
824 1755 949 1815 praeter·
975 1747 1088 1816 quidem
1109 1765 1165 1800 non
1178 1748 1248 1801 'ideo
1266 1749 1415 1816 confirmo,
1444 1749 1511 1816 quia
1537 1766 1593 1802 non
1620 1749 1719 1802 resisto
1752 1745 1812 1812 (ubi

114 1848 198 1899 quam
217 1831 465 1898 evangelizavimus
484 1831 569 1897 uobis,
591 1832 740 1884 anathemo
757 1834 801 1886 sit.
844 1840 866 1888 1.
887 1832 948 1887 Cor.
976 1833 1011 1888 de
1030 1832 1204 1904 mitigatione
1222 1850 1374 1903 poenarum
1393 1832 1570 1888 infernalium
1588 1850 1639 1904 per
1658 1832 1711 1888 Dei
1728 1832 1810 1887 mise·

115 1920 160 1984 13,
186 1934 212 1971 r.
232 1921 262 1971 t:
286 1917 320 1970 Si
337 1917 460 1972 1010000
479 1934 584 1970 omnen
603 1919 702 1983 fidem,
730 1919 875 1972 caritatem
893 1936 949 1972 000
973 1919 1120 1974 ricordiam
1132 1918 1274 1989 loquitur).
1304 1918 1383 1975 Cous.
1394 1918 1442 1973 lib.
1460 1920 1496 1973 de
1508 1918 1555 1975 fid.
1569 1927 1597 1975 et
1608 1918 1713 1990 operih.
1731 1936 1755 1974 0.
1771 1924 1811 1975 11.

112 2002 417 2070 1010000111οιιο
456 2002 587 2059 Brentius
605 2010 749 2074 peceatum
768 2004 797 2057 in
815 2004 948 2073 Spiritum
974 2004 1003 2059 in
1022 2005 1203 2061 eschetii.
1232 2003 1272 2058 st
1289 2003 1325 2060 de
1345 2004 1475 2076 dogmate
1493 2005 1528 2058 ad
1549 2005 1667 2060 salutern
1687 2004 1759 2059 scitu
1777 2020 1811 2059 ac

112 2096 238 2143 sanctum
269 2088 337 2142 dicit
366 2105 443 2157 esse,
468 2090 544 2160 quod
574 2087 607 2143 fit
630 2090 758 2161 justitiae
782 2089 895 2144 fastidio
914 2106 948 2144 ex
975 2091 1081 2146 creditu
1099 2089 1226 2146 omnihus
1246 2090 1414 2158 necessario,
1438 2091 1513 2161 quod
1537 2090 1585 2161 qui
1604 2108 1660 2145 non
1686 2090 1812 2155 credunt,

114 2174 234 2240 malitia,
252 2173 323 2228 illud
342 2191 395 2229 nec
414 2175 445 2227 in
465 2175 516 2229 hoc
533 2177 642 2244 seculo,
668 2176 698 2230 id
716 2182 758 2230 est
771 2176 879 2247 judicio
898 2175 948 2229 hu·
974 2177 1094 2232 aeternis
1112 2176 1212 2232 inierni
1236 2176 1354 2230 flammis
1372 2176 1513 2231 cruciandi
1532 2182 1611 2245 sunt,
1636 2175 1811 2247 Augustinus

113 2277 211 2329 mano,
239 2276 330 2331 neque
363 2262 395 2313 s'n
417 2262 533 2330 futuro,
565 2260 593 2313 id
621 2267 664 2315 est
683 2260 834 2330 injudicio
854 2261 948 2314 divino
975 2280 1120 2335 nunquam
1139 2263 1238 2317 fuisset
1262 2279 1294 2317 eo
1320 2262 1403 2318 modo
1428 2263 1546 2318 locutus.
1593 2268 1617 2318 3.
1635 2261 1810 2334 Augustinus

113 2347 239 2404 excusari
262 2353 360 2416 potest
405 2347 509 2401 Contra
534 2363 599 2401 vero
624 2355 770 2417 peccatum
794 2347 822 2401 in
846 2347 947 2401 Filium
974 2351 1048 2405 hunc
1066 2351 1157 2405 locum
1180 2350 1374 2405 accommodat
1399 2366 1454 2405 uon
1475 2350 1513 2404 ad
1532 2350 1725 2422 purgatorium
1743 2354 1807 2420 post

113 2433 181 2488 dicit
199 2449 273 2496 esse,
292 2433 367 2503 quad
385 2449 419 2487 ex
437 2431 598 2487 infirmitate
614 2433 789 2486 commissum
808 2439 858 2501 est,
878 2432 947 2487 illud
974 2441 1089 2491 martem
1108 2436 1203 2490 statim
1223 2435 1424 2504 sustinendum,
1443 2436 1492 2490 sed
1505 2429 1661 2507 ad'poenas
1680 2440 1811 2506 purgate

112 2519 177 2574 licet
193 2535 249 2574 non
268 2534 362 2573 coram
381 2519 482 2588 divino,
503 2535 596 2572 coram
616 2518 737 2573 humano
757 2525 849 2574 tamen
868 2536 948 2573 excu·
973 2522 1029 2576 rias
1048 2539 1099 2593 per
1117 2522 1211 2592 ignem
1229 2520 1274 2575 die
1291 2521 1440 2577 novissimo
1461 2521 1584 2593 futuras,
1613 2539 1663 2592 per
1681 2521 1807 2575 futurum

113 2604 167 2658 sari
185 2611 277 2674 potest
293 2603 417 2674 judicio;
442 2620 515 2675 quae
534 2604 727 2673 interpretatio
751 2621 806 2658 non
823 2604 912 2659 solum
931 2621 948 2658 a
973 2608 1058 2680 igitur
1068 2607 1192 2663 seculum
1205 2607 1341 2662 intellexit
1353 2607 1426 2662 diem
1438 2608 1626 2676 novissimum,
1640 2607 1715 2663 unde
1727 2608 1812 2662 etiam

112 2690 227 2745 Brentio
243 2689 337 2746 homil.
359 2695 414 2747 105.
442 2690 471 2744 in
504 2690 573 2745 Luc.
605 2709 632 2761 p.
657 2696 727 2746 1095.
749 2697 778 2744 01
801 2691 830 2744 in
848 2692 946 2746 Matth.
974 2695 1023 2751 lib.
1036 2699 1060 2749 6.
1072 2698 1160 2755 00010.
1180 2694 1285 2750 Julian.
1304 2710 1328 2748 0.
1343 2700 1367 2750 5.
1387 2694 1520 2764 disputat,
1540 2696 1678 2764 quaedam
1692 2701 1813 2765 peccato

113 2793 140 2846 p.
159 2782 221 2832 253.
241 2777 290 2831 sed
309 2776 393 2831 etiam
413 2776 550 2829 communi
574 2775 766 2847 theologorum
786 2776 948 2848 'Ihbingcn-
975 2782 1003 2832 in
1022 2780 1172 2833 nouissimo
1184 2779 1300 2849 judicio
1319 2781 1437 2833 0001000
1457 2781 1504 2833 iri.
1541 2780 1581 2833 At
1597 2778 1736 2834 Pontificii
1754 2785 1809 2833 sta-

114 2863 182 2916 sinm
211 2861 322 2916 nomine
343 2861 508 2932 proponitur
536 2861 565 2914 in
589 2864 720 2933 apologia
744 2871 832 2917 centn
850 2865 948 2918 Sotnm
974 2871 1065 2934 tnunt,
1082 2865 1274 2936 purgatorium
1299 2883 1379 2920 suum
1402 2865 1432 2920 iu
1451 2866 1496 2920 die
1512 2865 1612 2935 judicii
1632 2866 1810 2935 exstinguen-

112 2964 175 3019 pag.
201 2952 260 3003 ert.
289 2962 322 3001 ac
348 2946 522 3002 defensorem
546 2955 630 3002 nacta
652 2954 694 3002 est
719 2947 849 3003 Carolum
871 2950 948 3004 Moli·
975 2953 1049 3009 dum.
1085 2958 1109 3007 t.
1141 2951 1218 3005 Idem
1252 2969 1330 3008 serm.
1351 2957 1390 3007 11.
1421 2951 1456 3006 (10
1483 2951 1558 3007 rerh.
1589 2950 1702 3007 Domini
1719 2951 1811 3005 locum

112 3051 213 3090 uacum
237 3032 266 3087 in
297 3033 391 3089 collat.
421 3033 547 3104 evangel.
577 3050 640 3104 pag.
670 3039 724 3089 130.
772 3036 813 3087 At
837 3035 949 3090 Marcus
974 3038 1051 3092 illum
1063 3055 1119 3092 non
1131 3039 1370 3093 accommodatad
1388 3038 1587 3109 purgatorium,
1606 3037 1655 3092 sed
1676 3036 1710 3091 de
1721 3052 1808 3106 nega·

112 3120 198 3175 rerba
214 3118 349 3173 Matthaei
369 3119 532 3190 simpliciter
553 3119 767 3189 iuterpretatur,
789 3139 845 3175 non
866 3123 947 3175 date-
974 3123 1049 3178 tione
1083 3123 1213 3178 absoluta
1243 3123 1387 3179 nobiscum
1422 3129 1497 3177 reete
1538 3122 1668 3193 explicat.
1725 3121 1809 3184 Quod

114 3207 152 3261 hit
170 3206 361 3259 remissionem
378 3207 409 3258 in
428 3213 580 3263 oeternum.
616 3205 674 3258 Alii
693 3206 861 3276 existimant,
879 3207 948 3263 haec
974 3210 1185 3279 scriptumest,
1214 3209 1318 3281 inquit,
1349 3226 1404 3262 non
1433 3207 1543 3262 habebit
1570 3207 1762 3261 remissionem
1780 3208 1811 3261 in

113 3292 278 3362 accipienda
310 3290 372 3347 καθ’
409 3290 567 3361 ὑπόληψιν,
605 3292 757 3346 secundum
791 3293 949 3364 opinionem
975 3303 1132 3358 aeternum,
1155 3298 1207 3350 scd
1225 3312 1290 3352 raus
1310 3296 1362 3347 erit
1377 3295 1484 3349 oetems'
1503 3295 1612 3361 delicti,
1635 3294 1706 3362 quid
1727 3293 1813 3347 atiud

113 3380 238 3441 illorum,
257 3379 306 3449 qui
325 3379 438 3434 tandem
459 3378 611 3450 aliquando
629 3380 752 3432 omnium
769 3387 947 3450 peecatorum
975 3391 1028 3452 eet,
1059 3399 1142 3451 quam
1171 3383 1205 3434 id
1223 3383 1300 3450 quod
1322 3383 1472 3435 secundum
1492 3381 1670 3434 Mattiacum
1686 3379 1811 3450 legitur!

113 3465 302 3520 remissionem
326 3464 356 3518 in
385 3464 479 3519 futuro
509 3465 605 3520 seculo
635 3464 845 3520 subsecuturam
875 3466 947 3522 arbi·
974 3487 1030 3523 non
1047 3468 1203 3521 remittetur
1228 3468 1267 3532 ci,
1296 3482 1383 3534 00000
1415 3467 1445 3519 in
1471 3467 1523 3520 100
1544 3483 1632 3535 nepae
1656 3466 1687 3519 in
1708 3467 1810 3530 futuro

113 3557 237 3619 trsntur,
262 3555 410 3622 postquam
429 3551 553 3606 damnati
571 3552 600 3605 in
618 3550 725 3606 inferno
745 3553 813 3606 satis
832 3553 881 3607 diu
902 3571 947 3609 ex·
975 3555 1077 3609 000010.

113 3637 274 3692 carnificati.
340 3636 459 3699 Quidam
495 3637 682 3708 respondent,
720 3639 813 3707 10000
849 3641 948 3693 mortis
1010 3645 1070 3697 253.
1108 3645 1131 3694 2.
1150 3638 1309 3695 Secundum
1329 3643 1523 3709 argumentum
1541 3639 1613 3709 petit
1623 3637 1810 3694 Bellarminus
1824 3643 1889 3687 xvn.
1903 3643 1950 3686 211

113 3723 274 3791 articulum,
291 3724 321 3776 in
340 3725 569 3792 000100οή0100
583 3725 769 3777 absolutionis
780 3726 949 3793 quibusdam
975 3744 1008 3781 ex
1037 3734 1059 3782 1.
1077 3724 1139 3779 Cor.
1161 3731 1193 3793 ³,
1217 3741 1243 3781 r.
1265 3730 1311 3779 12:
1346 3725 1381 3778 Si
1404 3724 1468 3793 quis
1490 3724 1709 3796 superaedificat
1725 3710 1903 3805 ωιρονξζξζ,
1915 3762 1936 3812 ι

113 3810 265 3879 contingit,
277 3811 383 3878 futuro
402 3811 495 3863 seculo
514 3810 713 3877 annumerari,
730 3826 793 3864 eum
813 3810 850 3864 sit
869 3812 948 3881 quasi
974 3813 1189 3876 fundamentum
1208 3811 1259 3864 doc
1282 3826 1396 3878 cumam,
1424 3818 1585 3878 arpentum,
1608 3809 1723 3879 lapides
1743 3826 1809 3878 pre-
1822 3813 1904 3906 {iffi

10 3907 100 3951 111110.
114 3897 267 3952 communis
284 3897 418 3951 terminus
443 3897 587 3966 utriusque
604 3896 698 3963 seculi,
717 3897 898 3968 ejusdemque
919 3898 948 3951 in
975 3900 1076 3961 tiosos,
1096 3896 1190 3966 ligno,
1207 3897 1332 3965 foenum,
1349 3895 1464 3965 stipula,
1485 3913 1511 3948 r.
1533 3900 1571 3953 13.
1590 3896 1809 3964 unuscujusque
1822 3917 1938 3967 srttqrut

114 3990 259 4053 praesente
277 3989 306 4038 et
324 3989 458 4054 pereunte
471 3983 564 4038 seculo
577 3982 670 4036 nullus
685 3981 805 4053 amplius
822 3982 859 4036 sit
872 4001 948 4041 usus.
976 4000 1046 4053 opus
1061 3984 1241 4046 manifestam
1261 3982 1323 4036 erit.
1363 3981 1435 4035 Dies
1457 3981 1530 4034 enim
1544 3981 1664 4034 Dourini
1681 3971 1957 4034 declam-⁹⁰¹¹ffl't

114 4070 170 4125 Sed
205 4068 282 4124 hisce
317 4067 545 4139 explicationibus
579 4084 629 4122 nos
658 4084 713 4121 non
749 4068 867 4137 utimur,
904 4087 948 4124 re·
976 4073 1027 4140 tit,
1047 4069 1116 4138 quia
1133 4069 1164 4122 in
1188 4070 1252 4137 ipae
1272 4066 1444 4121 revelabitur
1460 4075 1485 4120 et
1502 4068 1723 4136 uniucujusque
1741 4082 1811 4134 opus

114 4174 174 4209 rum
211 4155 241 4209 in
278 4155 351 4209 datis
392 4153 580 4223 responsionis
622 4153 752 4209 membris
798 4155 949 4225 acquiesci·
976 4157 1060 4226 00010
1079 4154 1207 4224 ss't'ipnie
1221 4153 1361 4223 00010111.
1387 4169 1412 4208 r.
1434 4157 1473 4207 11.
1495 4153 1529 4207 Si
1542 4153 1623 4218 cujus
1644 4168 1715 4220 opus
1734 4168 1811 4205 man-

115 4259 184 4297 mus.
326 4236 334 4246 '
975 4243 1057 4310 serit,
1093 4242 1169 4309 quod
1199 4238 1460 4308 superaedificavit,
1494 4239 1646 4292 mercedem
1676 4237 1811 4304 accipie&

149 4333 206 4382 252.
251 4332 275 4382 8.
301 4325 452 4396 Augustini
480 4324 630 4396 explicatio
657 4331 755 4380 contra
779 4343 830 4379 nos
857 4327 950 4397 urgeri
976 4344 1002 4383 r.
1026 4333 1065 4382 15.
1088 4329 1114 4378 01
1131 4325 1213 4392 cairus
1232 4340 1302 4392 opus
1321 4324 1439 4386 arserit,
1464 4323 1657 4376 detrimentem
1676 4323 1810 4391 patietur,

114 4413 225 4484 nequit,
246 4418 267 4467 1.
286 4411 352 4482 quia
372 4417 437 4464 ante
459 4411 648 4482 Augustinum
666 4411 797 4466 nonfuit
819 4411 949 4482 interpre·
980 4415 1041 4482 ipae
1059 4419 1151 4465 00100
1170 4411 1266 4465 saluus
1294 4410 1348 4463 erit
1367 4409 1451 4479 00001
1473 4424 1530 4477 per
1552 4408 1653 4477 ipram.
1697 4407 1739 4461 Ex
1758 4408 1810 4461 hoc

114 4500 182 4553 tatio
200 4498 249 4552 illa
273 4498 302 4551 in
321 4496 440 4552 ecclesia
465 4503 591 4568 recepta,
618 4497 789 4551 Athanasius
816 4497 845 4553 in
877 4498 950 4553 hune
977 4500 1037 4554 1000
1054 4496 1239 4553 Bellarminus
1259 4494 1335 4565 dicit,
1355 4494 1509 4550 Catholicae
1527 4499 1649 4548 statuere
1669 4494 1725 4548 duo
1744 4495 1811 4566 dog·

114 4584 248 4640 Matthaei
276 4584 367 4638 locum
396 4584 536 4654 integrum
563 4591 713 4639 mactatum
739 4584 866 4654 scripsit,
900 4586 949 4639 sed
978 4581 1261 4647 mataecclesiastica,
1277 4581 1478 4650 purgatorium
1498 4586 1526 4635 et
1544 4581 1669 4634 venialia
1683 4591 1811 4650 peccota.

116 4671 243 4741 nuspiam
260 4675 436 4740 peccatorum
453 4671 626 4740 quorundam
638 4671 667 4724 in
681 4672 843 4741 purgatorio
855 4671 950 4724 remis·
978 4668 1200 4740 Applicationem
1224 4668 1356 4738 proponit
1382 4666 1556 4738 hujusmodi:
1588 4668 1682 4721 Utitur
1700 4677 1812 4738 aposto·

114 4757 218 4812 sionem
249 4757 308 4812 fore
332 4757 429 4811 innuit.
472 4756 598 4810 Hilarius
626 4756 654 4810 in
684 4756 784 4810 Motth.
814 4774 874 4827 cap.
903 4762 948 4812 12:
976 4757 1022 4810 las
1033 4754 1219 4810 similitudine
1233 4757 1354 4807 deorsum
1368 4753 1592 4818 architectorum,
1609 4770 1727 4822 quarum
1740 4770 1813 4807 unus

114 4844 337 4897 Pharisaeorum
350 4843 565 4913 peruersitatem
589 4843 766 4897 000001001οα
786 4844 950 4907 definitione
976 4859 1061 4912 super
1090 4842 1309 4908 fundamentum
1340 4839 1486 4908 lapideum
1522 4847 1548 4893 01
1577 4841 1702 4894 00110100
1733 4840 1814 4906 eripit

113 4931 294 4994 condemnat,
312 4936 494 4997 peccatorum
519 4926 641 4980 omnium
658 4928 768 4981 reniam
782 4930 950 4998 promittens
977 4932 1089 4984 110000
1118 4944 1150 4980 ec
1175 4927 1306 4996 pretiosa
1333 4925 1453 4979 materia
1477 4932 1504 4979 et
1531 4943 1603 4995 gisae
1632 4926 1724 4994 ignem
1757 4941 1812 4977 non

113 5023 139 5067 et
169 5015 359 5083 blasphemiae
396 5014 522 5082 Spiritus
555 5011 761 5080 indulpentiarn
798 5016 947 5084 abnegans.
976 5016 1059 5082 timet,
1077 5013 1176 5084 qratia
1194 5021 1258 5066 eant
1275 5029 1377 5066 auriam
1395 5019 1420 5065 et
1437 5020 1600 5082 arpentum,
1619 5013 1732 5080 lapides
1748 5024 1813 5079 pre·

112 5102 189 5156 Nam
214 5118 276 5154 cum
304 5109 396 5154 cetero
420 5101 499 5152 dicta
525 5104 635 5166 0001000
659 5099 775 5154 liberali
797 5102 879 5154 uenia
903 5119 946 5156 re·
975 5102 1050 5167 tiosi,
1068 5109 1100 5153 ut
1112 5100 1219 5172 jaspis,
1233 5099 1462 5171 porphyreticus,
1488 5098 1597 5151 Parius
1615 5098 1699 5167 lapis.
1736 5097 1813 5151 Nam

110 5189 258 5255 locamur,
287 5194 366 5239 earet
386 5183 598 5252 misericordia,
624 5184 651 5235 ca'
669 5186 750 5238 Deua
776 5195 892 5256 negetur
917 5188 947 5241 in
976 5205 1009 5242 00
1030 5204 1102 5240 auro
1120 5194 1146 5239 et
1165 5193 1282 5254 argento
1304 5185 1374 5249 fiunt
1394 5184 1519 5238 laminae
1547 5192 1575 5237 et
1592 5183 1751 5252 columnae,
1781 5186 1813 5234 ut

113 5272 225 5327 Odrs'eto
256 5281 316 5327 etc..
329 5272 441 5327 omnino
463 5276 586 5339 peccata
616 5269 817 5340 0010000001ιοἸ
836 5274 948 5339 generis
975 5276 1009 5328 ale
1029 5273 1131 5342 templo
1154 5270 1315 5326 Salomonis
1340 5270 1473 5340 legimus,
1499 5269 1649 5340 0010ρί010
1675 5268 1767 5322 Pario
1786 5274 1813 5320 et

110 5359 287 5423 0001110οἀ0,
306 5358 506 5429 blasphemiam
524 5354 554 5405 in
577 5354 716 5424 Spiritum
734 5373 789 5408 son
807 5360 947 5412 remitten·
974 5358 1171 5429 porphyretico
1195 5356 1279 5410 etiam
1307 5356 1412 5425 integri
1437 5356 1566 5426 perimes
1589 5353 1664 5424 eripi
1684 5361 1812 5423 possunt.

114 5445 188 5498 dom.
240 5444 427 5516 Hieronymus
459 5443 487 5495 in
516 5455 630 5499 comm:
662 5440 748 5495 Illud
776 5443 812 5494 dc
843 5445 946 5499 Marco
978 5447 1061 5499 Alter
1078 5461 1144 5497 uero
1164 5459 1249 5510 super
1267 5442 1359 5496 010110
1377 5444 1610 5510 fundamentum,
1629 5442 1663 5494 id
1680 5439 1813 5512 0011001-
