4104 6014
190 300 249 362 360
783 292 906 353 ΒΟΟῙΙΒ
924 290 1129 350 metamus
1147 292 1295 351 SEXTUS

188 468 259 506 mus.
298 448 405 521 Optant
430 464 497 523 ergo
523 449 682 520 generalem
697 447 815 504 Proterii
833 464 884 520 pro
904 445 1022 502 ecclesia
1043 436 1154 504 'Mattlt
1181 448 1254 504 tom.
1283 450 1328 502 34.
1355 447 1385 502 in
1407 447 1478 506 Gen.
1506 448 1578 504 lom.
1604 451 1628 504 1.
1657 447 1688 502 in
1709 449 1735 504 1.
1755 444 1885 503 moal.

187 534 421 602 intercessionem,
442 536 478 592 dc
498 552 553 607 qua
571 536 655 592 stiam
675 540 728 591 act.
749 535 786 593 ΙΙ.
813 534 923 589 concilii
941 532 1023 590 Chal·
1051 549 1133 589 serm
1153 533 1184 588 in
1203 535 1365 589 leventinam
1382 543 1408 589 et
1426 536 1599 604 Maximum,
1625 534 1792 603 Grsyorium
1809 534 1885 602 Nys-

189 621 352 677 oedonensis
374 622 540 695 loquuntur,
566 622 614 677 ubi
638 623 747 678 dicunt:
776 621 937 676 Flauianus
957 626 1022 689 post
1048 636 1105 674 sen.
1126 628 1198 677 oret.
1220 623 1251 675 in
1270 622 1409 677 Theodor.
1427 622 1600 692 Epiremum
1621 638 1704 677 serm
1723 622 1759 674 ds
1775 619 1886 674 lmsdib.

189 715 304 783 mortem
332 708 414 772 uiuit,
443 715 552 776 martyr
574 725 632 778 pro
660 709 740 762 nobes
770 715 837 763 oret.
882 713 905 762 5.
926 705 1022 760 Oanon
1051 715 1213 775 martyrum,
1232 706 1372 776 mlum
1389 708 1529 762 catech&
1550 707 1886 776 mystop.Tlteodoretum

189 793 323 863 septimus
348 800 441 849 sextae
460 793 597 866 generalis
616 795 716 865 synodi
737 792 908 848 adulterinus
929 797 971 847 est
988 807 1022 845 ac
1049 793 1080 844 in
1106 794 1203 847 lister.
1224 801 1341 863 patrum
1365 802 1392 847 st
1416 795 1481 848 libr.
1500 798 1526 848 8.
1545 796 1587 847 ud
1606 792 1709 847 Grau.
1727 794 1886 847 Damasce-

189 879 391 950 supposititius.
430 879 539 936 Graeca
564 881 649 937 editio
672 881 701 936 in
726 886 838 936 centum
863 885 893 935 et
912 877 1021 933 duobus
1048 896 1115 932 num
1143 879 1207 934 libr.
1228 884 1254 934 4.
1286 882 1386 946 desid.
1417 898 1480 950 eap.
1502 883 1544 937 16,
1588 878 1827 949 Theoplyloctum
1843 869 1886 931 'in

188 964 347 1034 hujusmodi
364 967 517 1023 canonibus
533 968 572 1022 nil
590 968 645 1023 tale
662 967 755 1036 habet,
775 984 830 1021 non
849 964 1022 1021 Balsamonis
1049 980 1113 1034 cop.
1129 967 1170 1024 11.
1181 965 1285 1036 Hebr.,·
1306 983 1338 1019 eu
1351 966 1463 1020 Manis
1476 965 1637 1021 Cornelium
1645 982 1755 1034 papam
1769 964 1848 1034 epist.
1860 968 1885 1018 1.

95 1054 100 1061 '
190 1051 277 1120 ipsius
305 1052 474 1108 Antiocheni
504 1052 694 1124 patriarchae,
731 1046 803 1123 quae
834 1069 853 1106 a
884 1050 1023 1106 Gentiano
1051 1053 1197 1106 Hilarium
1222 1051 1251 1104 in
1277 1051 1384 1107 Psolm.
1411 1053 1473 1106 129.
1497 1059 1521 1105 et
1544 1051 1651 1105 Psalm.
1674 1054 1732 1108 124.
1767 1050 1887 1104 Ambro-

192 1134 316 1191 Hsrrcto
345 1138 478 1194 canonico
506 1138 646 1194 Rhenensi
672 1155 767 1208 versa,
798 1137 933 1208 reperitur
959 1152 1024 1190 vcro
1050 1138 1122 1190 mum
1149 1137 1214 1193 libr.
1243 1138 1279 1191 de
1305 1138 1412 1203 nidum,
1446 1137 1510 1191 libr.
1538 1141 1582 1191 10.
1610 1137 1640 1190 in
1664 1136 1730 1190 Luc.
1759 1152 1821 1206 cop.
1840 1138 1885 1191 21,

140 1216 145 1225 ’
190 1227 298 1277 tantum
325 1223 397 1279 inter
424 1241 522 1280 novem
541 1225 676 1295 quosdam
692 1241 813 1280 canones
835 1222 900 1278 huic
917 1220 1023 1292 synodo
1053 1223 1425 1293 Hieronymuminepitoplr.
1444 1223 1737 1289 Paulae,Muaimum
1754 1222 1785 1275 in
1802 1237 1885 1277 serm.

192 1307 342 1363 attributos
365 1326 399 1364 ex
423 1315 532 1365 vetusto
557 1310 654 1366 codice
679 1308 837 1365 monasterii
855 1307 951 1363 Sancti
969 1306 1021 1360 Ba·
1052 1312 1087 1363 ds
1106 1311 1223 1379 Agnets,
1246 1310 1393 1379 Ruffinum
1417 1310 1465 1364 lib.
1487 1312 1514 1365 2.
1535 1310 1631 1365 lsistor.
1649 1326 1717 1379 ‚cop
1737 1310 1783 1363 33.
1807 1309 1886 1362 Pau·

191 1394 271 1449 vonis
291 1394 484 1453 (laudavensis
501 1396 667 1466 Flandriae,
693 1402 725 1450 ut
748 1396 777 1450 iu
799 1403 823 1452 2.
840 1401 905 1449 tom.
929 1392 1024 1449 concil.
1052 1395 1141 1449 linum
1165 1395 1196 1449 in
1219 1412 1306 1451 curm.
1333 1396 1369 1450 ds
1396 1394 1477 1449 Celso
1508 1402 1535 1448 st
1558 1395 1637 1465 epist.
1660 1397 1703 1450 12.
1754 1395 1887 1450 Pruden-

193 1496 258 1552 psg.
282 1487 339 1537 114.
364 1486 478 1537 notatur
502 1481 709 1552 transscriptus.
743 1481 798 1548 Qui
820 1481 932 1536 decreta
951 1480 1024 1535 illius
1054 1483 1121 1535 aum
1138 1482 1169 1535 in
1185 1498 1271 1537 carm.
1289 1484 1325 1536 ds
1340 1482 1460 1551 sanetis,
1491 1482 1677 1550 Augustinum
1695 1489 1777 1537 tract.
1797 1484 1837 1536 81.
1856 1481 1887 1536 in

193 1565 294 1635 synodi
312 1566 408 1630 edidit,
428 1568 597 1623 Laurentius
615 1567 711 1624 Sunius
731 1567 902 1633 Pontificius,
925 1566 1026 1621 diserte
1053 1567 1156 1622 Joltun.
1174 1583 1256 1625 serm.
1276 1570 1317 1623 17.
1336 1568 1372 1622 ds
1387 1568 1459 1624 ocrb.
1481 1574 1571 1640 apost.
1592 1570 1627 1620 ds
1643 1585 1715 1621 osma
1730 1584 1787 1637 pro
1806 1573 1888 1622 mort.

193 1649 352 1720 profitetur,
380 1655 526 1722 septimum
554 1654 635 1707 illum
658 1672 791 1708 canonem
816 1671 878 1707 cum
906 1662 968 1706 octo
986 1670 1025 1706 se·
1053 1672 1114 1725 cup.
1145 1658 1170 1712 d.
1229 1654 1370 1709 Victorem
1403 1655 1557 1709 Uticensem
1586 1655 1634 1711 lib.
1656 1656 1685 1712 3.
1715 1656 1752 1708 de
1778 1669 1888 1724 persae.

193 1739 338 1807 questibus
370 1740 451 1803 falso
483 1740 611 1793 adscribi
639 1748 733 1794 sertas
760 1742 881 1810 synodo,
911 1745 977 1794 tom.
1004 1742 1027 1793 t.
1059 1740 1150 1794 Vuusl
1170 1740 1349 1811 diripentium
1367 1757 1449 1797 serm.
1469 1743 1505 1795 sle
1525 1740 1745 1808 losantanas,
1769 1742 1889 1796 Leonem

194 1823 291 1882 concil.
313 1842 340 1894 p.
366 1830 439 1882 tots.
477 1824 582 1890 Quodsi
608 1825 793 1882 Bellarminus
820 1827 895 1881 hunc
917 1824 1027 1882 Surium
1054 1843 1134 1881 sum.
1155 1831 1181 1882 5.
1210 1830 1245 1882 ds
1264 1827 1372 1898 Epipl.
1397 1835 1424 1880 et
1451 1829 1487 1882 ds
1506 1826 1619 1882 Sennis
1636 1827 1723 1881 Petro
1746 1835 1771 1880 et
1788 1827 1890 1895 Paulo,

195 1910 293 1966 audire
313 1911 396 1981 nolit,
423 1912 568 1967 audietne
588 1913 788 1983 ipsumlib.2.
809 1912 1027 1983 deRompon-
1058 1912 1229 1983 Gregorium
1260 1914 1334 1975 libro
1366 1915 1488 1967 secundo
1521 1915 1629 1983 diuloy.
1657 1913 1750 1983 capite
1779 1915 1890 1982 ultimo,

193 1997 234 2052 tii.
257 2013 320 2068 cap.
344 2003 382 2054 18.
409 1998 449 2052 sic
474 1998 665 2054 disserentem:
692 1999 811 2054 Nullius
835 1999 946 2056 roboris
964 2006 1029 2052 sunt
1058 2000 1227 2067 (trepontum
1261 2000 1415 2055 ibronens.
1448 2000 1515 2056 libr.
1545 2003 1569 2055 1.
1602 2001 1638 2053 ds
1667 1999 1740 2071 plor.
1772 2007 1890 2068 martyr.

194 2083 243 2139 illi
267 2101 400 2152 canones,
428 2085 479 2154 qui
503 2093 596 2138 sextae
620 2088 728 2154 synodo
747 2086 916 2140 tribuuntur.
962 2086 1028 2139 Non
1056 2102 1118 2155 cap.
1142 2088 1184 2140 94.
1214 2086 1327 2140 Bedom
1351 2086 1399 2140 lid.
1426 2090 1450 2139 t.
1480 2087 1510 2139 in
1538 2085 1645 2141 Guntia.
1675 2093 1702 2138 st
1729 2085 1778 2141 lib,
1808 2088 1836 2139 3.
1860 2086 1890 2140 in

195 2171 268 2223 enim
288 2187 408 2224 conones
425 2180 490 2224 sunt
511 2172 561 2227 VI.
584 2172 688 2240 synodi
703 2188 801 2236 omae,
827 2172 969 2240 legitimae
988 2179 1028 2224 ot·
1058 2172 1156 2228 diutile.
1187 2172 1351 2226 Anselmum
1384 2171 1431 2228 lib,
1461 2174 1497 2226 de
1523 2172 1619 2227 eucell.
1650 2173 1720 2241 us'r‘y.
1750 2189 1813 2241 cap.
1842 2172 1891 2227 ult.

195 2271 248 2326 que
262 2258 464 2326 oecumenicae,
479 2260 532 2311 sed
545 2258 663 2312 alterins
676 2260 824 2329 cujusdam
837 2259 1029 2324 conventiculi,
1060 2258 1257 2311 iteratam-dum
1280 2274 1361 2313 serm.
1380 2262 1407 2310 2.
1432 2275 1517 2329 super
1535 2259 1644 2312 Missus
1669 2265 1719 2314 est,
1766 2258 1892 2328 Respon-

85 2404 89 2409 ,
195 2344 273 2412 quod
290 2359 320 2396 se
335 2343 422 2410 falso
439 2351 545 2398 sextam
562 2346 701 2412 mnodum
717 2345 877 2402 nominauit.
915 2344 1029 2399 Constat
1057 2344 1171 2398 demus:
1189 2342 1225 2398 de
1244 2341 1287 2396 his
1307 2349 1432 2398 veterum
1452 2343 1535 2397 dictis
1553 2343 1582 2398 in
1604 2343 1696 2414 speeie
1716 2344 1776 2415 agit
1792 2342 1893 2399 Chem-

196 2429 277 2497 enim,
295 2437 401 2484 sestam
419 2432 565 2498 synodum,
584 2447 657 2500 quoe
673 2431 725 2485 sub
742 2432 892 2500 Agathone
905 2448 987 2501 popu
1005 2440 1028 2484 st
1057 2429 1146 2484 nicius
1171 2428 1200 2482 in
1225 2444 1311 2483 exam.
1337 2445 1414 2486 eone.
1441 2428 1518 2482 Trid.
1545 2446 1606 2500 cap.
1633 2429 1669 2482 de
1693 2430 1782 2485 innoc.
1802 2436 1891 2484 sanct.

196 2512 379 2568 Constantino
404 2516 457 2570 IV.
486 2517 656 2586 imperatore
684 2517 823 2571 eslslrnta
851 2524 907 2588 ost,
936 2517 1031 2572 nullm
1058 2531 1106 2569 nos
1131 2514 1160 2569 in
1183 2530 1285 2586 genere
1307 2515 1520 2585 respondemus:
1549 2523 1570 2572 1.
1595 2514 1713 2586 Ipsimet
1734 2520 1828 2586 patres
1857 2515 1893 2571 de

197 2616 318 2654 canones
338 2601 477 2669 edidisse,
495 2604 620 2671 sedpost
638 2618 728 2656 annos
740 2604 861 2671 quinum
873 2603 909 2655 ab
921 2619 954 2656 eo
968 2621 1027 2672 syn-
1058 2601 1114 2656 suis
1131 2592 1212 2656 dictis
1231 2617 1264 2656 ex
1283 2600 1427 2672 Scriptura
1443 2602 1581 2671 judicium
1599 2601 1659 2657 fieri
1677 2602 1781 2669 volunt,
1800 2600 1892 2657 eidem

197 2687 254 2742 odo
299 2686 440 2740 dmsoluto
489 2687 591 2742 iterum
626 2689 786 2743 convenisse
826 2689 918 2743 nucia
965 2695 1031 2760 qamt
1057 2688 1109 2743 soli
1133 2687 1284 2744 nitentior
1310 2687 1405 2743 deberi
1431 2695 1594 2760 agnoscunt
1632 2694 1657 2745 t.
1683 2689 1725 2743 Ex
1750 2688 1819 2758 ipsis
1842 2706 1892 2760 pa·

199 2773 344 2844 episcopos
374 2770 501 2827 Graecos
524 2782 637 2828 auctore
661 2775 826 2828 Jssstiniono
850 2775 972 2829 Juniore
996 2793 1031 2828 ae
1057 2773 1145 2829 tribus
1177 2792 1228 2845 pro
1257 2781 1354 2829 nostra
1383 2775 1522 2830 sententia
1552 2775 1690 2847 quaedam
1724 2774 1891 2831 adduximus

196 2858 298 2912 malm
322 2875 441 2913 canones
464 2859 589 2914 edidisse
608 2861 659 2914 sul
677 2862 786 2916 nomine
806 2868 901 2914 sertus
921 2861 1030 2930 synodi.
1057 2862 1192 2931 superius.
1232 2867 1255 2916 3.
1273 2861 1427 2931 Repetatur
1444 2861 1553 2932 integer
1569 2860 1738 2932 quaestionis
1757 2867 1847 2916 status
1865 2867 1894 2916 et

196 2945 237 2998 Id
272 2948 350 3015 qnod
375 2947 524 3013 many‘este
557 2947 703 3017 calliyitur
733 2954 791 3000 tum
823 2964 856 3001 ea
885 2947 1031 3016 principio
1058 2946 1247 3002 consideretur
1272 2946 1366 3018 praxis
1384 2948 1413 3001 in
1443 2954 1550 3018 papatu
1576 2954 1697 3018 recepta,
1724 2963 1757 3002 ac
1783 2949 1891 3020 liquido

196 3031 297 3086 lorum
313 3032 440 3101 ipsorum
459 3048 611 3096 emsonum,
630 3040 688 3086 tum
708 3049 741 3086 eu
760 3033 936 3100 confessione
956 3034 1030 3087 Tia-
1059 3032 1217 3103 apparebit,
1249 3048 1310 3087 eam
1337 3050 1371 3088 ex
1394 3033 1517 3088 unanimi
1542 3041 1663 3105 patrum,
1677 3033 1809 3102 suffragio
1828 3051 1893 3090 con·

196 3117 272 3171 rasii
294 3118 420 3186 episcopi
447 3117 753 3191 Cerastantinopolitani
778 3120 808 3173 in
833 3119 898 3172 VII.
924 3119 1031 3186 synodo
1058 3118 1159 3173 firmari
1177 3117 1252 3172 baud
1272 3134 1415 3190 quaquam
1433 3135 1520 3189 posse.
1566 3119 1670 3190 Ecquis
1690 3120 1763 3175 enim
1782 3127 1894 3190 patrum

197 3211 251 3257 act.
271 3206 296 3257 4.
323 3221 393 3273 qum
423 3205 533 3258 eosdem
566 3221 686 3258 canones
714 3205 865 3259 erraticam
893 3206 1031 3275 synodum
1059 3205 1238 3260 vetustiorum
1255 3212 1365 3259 sanctos
1384 3205 1514 3277 religiose
1533 3206 1679 3272 invocavit,
1704 3212 1737 3260 ut
1755 3206 1894 3277 dignitate

197 3289 281 3343 Beda
300 3291 429 3359 appellat
447 3298 473 3344 et
491 3308 510 3344 a
531 3291 631 3360 Seryio
644 3309 736 3363 papa,
763 3293 813 3363 qui
830 3299 895 3347 tuno
912 3292 1032 3360 estimat,
1059 3296 1087 3345 et
1111 3291 1212 3346 virtute
1240 3306 1351 3346 suorum
1377 3290 1536 3347 meritorum
1561 3292 1694 3346 auxilium
1718 3292 1799 3347 nobis
1815 3310 1893 3363 prae

195 3376 363 3444 reprobatos
375 3376 467 3441 fuisse
475 3377 574 3431 scribit
590 3377 621 3431 in
638 3378 712 3432 libro
731 3380 767 3431 de
784 3394 832 3431 sen
846 3378 985 3433 aetatibus
1003 3379 1033 3430 in
1058 3376 1153 3433 stent?
1184 3377 1278 3449 eequis
1307 3377 1543 3448 omniscientiam,
1577 3378 1836 3450 omnipraesentium
1865 3384 1895 3434 et

196 3463 361 3517 Justiniono
378 3463 508 3523 Jnniorc.
544 3458 592 3518 Eu
619 3482 673 3534 quo
699 3467 839 3534 sequitur,
868 3465 952 3518 istam
974 3465 1031 3527 fal·
1059 3463 1286 3533 omnipotentiam
1304 3463 1371 3535 ipsis
1389 3464 1510 3521 tribuit?
1537 3465 1599 3535 quis
1618 3481 1695 3535 spem
1716 3470 1745 3519 et
1761 3463 1893 3520 fiduciam

197 3567 258 3602 sam
285 3551 421 3617 syrsodum
453 3557 559 3603 sestam
590 3559 640 3603 aut
666 3567 723 3604 non
748 3552 841 3615 fuisse
865 3551 1031 3620 generalem,
1058 3549 1087 3603 in
1107 3548 1169 3605 illos
1187 3535 1378 3605 collocandam
1395 3566 1456 3605 esse
1475 3549 1589 3606 docuit?
1608 3550 1691 3606 Certe
1708 3549 1893 3621 Epiphanius,

197 3642 321 3689 autnon
339 3635 429 3698 fusbse
449 3636 609 3703 leyitimnm.
636 3634 714 3691 Haec
732 3635 922 3691 Bellarminus.
963 3642 986 3692 6.
1003 3636 1031 3690 in
1059 3636 1284 3706 chrysostomus,
1310 3635 1485 3710 Augustinus
1508 3644 1536 3692 et
1554 3636 1614 3708 ipss
1630 3634 1819 3707 Hieronymus
1836 3637 1893 3691 ior·

197 3720 305 3792 synodo
328 3720 394 3778 Vll.
422 3721 480 3776 sire
507 3721 613 3777 Nicena
639 3720 678 3779 11.
701 3728 859 3778 sanctorum
883 3723 1033 3778 invocatio
1060 3721 1124 3777 titer
1139 3722 1300 3790 reclamant,
1319 3740 1353 3778 ne
1370 3721 1432 3794 quis
1452 3723 1546 3778 divino
1559 3723 1707 3795 religiosas
1723 3722 1892 3778 adorationis

197 3825 259 3864 nem
281 3824 345 3862 cum
372 3807 502 3879 religioso
529 3807 682 3880 imaginum
706 3808 783 3863 cultu
800 3809 952 3863 stabilitam
969 3825 1032 3865 con·
1060 3808 1137 3862 cultu
1161 3809 1314 3880 quidquam
1336 3813 1497 3879 praeterat
1521 3815 1600 3864 extra
1623 3808 1715 3864 Deum
1737 3814 1894 3867 veneretur.

199 3894 337 3961 cedimus,
370 3894 418 3948 sed
451 3902 549 3949 contra
583 3895 660 3949 illam
694 3895 783 3965 ipsam
815 3894 954 3966 synodum
981 3893 1034 3948 sub
1061 3902 1085 3950 t.
1100 3895 1199 3950 Patres
1216 3895 1252 3952 de
1271 3895 1469 3951 intercessione
1482 3902 1640 3951 sanctorum
1656 3895 1816 3951 dubitanter
1829 3913 1893 3966 pro·

201 3981 299 4037 Catulo
331 3987 435 4053 Magno
463 3982 518 4036 alia
550 3983 672 4054 synodus
705 3983 846 4038 celebrata
874 3991 933 4054 est,
963 4002 1034 4055 quae
1061 3982 1202 4049 nuntiant,
1228 3988 1259 4036 ut
1275 3981 1394 4036 vidimus
1412 3983 1541 4053 superius
1559 3976 1591 4058 ξ.
1606 3988 1664 4038 450.
1687 3989 1791 4055 quanto
1807 3981 1896 4053 igitur

200 4068 339 4125 mntraria
365 4068 498 4140 dogmata
524 4070 635 4136 statuit,
667 4074 746 4138 quus
777 4086 810 4125 eo
832 4071 922 4142 maj0r
952 4071 1035 4127 debet
1062 4067 1150 4122 minus
1176 4068 1333 4139 religiosam
1362 4074 1519 4124 sanctorum
1538 4068 1741 4124 invocationem
1760 4073 1895 4139 tanquam

200 4171 260 4210 esse
289 4155 454 4222 auctoritas,
487 4171 542 4226 quo
568 4156 657 4228 magis
684 4171 756 4227 quae
780 4174 842 4211 cum
870 4155 924 4212 Dei
950 4157 1034 4214 verbo
1061 4164 1165 4210 certum
1192 4162 1220 4211 et
1236 4155 1424 4210 indubitatum
1444 4154 1509 4210 fidei
1521 4155 1676 4225 {articulum
1695 4155 1827 4212 eeclesiae
1844 4155 1895 4211 ob·

200 4242 384 4311 consentiunt,
402 4241 549 4297 retinenda
560 4258 687 4314 quaeque
705 4243 741 4298 ab
760 4258 793 4298 eo
807 4242 974 4315 discrepant,
993 4261 1033 4300 re
1061 4242 1184 4299 trudunt.
1212 4248 1237 4299 5.
1257 4241 1431 4313 Nicephorus
1449 4241 1496 4298 lib.
1513 4248 1550 4299 ts.
1564 4241 1628 4297 hist.
1647 4260 1708 4316 cap.
1727 4248 1764 4300 ts.
1778 4258 1896 4300 comme·

197 4328 329 4398 jicienda.
369 4334 393 4385 t.
416 4328 544 4384 Litanias
561 4329 590 4382 in
611 4329 800 4396 Gerundensi,
832 4331 1034 4398 Aurelianensi,
1061 4335 1163 4395 morat,
1190 4330 1304 4384 Petrum
1333 4327 1502 4401 Gnapleum
1525 4347 1574 4383 seu
1598 4329 1747 4385 Faltonem
1768 4330 1896 4401 primum

199 4413 373 4484 Mogontino,
393 4415 528 4470 Toletano
550 4421 579 4472 et
596 4415 759 4472 Bracarensi
774 4417 897 4472 conciliis
916 4418 1034 4473 indictas
1063 4417 1227 4485 instituisse,
1253 4424 1284 4470 ut
1302 4416 1333 4470 in
1350 4416 1427 4471 omni
1442 4416 1606 4487 precatione
1626 4415 1686 4470 Dei
1706 4417 1829 4484 penituie
1845 4433 1895 4470 no·

200 4506 358 4554 sanctorum
394 4499 596 4556 invocationem
631 4503 774 4557 continere
802 4502 906 4575 frigide
935 4504 1036 4575 probat
1062 4505 1217 4558 minaretur
1234 4503 1349 4574 ejsuque
1368 4519 1466 4557 nomen
1486 4502 1612 4557 stimuum
1631 4503 1817 4557 itineraretur.
1843 4502 1896 4560 Fa·

200 4584 385 4640 Bellarminus
413 4602 447 4640 ex
477 4604 522 4653 eo,
555 4589 630 4659 quod
661 4588 735 4643 idem
762 4594 872 4661 tempus
901 4608 936 4647 ac
960 4591 1034 4647 idem
1060 4597 1137 4647 ctum
1159 4590 1189 4644 id
1214 4589 1288 4645 circa
1312 4607 1374 4645 ann
1395 4587 1498 4644 Christi
1522 4594 1581 4646 sta.
1619 4588 1695 4660 Ergo
1718 4588 1815 4659 primis
1842 4589 1895 4645 illis

50 4673 269 4727 turstatt-ritus
297 4671 326 4726 in
356 4670 466 4726 illarum
491 4674 653 4730 recitatione
676 4675 759 4730 hodie
776 4682 912 4748 servetur,
944 4677 1035 4749 potuit
1062 4685 1090 4733 et
1108 4677 1264 4748 purioribus
1287 4677 1420 4732 eeclesias
1440 4675 1609 4747 temporibus
1630 4675 1768 4731 invocatio
1786 4683 1896 4731 sancto·

200 4758 273 4815 enim
296 4758 325 4812 in
344 4757 459 4812 materia
477 4774 618 4815 occurrere
636 4761 742 4834 aliquid
759 4762 876 4831 vanam,
904 4763 971 4818 licet
990 4780 1031 4819 sx-
1062 4781 1121 4819 rum
1140 4780 1195 4817 non
1209 4762 1264 4818 init
1282 4770 1401 4833 recepta.
1433 4760 1513 4817 Ceus.
1528 4761 1588 4817 Col.
1604 4760 1737 4832 idipsum
1756 4762 1840 4817 tacite
1855 4760 1896 4818 ia-

200 4852 281 4902 terna
298 4845 433 4916 adjuncta
450 4844 555 4900 fuerint
573 4856 689 4902 servata
1062 4857 1143 4915 tetur,
1161 4848 1274 4921 quando
1292 4866 1358 4921 pag.
1377 4854 1436 4906 209.
1454 4848 1566 4915 asserit,
1588 4849 1693 4903 saltum
1710 4849 1785 4903 lunc
1803 4850 1834 4903 in
1852 4865 1895 4903 sc·

60 4928 187 5023 fipffili·
235 4938 294 4990 458.
330 4932 606 4989 auctoramentis
628 4933 1034 4992 GruscmumetLatinosum
1062 4935 1149 4990 alesia
1173 4936 1360 5004 antiquiorem
1387 4952 1443 4989 non
1463 4951 1522 4989 csse
1547 4919 1630 4989 annis
1655 4934 1733 4990 mals
1760 4936 1896 5006 ducentis,

196 5027 322 5092 potrum,
340 5018 388 5073 ubi
408 5036 441 5074 cs
460 5016 583 5074 &oscis
601 5019 732 5090 producit
751 5021 922 5090 Dionysium
940 5022 1034 5078 scelos
1063 5039 1094 5078 eo
1122 5023 1184 5093 ipso
1210 5036 1380 5093 Quercens,
1407 5027 1464 5077 tres
1493 5021 1638 5077 aOhristo
1661 5028 1728 5078 nato
1746 5023 1896 5093 [centurias

200 5105 337 5161 lsisrurcl.
358 5123 420 5176 cap.
440 5108 463 5161 7.
511 5105 662 5161 irenaeum
681 5108 744 5164 libr.
765 5111 791 5164 5.
809 5115 908 5163 sonmo
924 5108 1031 5164 busrea
1062 5107 1215 5178 effluxisse,
1245 5113 1395 5180 antequam
1421 5107 1551 5180 religiosa
1575 5114 1733 5164 sanctorum
1757 5109 1896 5166 invocatio

200 5192 278 5247 ultro
297 5191 1034 5265 medium,Esmebiumlibr.13.prosporat.soonp.
1062 5195 1255 5250 innotesceret.
1296 5197 1322 5253 6.
1344 5194 1483 5264 Dionysii
1505 5195 1668 5251 hierarchia
1693 5203 1736 5252 est
1763 5197 1896 5265 ψευδεπί-

201 5280 293 5348 eopite
312 5280 437 5348 septimo,
459 5279 648 5333 Athanasium
665 5295 746 5336 serm.
765 5282 801 5334 ds
819 5282 946 5335 sanctiss.
964 5282 1033 5336 Dei-
1062 5301 1185 5355 ypupoe,
1214 5287 1246 5337 nt
1273 5297 1307 5336 ex
1333 5281 1399 5353 styli
1427 5283 1546 5353 ratione,
1576 5284 1771 5352 praetermissa
1789 5285 1849 5354 ejus
1867 5285 1896 5340 in

195 5381 282 5434 poro,
302 5366 444 5419 Basiliam
464 5372 533 5420 orat.
554 5366 584 5419 in
602 5368 638 5419 so
657 5373 772 5434 martyr.
793 5374 819 5420 et
830 5368 860 5421 in
873 5369 1034 5425 Praenes.
1062 5368 1172 5439 seriptis
1200 5373 1323 5423 veteram
1350 5369 1504 5434 mentione,
1530 5368 1662 5439 temporis
1688 5370 1895 5441 supputatione,

200 5452 407 5507 Nasiumsnum
437 5459 509 5507 orat.
544 5454 574 5507 in
601 5454 683 5523 cypr.
718 5460 745 5505 st
774 5454 912 5510 Atianos.
949 5455 1034 5526 Otry-
1062 5461 1254 5511 contentorum
1290 5461 1423 5510 accurata
1460 5452 1679 5511 consideratIone
1709 5462 1739 5511 et
1766 5456 1897 5529 gravissi-

200 5546 352 5597 souomnm
379 5539 453 5600 tom.
480 5542 523 5600 66.
551 5541 593 5594 ad
616 5541 720 5613 popul.
745 5539 818 5594 lom.
846 5545 873 5599 5.
901 5549 928 5598 st
954 5546 977 5599 8.
1005 5544 1035 5599 in
1061 5558 1168 5600 morum
1193 5546 1338 5598 ausurum
1368 5539 1563 5599 mutans
1593 5536 1624 5600 in
1650 5542 1808 5617 patrologia
1834 5562 1897 5618 pro·
