4104 6014
856 193 908 250 1111
932 194 1074 253 llolt'l'ss
1770 207 1808 265 at

113 349 202 406 vetem
230 354 261 407 et
288 348 576 423 meormpahiliatm
616 352 676 408 sive
715 350 950 408 immortalitatem
977 351 1067 424 horso,
1085 360 1233 423 aateqtsom
1247 360 1387 425 peccaret,
1402 353 1506 423 saissa
1516 352 1810 421 marom-rorata,
1822 360 1910 403 arberte

114 438 270 510 conjungat
300 453 334 494 ac
366 444 515 510 utrumqne
541 438 684 495 Christum
712 438 792 493 nobis
823 435 952 492 attulisse
979 443 1051 510 qaid
1070 459 1140 511 opas
1158 441 1264 505 suaset
1277 449 1398 514 propter
1427 443 1578 496 5555551155
1598 441 1728 496 arborem
1745 425 1836 494 coa'
1823 415 1908 506 ,imit

114 532 238 594 asssrat,
257 525 355 597 utique
373 542 440 598 ergo
462 542 518 582 nou
537 527 625 582 solum
648 532 778 593 mortem,
801 524 851 579 sed
868 523 951 579 etiam
977 542 1071 581 serere
1103 528 1183 598 eique
1211 530 1252 580 aa
1277 529 1475 583 comedendam
1504 529 1640 582 traderet
1684 525 1755 583 Gen.
1784 530 1809 589 1
1822 519 1917 558 ‘⁰⁸⁰³‘

116 611 315 668 mortalitatem
334 629 352 667 a
371 611 451 667 nobis
470 611 595 668 abstulit.
635 611 721 668 Hebr.
740 618 764 676 1,
782 628 808 666 v.
831 616 874 667 lt:
895 611 953 663 Per
977 630 1002 668 v.
1031 618 1071 669 11,
1114 614 1325 685 Respondemus
1367 620 1391 670 1.
1420 632 1471 686 per
1495 615 1687 669 inversionem.
1737 611 1810 679 Quia

114 705 233 753 mortem
251 700 390 754 desmait
402 714 472 767 eam,
491 700 671 768 5551555551
684 699 833 768 imperium
844 696 951 760 mortt'a,
978 699 1049 754 inter
1078 707 1184 756 ceteros
1210 700 1397 772 paradisiacos
1417 701 1525 756 fruetus
1543 700 1598 756 tuit
1625 700 1707 755 arhor
1729 699 1812 762 vitae,

114 785 168 839 hoe
187 793 229 840 est
246 784 399 853 amootem,
416 802 442 838 v.
464 790 504 840 15.
527 785 702 840 aclibsraoit
715 801 770 852 eos,
787 783 837 852 qui
854 772 1052 858 timeretquae
1071 786 1192 841 naturali
1213 795 1297 857 atque
1315 787 1426 842 ocoulta
1444 786 1580 844 facultate
1589 787 1675 842 vitam
1693 784 1812 841 hominis

114 873 216 926 mortis
243 889 299 944 per
330 879 418 925 totam
448 871 535 924 uitam
565 873 678 927 obaoaii
706 877 788 925 erant
818 867 953 923 servitui.
980 873 1170 936 asservandi,
1188 873 1260 928 vires
1277 879 1391 944 vegetas
1406 873 1564 944 praestandi
1578 889 1612 927 ac
1625 889 1644 927 a
1661 872 1812 935 debilitate,

114 965 142 1015 4.
160 958 238 1014 Idem
256 958 392 1030 probatem
409 974 444 1013 ex
461 957 670 1013 enumeratione
682 956 835 1028 specierum
847 953 951 1010 mortis.
979 959 1056 1013 senio
1085 966 1113 1014 51
1140 966 1227 1014 morte
1253 958 1343 1030 ipsum
1369 959 1566 1030 praeservandi
1591 957 1646 1013 tuit
1668 959 1811 1022 15555515,

115 1042 263 1101 Liberavit
286 1060 338 1099 nos
363 1043 490 1099 Christus
514 1059 532 1097 a
554 1051 641 1097 morte
666 1043 794 1112 animae,
818 1041 884 1113 quia
902 1056 951 1111 pro
980 1060 1013 1097 er
1033 1060 1066 1099 eo
1085 1044 1240 1117 colligitur,
1269 1045 1387 1116 primum
1407 1043 1545 1101 homiuem
1563 1060 1618 1099 non
1638 1043 1723 1100 151555
1740 1060 1811 1100 mor·

116 1131 242 1203 paneada
264 1130 365 1186 5551515
392 1129 527 1186 satisfecit
551 1146 584 1184 ac
603 1128 680 1184 Patri
704 1144 754 1184 suo
773 1127 885 1184 coelesti
903 1143 953 1180 555
979 1131 1078 1199 talem,
1109 1132 1159 1186 aed
1176 1130 1368 1188 immortalem.
1407 1131 1527 1195 Quidam
1545 1148 1580 1186 ex
1599 1131 1738 1187 veteribus
1756 1147 1812 1185 non

114 1218 319 1286 moenelliavit,
351 1223 383 1273 ui
410 1234 467 1272 non
494 1217 614 1287 amplius
644 1217 730 1271 simus
749 1213 905 1269 abalienati
934 1231 952 1266 a
979 1217 1133 1273 naturalem
1158 1235 1191 1272 aa
1216 1218 1338 1273 nativam
1362 1219 1503 1290 quandam
1536 1219 1593 1274 vim
1616 1215 1812 1274 corroborandi

114 1307 176 1361 rita
205 1304 265 1359 Dei
286 1303 359 1376 epu
378 1310 408 1372 4,
438 1322 463 1357 v.
488 1310 534 1372 18,
552 1304 601 1359 sed
621 1302 770 1375 spiritualis
789 1301 862 1355 illius
879 1298 953 1355 vitae
979 1305 1065 1369 vires,
1094 1304 1143 1358 sed
1166 1305 1394 1360 sacramentalem
1421 1305 1557 1360 duntaxat
1581 1303 1811 1377 significationem

116 1391 270 1463 participes
295 1389 371 1446 tacti
418 1388 562 1445 Liberavit
586 1405 637 1444 nos
666 1407 686 1444 a
701 1397 789 1444 morte
815 1387 953 1457 corporis,
978 1391 1119 1460 tribuunt3
1156 1391 1269 1461 quidam
1287 1396 1430 1455 statuunt,
1449 1391 1554 1463 lignum
1572 1390 1642 1445 illud
1658 1391 1733 1446 vitae
1750 1406 1811 1446 eam
1857 1424 1861 1429 -

116 1478 184 1549 quia
203 1494 238 1533 ex
255 1475 304 1531 illa
322 1481 411 1531 morte
431 1475 459 1529 in
476 1475 562 1531 vitam
575 1490 625 1529 nos
643 1474 783 1530 revocabit
800 1479 829 1528 et
846 1473 951 1528 hostem
979 1476 1034 1530 vim
1069 1476 1214 1541 habuisse,
1243 1484 1275 1531 ut
1303 1477 1347 1530 vel
1376 1477 1461 1532 semel
1489 1483 1632 1549 gustatum
1660 1475 1811 1547 perfectam

116 1563 197 1619 illum
217 1563 396 1619 novissimum
414 1562 528 1615 tandem
547 1562 658 1632 penitus
678 1560 810 1616 destruet
837 1557 951 1614 Libera·
979 1562 1092 1619 afferret
1108 1564 1350 1631 immortalitatem,
1366 1563 1485 1635 ideoque
1503 1580 1558 1619 non
1570 1562 1636 1619 ante
1648 1563 1811 1618 sumendum

117 1650 159 1704 vit
184 1666 234 1704 nos
260 1667 280 1704 a
295 1657 383 1704 morte
411 1655 540 1717 5515555,
570 1646 656 1702 5515
676 1662 736 1702 eam
761 1663 811 1718 per
829 1645 952 1716 corporis
978 1648 1078 1719 tuisse,
1109 1667 1192 1721 quam
1216 1648 1401 1705 mansferendi
1424 1657 1515 1706 555551
1541 1649 1664 1706 homiues
1684 1650 1719 1706 de
1736 1655 1810 1705 51515

116 1743 234 1793 mortem
252 1735 417 1799 incidamus,
435 1734 485 1790 sed
505 1752 538 1788 ea
555 1742 643 1789 morte
665 1735 695 1787 ia
709 1734 797 1788 oham
825 1741 952 1788 tramea·
978 1737 1085 1808 gratiae
1104 1737 1132 1791 in
1151 1742 1253 1791 statum
1272 1736 1386 1809 gloriae.
1416 1735 1524 1793 Neutra
1543 1736 1704 1808 hypothesis
1717 1735 1810 1792 Soeini

119 1840 181 1878 mas
200 1821 264 1880 Joh.
288 1830 318 1887 5,
350 1839 376 1876 v.
402 1827 444 1879 24.
474 1837 526 1877 555
555 1828 670 1876 mortem
706 1820 783 1874 illam
812 1822 952 1874 aeternam
978 1831 1172 1894 argumentum
1201 1820 1352 1879 confirmat.
1404 1827 1428 1878 2.
1453 1825 1505 1879 Per
1524 1824 1734 1878 concessionem.
1781 1821 1810 1878 Si

115 1910 264 1965 rideamm
289 1909 334 1965 vel
359 1917 500 1980 quatemus
527 1907 591 1963 Joh.
618 1912 646 1974 8,
671 1924 697 1961 v.
720 1912 763 1965 51.
781 1909 821 1962 53.
860 1911 884 1960 5.
905 1905 952 1972 Δ1,
978 1909 1083 1979 primus
1108 1907 1189 1963 homo
1212 1908 1248 1963 ab
1273 1926 1326 1963 555
1349 1907 1490 1963 fructuum
1516 1909 1753 1980 paradisiaeomm
1776 1925 1810 1963 ac

116 1995 223 2067 inquis,
253 1997 281 2050 si
300 1994 429 2050 Christus
459 2014 479 2049 a
508 1995 681 2048 mortalitate
712 2011 746 2047 ac
783 2000 870 2046 morte
901 2009 952 2045 aar
979 1995 1140 2065 praesertim
1158 1994 1266 2049 arboris
1283 1995 1357 2049 vitae
1377 1995 1489 2066 penitus
1515 1995 1654 2051 abstinere
1671 1995 1810 2059 voluisset,

115 2084 251 2152 ademit,
280 2098 334 2136 oar
364 2082 452 2150 igitar
480 2098 538 2134 roa
567 2081 659 2135 solam
694 2079 828 2134 mortales
859 2078 952 2132 adhue
979 2080 1076 2152 procul
1094 2080 1179 2137 dubio
1196 2081 1278 2136 morti
1303 2080 1438 2136 obnoxius
1463 2080 1554 2135 fautus
1572 2080 1678 2136 fuisset
1730 2080 1811 2135 lom·

114 2186 227 2236 mas,
253 2169 305 2222 sed
326 2167 413 2221 morti
437 2166 523 2221 etiam
548 2167 661 2221 obaoaii
678 2167 792 2221 tamdem
807 2165 870 2235 ipso
887 2170 952 2216 aete
979 2167 1082 2223 hardus
1117 2173 1141 2222 2.
1173 2173 1242 2222 sent
1279 2167 1342 2221 diat
1373 2171 1416 2223 19:
1456 2166 1536 2221 Siout
1561 2169 1692 2239 peeaooit
1722 2184 1809 2222 eome-

115 2255 287 2311 reddimur!
329 2252 552 2325 Rependemus:
588 2252 822 2324 quemadmodum
852 2249 951 2304 libara-
979 2256 1080 2318 denda
1098 2255 1176 2324 meod
1192 2260 1256 2308 erat
1272 2253 1450 2323 prohibitam,
1469 2256 1510 2308 ita
1530 2256 1615 2308 etiam
1627 2262 1766 2324 peccaret,
1785 2255 1813 2308 ei

114 2343 186 2398 tioni
209 2358 228 2396 s
250 2347 365 2413 peccato
382 2359 432 2412 per
451 2340 591 2396 Christum
617 2339 699 2395 nohis
724 2337 873 2411 pmestitae
895 2350 951 2390 non
979 2359 1035 2396 nors
1052 2343 1224 2408 comederat,
1256 2342 1333 2410 qaod
1351 2350 1413 2394 erat
1430 2342 1547 2410 jaesum.
1585 2341 1641 2398 Sed
1660 2359 1693 2396 ex
1718 2358 1751 2397 eo
1769 2341 1810 2396 in·

114 2435 269 2500 repugnat,
299 2427 375 2500 quod
397 2433 541 2498 peccatum
567 2427 596 2481 in
615 2443 699 2482 carue
724 2425 817 2480 adhuc
836 2423 951 2478 circum·
978 2427 1044 2484 ferri
1071 2428 1183 2500 nequit,
1213 2427 1303 2497 ipsum
1331 2435 1430 2482 natura
1447 2427 1591 2483 mortalem
1615 2428 1715 2491 fuisse,
1746 2427 1811 2499 quia

116 2513 248 2585 terimus,
275 2530 327 2570 nec
346 2513 504 2569 liberationi
521 2530 540 2568 a
558 2518 696 2584 potestate
715 2512 848 2578 8515555,
877 2508 952 2581 quod
979 2514 1032 2568 hac
1065 2513 1171 2568 radone
1195 2513 1321 2567 Adamas
1345 2521 1441 2568 conae
1463 2514 1589 2570 ordinem
1610 2514 1743 2568 divinitus
1768 2494 1826 2568 in-q

118 2603 246 2673 ejusdem
269 2599 473 2656 tentafionihus
498 2601 528 2655 in
553 2600 606 2655 hae
631 2601 689 2655 vita
721 2599 812 2655 adhuc
840 2594 951 2652 obnoxii
979 2601 1109 2655 stitutum
1126 2606 1285 2671 peccasset,
1306 2616 1369 2655 oum
1388 2600 1423 2656 de
1440 2599 1578 2656 fructibus
1598 2601 1703 2656 arboris
1720 2617 1809 2656 comc-

116 2705 229 2758 55555,
259 2704 310 2744 555
338 2685 496 2742 liberationi
516 2685 553 2741 ab
576 2686 618 2740 ira
634 2685 703 2754 Dei,
730 2684 804 2757 quod
834 2682 950 2738 eandem
978 2687 1044 2742 dare
1063 2689 1158 2758 jussus
1182 2684 1282 2753 tuerit,
1312 2686 1397 2741 unica
1420 2687 1518 2742 arbore
1542 2686 1673 2741 scientiae
1698 2685 1765 2741 boni
1782 2693 1811 2742 st

115 2775 284 2849 quandoque
301 2775 331 2829 15
353 2772 540 2829 conscientiae
567 2772 716 2845 angoribus
734 2770 880 2833 sentimum
911 2767 952 2822 ita
978 2773 1042 2828 mali
1061 2777 1192 2843 excepta,
1217 2772 1257 2826 sio
1281 2787 1348 2843 ergo
1367 2789 1422 2826 nou
1439 2788 1473 2827 ex
1493 2781 1613 2827 maturae
1639 2774 1808 2841 conditiore,

115 2950 266 3024 praesb'tae
282 2964 459 3021 nequaquam
476 2953 630 3020 repugnat,
657 2948 731 3020 quod
751 2945 831 3001 morti
846 2950 949 3014 tempo-
976 2947 1076 3002 lactus.
1124 2951 1147 3001 3.
1171 2945 1226 3001 Per
1250 2946 1456 3000 distinctionem
1478 2946 1550 3002 inter
1573 2945 1807 3001 immortalitatem

114 3037 168 3093 rali
196 3036 288 3092 adhuc
314 3035 425 3091 obnoxii
454 3052 563 3100 sumus,
599 3033 665 3106 quia
682 3031 818 3089 beneficia
847 3027 949 3086 Christi
977 3033 1005 3087 in
1022 3037 1098 3088 statu
1113 3032 1281 3104 integritatis
1300 3047 1332 3086 ao
1345 3031 1502 3102 primaevae
1516 3033 1672 3099 creationis,
1692 3039 1720 3088 51
1735 3033 1808 3090 15155

115 3141 172 3181 555
189 3121 380 3179 concludenda
399 3126 463 3176 5551
482 3120 608 3193 angustia
627 3120 711 3190 hnjna
731 3120 804 3174 vitae
816 3115 949 3181 terminis,
976 3118 1210 3174 immortalitatem
1237 3118 1266 3171 in
1282 3122 1359 3172 statu
1382 3110 1603 3189 glorificationis,
1634 3126 1667 3173 51
1690 3124 1720 3173 51
1736 3119 1808 3174 inter

115 3210 166 3265 sed
184 3210 213 3265 in
231 3209 321 3281 ipsam
339 3209 531 3264 aeternitatem
549 3224 610 3263 5555
630 3206 789 3263 extendunt.
832 3203 947 3259 Libera·
975 3207 1172 3263 mortalitatem
1210 3205 1364 3261 absolutam
1400 3211 1428 3261 et
1468 3205 1693 3277 hypotheticam,
1734 3206 1807 3262 iuter

115 3296 156 3352 vit
180 3313 232 3352 nos
249 3295 375 3351 christus
403 3311 421 3351 a
446 3301 534 3352 morta
560 3294 653 3349 multis
680 3310 714 3348 ac
737 3292 820 3348 variis
846 3293 943 3351 modis.
974 3293 1127 3365 potentiam
1159 3290 1294 3347 moriendi
1323 3297 1456 3346 remotam
1489 3299 1518 3346 51
1543 3292 1741 3365 propinquam,
1770 3292 1806 3347 de

115 3382 208 3437 Primo
249 3382 376 3436 timorem
411 3383 511 3436 mortis
551 3382 582 3435 irs
616 3381 697 3435 mois
740 3382 948 3451 sustineaeado,
974 3380 1077 3453 quibua
1095 3376 1319 3433 distinctionibus
1336 3377 1463 3449 superius
1481 3385 1575 3433 actum
1591 3377 1653 3434 fuit.

116 3466 204 3525 Hebr
224 3474 248 3534 1,
265 3484 292 3522 v.
312 3473 353 3524 15.
371 3484 435 3523 cum
453 3468 525 3523 enim
539 3475 685 3539 peccatum
695 3467 838 3522 stimulam
850 3469 948 3521 mortis
1009 3472 1051 3523 19.
1090 3467 1180 3524 1115
1200 3482 1348 3518 camaram
1366 3467 1580 3522 enumeratione
1626 3465 1694 3519 Oam
1711 3465 1935 3519 omnaslssxeea·

115 3555 300 3611 sustuleritt.
318 3553 379 3610 Cor.
396 3561 473 3624 15,v
474 3561 541 3610 ,56
553 3553 616 3609 ideo
630 3570 685 3609 uon
696 3553 815 3625 amphus
832 3560 948 3610 monem
973 3571 1076 3609 caueae
1110 3553 1264 3621 efficientes
1293 3551 1476 3606 momalitatis
1510 3560 1624 3606 rostrae
1652 3552 1804 3619 5515555155,
1817 3530 1911 3612 affl.

116 3641 296 3715 temporalem
317 3647 450 3713 tanquam
467 3641 576 3713 peccati
594 3640 762 3712 supplicium
775 3646 803 3696 et
817 3645 946 3695 aeternae
974 3643 1031 3695 aios
1051 3641 1081 3693 ia
1103 3640 1189 3708 roobia
1215 3639 1273 3694 sios
1290 3646 1371 3692 satra
1394 3656 1445 3692 rsoa
1463 3639 1535 3704 aiat,
1558 3639 1625 3707 jam
1654 3647 1805 3709 antequanm
1818 3625 1915 3664 '‘²¹⁰¹'‘

114 3729 211 3786 mortis
235 3726 344 3783 initium
363 3744 414 3799 per
430 3733 517 3783 totam
535 3729 621 3782 utam
649 3727 866 3791 extimescimus,
896 3727 945 3782 sed
972 3729 1081 3799 primus
1098 3726 1179 3780 homo
1194 3733 1341 3794 peccaret,
1353 3725 1523 3791 assisterent,
1540 3743 1597 3780 moa
1615 3725 1706 3781 mmm
1721 3743 1805 3796 msam

114 3815 208 3888 potius
227 3819 260 3869 51
278 3830 360 3870 verae
390 3814 465 3870 vitas
491 3815 606 3884 januam
619 3813 721 3884 cupide
749 3813 945 3871 desideramus.
969 3823 1070 3886 postea
1099 3828 1208 3867 neeesse
1235 3820 1288 3879 est,
1316 3820 1347 3866 ut
1365 3813 1425 3882 ipse
1444 3814 1529 3867 etiam
1547 3815 1660 3885 effectus
1676 3813 1803 3868 mortali·

114 3900 259 3969 Secundo,
287 3908 403 3955 mortem
420 3901 451 3954 ia
480 3901 595 3972 aliquid
618 3900 718 3954 melias
743 3902 945 3955 commutando.
973 3903 1040 3957 tatia
1070 3901 1211 3955 naturalia
1237 3917 1294 3954 eoa
1321 3901 1413 3955 mirasse
1441 3909 1526 3955 antea
1543 3918 1627 3970 qaam
1640 3908 1742 3973 postea
1760 3917 1804 3954 ea·

113 3985 246 4053 Quamvis
264 3986 338 4042 enim
356 3991 420 4058 post
436 3992 580 4056 peceatum
605 3985 749 4042 remissum
765 3993 882 4057 paterna
899 3986 947 4041 illa
973 3989 1082 4043 stiterit.
1117 3985 1342 4058 Respondemus:
1371 3992 1393 4042 1.
1415 4003 1465 4056 per
1489 3987 1703 4041 elsbtiaotioaem.
1744 3985 1806 4043 Nou

113 4073 261 4146 castigatio
281 4073 463 4129 adversitates
481 4072 565 4145 hujus
582 4073 656 4128 vitae
669 4079 697 4128 51
715 4077 830 4127 mortem
842 4079 945 4144 tempo
974 4074 1085 4143 sufficit,
1104 4090 1202 4129 causas
1221 4072 1315 4128 mortis
1335 4072 1456 4128 internas
1474 4073 1517 4129 vel
1535 4079 1661 4129 externas
1674 4072 1806 4127 materia

113 4162 201 4217 nlem
224 4159 305 4216 nohis
328 4159 457 4232 indigens
481 4159 574 4215 adhuc
596 4163 720 4227 maneat,
752 4164 846 4213 tamen
872 4175 946 4213 mors
972 4163 1038 4217 liter
1056 4161 1211 4224 exstitisse,
1246 4159 1294 4214 aed
1314 4175 1426 4215 necesse
1445 4165 1501 4225 eat,
1534 4167 1567 4214 ut
1581 4160 1745 4224 formaliter
1775 4159 1805 4213 in

114 4264 171 4304 non
196 4245 303 4303 obtinet
324 4246 468 4317 pristinam
492 4262 571 4302 tuam
588 4251 716 4301 naturam
732 4249 761 4301 et
775 4243 945 4315 qualitatem,
972 4255 1038 4305 actu
1055 4247 1220 4311 exstiterint,
1240 4246 1269 4300 id
1290 4245 1364 4317 quod
1385 4247 1420 4302 de
1437 4246 1577 4317 pamaevo
1597 4246 1716 4301 hominia
1730 4251 1805 4300 statu

113 4350 198 4406 quam
236 4338 314 4388 extra
346 4332 449 4389 Christi
484 4332 703 4388 satisfactionem
747 4346 780 4386 ac
819 4331 946 4387 meritum
975 4335 1031 4390 dici
1058 4334 1165 4406 nequit.
1216 4332 1314 4404 Neque
1337 4333 1409 4388 enim
1436 4332 1563 4387 humores
1581 4333 1626 4387 vel
1644 4332 1806 4404 quantitate,

115 4418 224 4483 hahuit,
243 4419 292 4475 ssd
311 4424 435 4473 mutatur
452 4419 505 4489 piis
523 4425 552 4475 et
569 4419 599 4474 in
613 4417 752 4473 Christum
771 4417 946 4472 credentibus
973 4421 1018 4477 vel
1033 4421 1167 4492 qualitate
1177 4424 1347 4490 peccassent,
1361 4435 1412 4475 nee
1427 4419 1503 4474 calor
1515 4418 1649 4474 naturalia
1661 4418 1804 4474 humidum

115 4507 144 4562 in
170 4522 283 4562 suavem
311 4523 437 4561 somnum
466 4511 494 4562 51
520 4520 602 4561 verae
628 4505 702 4560 vitae
734 4504 889 4568 exordium,
917 4502 946 4557 in
972 4507 1095 4562 radicale
1112 4505 1224 4576 penitus
1244 4504 1437 4574 absumsisset,
1467 4522 1518 4560 555
1534 4520 1634 4575 corpus
1651 4504 1806 4562 hominiaa

115 4592 223 4664 peceati
248 4592 437 4648 exterminium
461 4599 489 4647 et
510 4593 632 4647 omnium
657 4591 791 4646 malorum
809 4591 946 4646 levamen·
973 4593 1091 4665 frigore,
1124 4598 1218 4661 aestu,
1248 4590 1451 4661 combustione,
1482 4590 1663 4647 suffocatione
1701 4592 1805 4648 laesum

116 4687 185 4736 tum.
221 4679 331 4747 Tertio,
359 4679 389 4732 ia
408 4680 504 4733 media
523 4686 613 4732 morte
631 4679 740 4743 oioirtea
759 4677 947 4732 consolatione
972 4679 1086 4748 fuisset,
1116 4694 1180 4732 cum
1202 4677 1238 4732 ab
1263 4678 1430 4733 internarum
1452 4683 1479 4732 et
1503 4683 1677 4733 externarum
1695 4679 1803 4734 illarum

8 4764 58 4813 tm.
70 4772 164 4821 15555
182 4768 372 4832 5555151515πό5,
388 4781 423 4819 55
437 4765 557 4837 denique
575 4771 682 4838 quarto,
702 4782 805 4834 corpas
822 4772 946 4819 nostram
972 4782 1116 4822 causarum
1143 4763 1252 4835 injuriis
1269 4762 1345 4818 Deus
1368 4761 1538 4820 sufficienter
1560 4763 1698 4821 hominem
1716 4767 1804 4821 muni-

115 4869 148 4907 ea
165 4852 394 4923 terrospaloere
412 4851 661 4915 reassumendam
680 4850 946 4920 quaresnrrectione
972 4853 1052 4909 verit.
1090 4857 1113 4908 2.
1136 4851 1192 4905 Per
1209 4851 1416 4919 inficiationem.
1458 4850 1566 4907 055555
1588 4851 1684 4907 mortis
1703 4853 1804 4923 princi·

113 4938 197 5011 plena
221 4945 307 5010 atque
331 4938 442 5011 integra
469 4955 502 4994 ex
529 4944 616 4993 morte
642 4937 756 4991 victoria
779 4942 807 4991 et
824 4936 949 5008 perfecta
971 4938 1058 5010 pales,
1076 4937 1225 5008 primariae
1242 4953 1275 4991 ac
1293 4936 1483 5008 adaequatae,
1503 4937 1632 4994 videlicet
1647 4943 1801 5010 peccatum,

113 5022 262 5099 5151155515
287 5041 338 5094 per
364 5023 506 5079 Christum
532 5024 613 5079 nobis
640 5024 797 5095 confinget,
827 5022 891 5081 Joh.
921 5029 946 5092 6,
972 5025 1014 5079 ira
1031 5023 1085 5079 Dei
1102 5040 1135 5078 ac
1153 5024 1279 5095 tyrannis
1298 5022 1410 5091 diaboli,
1428 5023 1457 5078 in
1476 5023 1565 5094 primo
1578 5025 1627 5080 illo
1655 5030 1730 5078 statu
1746 5041 1801 5080 non

113 5128 140 5169 v.
158 5116 201 5168 39.
215 5127 239 5166 5.
268 5115 315 5180 11,
336 5126 363 5167 r.
382 5116 423 5168 25.
453 5116 476 5167 1.
496 5109 559 5166 Cor.
586 5117 630 5178 15,
656 5128 682 5164 v.
708 5114 823 5164 15515.
857 5109 945 5181 Atqui
971 5111 1135 5167 habuissent
1158 5111 1264 5178 locum,
1296 5110 1359 5166 ideo
1380 5111 1462 5168 etiam
1487 5110 1594 5165 nullum
1619 5118 1739 5166 amorte
1757 5111 1802 5167 vel

113 5199 137 5253 51
154 5196 283 5254 christus
305 5215 323 5252 a
348 5204 434 5252 morte
463 5203 491 5252 et
508 5197 677 5252 mortalitate
697 5213 747 5251 nos
769 5213 945 5268 nequaquam
973 5198 1141 5253 mortalitate
1172 5196 1276 5252 homini
1307 5196 1337 5251 in
1365 5213 1399 5253 eo
1431 5197 1589 5269 persistenti
1625 5197 1802 5253 metuendum

112 5284 272 5354 liberasset,
289 5300 431 5356 uunquam
450 5285 522 5339 illius
539 5299 621 5338 verae
640 5282 713 5337 vitae
731 5288 760 5338 51
783 5281 946 5356 ἀφθαρσίας
970 5285 1069 5340 fuisset
1084 5283 1247 5356 periculum.

113 5370 261 5442 participes
278 5369 463 5425 redderemur.
1006 5376 1048 5428 56.
1084 5374 1107 5427 8.
1134 5373 1180 5425 Eo
1208 5371 1328 5424 ebrardi
1352 5369 1552 5428 consecatione.
1585 5369 1746 5432 Ostorodus
1772 5364 1929 5425 inum·

8 5466 57 5513 ιιι
147 5462 190 5514 46.
227 5459 245 5510 6
271 5459 318 5511 Ee
335 5457 446 5512 moeris
463 5454 753 5510 oitoeeoastitutioae.
784 5455 819 5511 a·
831 5457 944 5524 primus
972 5457 1037 5514 1551.
1054 5455 1149 5513 Germ.
1167 5473 1190 5512 5.
1210 5462 1251 5513 33.
1269 5474 1297 5527 p.
1318 5461 1376 5513 266.
1413 5454 1506 5512 Sooini
1524 5456 1694 5528 umentis
1718 5457 1802 5514 etiam
1815 5419 1942 5512 effluite
