4104 6014
850 217 903 277 DE
926 216 1065 277 MORTE.
1739 229 1797 290 159

94 378 173 446 quod
189 375 220 429 in
236 376 291 429 isac
308 376 367 431 uita
386 377 495 431 ss'ls'snet
512 376 701 445 conquisierit.
733 373 930 445 (ExcipitBel·
961 371 1075 427 omnino
1093 376 1170 428 statu
1189 373 1296 428 enisuss
1314 373 1344 429 in
1361 373 1407 430 die
1421 374 1536 430 extremi
1550 373 1652 445 judieii
1671 373 1798 443 inueniri,

95 461 241 516 laminas:
268 462 407 515 Eirinon
430 463 485 515 erit
506 468 571 528 post
588 461 661 514 lsarsc
679 461 765 512 uitam
781 459 868 522 lomes,
886 459 935 511 ubi
960 455 1088 527 inquom
1114 457 1209 513 statim
1234 475 1253 514 a
1277 475 1328 514 suo
1353 477 1386 515 cx
1407 475 1523 530 corpore
1539 459 1663 514 discessu
1681 459 1797 515 nausie-

90 547 232 615 ,tlaps'tioss'
266 555 464 600 casscertnntar
496 556 522 599 et
564 562 654 599 risores
687 562 754 598 suos
779 544 934 611 corrigunt,
960 549 1072 609 runtur,
1099 544 1196 615 utique
1213 562 1280 615 crgo
1297 563 1353 601 non
1372 552 1518 600 transeunt
1534 563 1568 600 ex
1587 546 1749 617 purgatorio
1767 545 1798 599 in

98 635 151 686 erit
169 641 262 685 tamen
280 633 329 685 uli
342 641 464 700 peccata
477 632 551 685 iccia
561 633 715 700 justorum,
733 647 804 698 quae
817 629 933 697 flagitia
960 628 1086 696 coelum.)
1131 628 1174 684 ld.
1194 635 1274 685 tract
1295 637 1337 687 49.
1355 630 1384 686 in
1404 631 1484 687 loli:
1515 631 1708 700 Unusquisque
1734 648 1797 684 cum

95 719 156 772 dici
172 719 370 786 nonpossint,
393 727 554 786 purgentur
571 725 598 769 et
614 733 672 785 pro
691 716 854 769 criminibus:
866 715 932 783 jam
961 731 1048 768 casua
1065 733 1120 768 sua
1140 716 1288 770 dormitet
1305 734 1368 770 cum
1386 735 1475 772 causa
1492 734 1545 770 sua
1562 718 1695 786 resurgit.
1727 715 1797 772 Gre-

96 787 223 857 llinss'ssis
244 821 340 872 poesia
370 804 537 873 tenspcralis
568 803 612 856 lui
632 802 733 870 poscit.
775 799 932 869 Responde·
961 801 1056 870 gorius
1075 801 1124 856 lib.
1143 807 1167 857 8.
1186 803 1330 858 moralium
1348 804 1377 858 in
1395 803 1498 860 lobum
1519 820 1582 873 esp.
1602 810 1632 859 8:
1660 804 1797 858 saloim

96 888 213 969 muszpi
231 889 419 959 poenitentioe
436 888 515 943 locus
534 906 592 943 non
608 893 651 942 cst
669 893 734 958 post
747 885 819 941 hanc
837 885 934 952 vitum,
960 888 1016 954 ait,
1036 889 1103 955 quic
1122 888 1230 954 lignum
1250 890 1281 943 in
1300 907 1462 959 quocunque
1481 891 1545 943 loeo
1563 889 1711 959 eecs‘dm‘t,
1737 888 1796 942 siue

98 991 165 1045 crgo
185 991 237 1029 nec
255 974 468 1042 satisfactionis,
493 975 568 1029 undo
586 973 763 1044 Augustinus
784 979 932 1042 utrumque
959 976 1001 1024 ad
1019 982 1157 1040 amemus,
1176 975 1234 1028 eise
1254 977 1296 1028 ud
1312 977 1489 1047 nquiorem,
1508 977 1548 1029 ili
1564 977 1633 1042 erit,
1649 976 1717 1044 quia
1734 992 1796 1027 cum

96 1061 258 1131 conjungit,
276 1061 351 1131 quod
369 1061 447 1115 nulla
465 1060 657 1130 compunctio,
683 1059 761 1113 nulla
779 1056 932 1112 satisfactio
958 1059 1176 1113 lauantemne
1195 1068 1318 1130 tenspore
1337 1062 1395 1114 siue
1415 1070 1545 1129 sanctus,
1570 1062 1628 1114 siue
1653 1061 1796 1128 neopum

96 1155 160 1216 post
176 1148 323 1201 transitum
345 1165 378 1201 cx
402 1147 456 1201 hoc
476 1146 571 1200 seculo
595 1146 633 1199 sit
656 1148 837 1209 remensum.)
875 1143 932 1199 Iso
958 1146 1076 1215 spiritus
1094 1148 1279 1211 egredientem
1295 1148 1419 1200 uiciniam
1432 1149 1561 1201 claustra
1573 1149 1670 1199 carnis
1681 1163 1794 1213 accepe-

97 1248 177 1287 sesm.
196 1239 222 1288 t.
244 1232 273 1286 in
292 1231 407 1302 Epiph.:
430 1232 468 1285 In
485 1233 602 1297 inferno
624 1231 706 1283 nullo
728 1239 768 1283 est
785 1228 931 1295 correctio,
944 1208 947 1281 l
960 1232 1008 1295 rit,
1027 1232 1057 1283 in
1074 1241 1218 1286 aeternum
1238 1250 1331 1286 secum
1348 1235 1409 1287 sisse
1424 1234 1489 1286 ulla
1502 1235 1709 1303 pennatatione
1728 1234 1794 1285 reti·

97 1333 147 1370 nec
174 1318 262 1369 datar
286 1318 440 1370 remedium
464 1317 688 1382 satisfactionis,
715 1316 763 1368 uli
783 1314 850 1383 jam
875 1331 932 1366 non
959 1316 1050 1385 nebu,
1071 1326 1102 1370 ut
1119 1334 1171 1371 nec
1191 1320 1317 1372 esaltata
1334 1321 1376 1372 od
1393 1319 1565 1388 supplicium
1581 1326 1719 1389 proruat,
1744 1335 1795 1371 nec

97 1409 226 1471 superest
245 1403 321 1456 actio
339 1403 501 1455 rolusuatis.
536 1400 694 1471 Hesychius
713 1400 742 1454 in
761 1401 829 1457 lien.
848 1397 895 1453 lib.
908 1403 932 1455 6.
960 1420 1053 1456 mersa
1064 1405 1188 1457 aeternis
1201 1405 1351 1474 suppliciis
1362 1405 1442 1459 ultro
1457 1405 1666 1459 adresnedium
1678 1405 1797 1474 ereptio·

96 1504 123 1546 c.
144 1495 188 1543 to:
208 1489 245 1541 In
262 1488 364 1552 futuro
381 1488 476 1541 seculo
494 1488 555 1555 iam
573 1505 631 1540 non
649 1487 713 1540 licet
733 1486 852 1555 operari
858 1526 863 1547 .
881 1485 934 1538 sed
960 1489 1005 1541 nis
1023 1491 1189 1544 adscendet.
1209 1489 1256 1545 lib.
1274 1496 1299 1546 4.
1318 1489 1382 1546 dial.
1401 1508 1425 1546 c.
1439 1495 1489 1546 39:
1508 1491 1544 1544 In
1564 1491 1708 1559 euangelio
1727 1490 1797 1544 dicit

95 1575 146 1643 oui
161 1592 235 1628 nunc
253 1574 365 1643 operati
379 1582 453 1642 ssent,
471 1575 571 1628 illiad
587 1572 796 1627 retributionem
812 1573 932 1626 ueniunt.
962 1575 1115 1645 Dominus,
1134 1575 1283 1641 ambulate,
1309 1578 1377 1629 dum
1397 1575 1486 1629 lucem
1503 1575 1617 1631 habetis
1655 1577 1714 1630 Per
1728 1593 1796 1644 pro·

96 1660 331 1715 “Damasoenus
358 1660 393 1714 de
412 1659 467 1714 dei.
497 1659 599 1715 esis:
629 1659 687 1714 sire
715 1656 934 1726 tinctorium
956 1660 1071 1728 phetam
1086 1677 1196 1730 quoqsse
1214 1661 1270 1728 ait,
1288 1669 1414 1730 tempore
1432 1669 1546 1732 accepto
1564 1661 1697 1715 exaudiri
1714 1669 1749 1728 te,
1766 1661 1796 1714 ia

97 1745 148 1801 ais
175 1749 231 1800 iuss
264 1745 372 1816 καιρὸς,
402 1743 474 1799 siliis
504 1745 676 1816 παράκλησις
704 1743 861 1815 ἄπρακτος,
887 1744 934 1807 τῆς
959 1747 1007 1799 die
1033 1747 1135 1800 salutis
1160 1747 1261 1817 odjuui
1285 1757 1319 1802 te.
1362 1747 1447 1810 Quod
1460 1749 1572 1802 Paulus
1589 1748 1734 1817 apostolus
1753 1764 1796 1801 eu·

96 1831 280 1902 nesnyipsac
302 1830 357 1904 γάρ
386 1833 564 1898 διαλυθείσης
590 1829 641 1884 οὐκ
666 1831 724 1884 loss
742 1836 934 1902 πραγματείας
959 1848 1066 1901 ponens
1084 1832 1168 1901 dicit,
1197 1849 1259 1886 ecce
1277 1851 1350 1887 nunc
1378 1841 1485 1902 tempus
1508 1834 1696 1902 acceptabile.
1723 1850 1796 1887 nunc

96 1920 275 1994 ἐμαόρευμα,
295 1919 431 1972 nundinis
452 1919 598 1972 dissolmm
623 1926 713 1971 cmsat
734 1915 934 1984 nepotiaticnis
960 1919 1021 1971 dies
1052 1919 1163 1974 salutes.
1218 1919 1355 1972 Salam
1383 1935 1492 1989 quoque
1523 1919 1579 1987 ait,
1613 1921 1797 1990 quodcunque

97 2003 344 2060 musseium*
394 2002 548 2075 Gregorius
572 2002 692 2073 Magnus
715 2001 764 2058 lib.
787 2006 813 2057 8.
838 2000 932 2055 moral.
957 2011 1052 2072 potest
1070 2022 1172 2059 manus
1193 2013 1243 2058 tua
1259 2008 1377 2074 facere,
1400 2006 1539 2058 instanter
1565 2021 1700 2075 operare,
1728 2007 1796 2076 qssia

96 2109 158 2163 cap.
176 2098 202 2148 8.
220 2091 257 2146 ad
273 2088 340 2146 lobi
358 2105 421 2158 cap.
439 2095 468 2143 t:
487 2091 565 2143 Dum
584 2096 692 2157 tempus
708 2089 783 2142 uitae
798 2104 932 2158 praesen
959 2105 1010 2142 nec
1029 2106 1107 2158 opas,
1127 2107 1178 2143 nec
1195 2090 1279 2156 ratio,
1296 2105 1346 2143 nec
1363 2090 1492 2154 muntia,
1512 2105 1563 2143 nec
1580 2091 1723 2159 sapientia
1743 2092 1797 2144 ers't

96 2180 133 2231 tis
146 2178 337 2243 αὺααίαόιῖαν,
362 2177 404 2229 asi
423 2175 614 2245 operationem
633 2176 841 2246 promerendae
859 2175 933 2228 uitae
960 2178 1042 2245 apud
1059 2176 1177 2241 inferos,
1194 2194 1249 2245 quo
1266 2185 1296 2229 tu
1310 2192 1460 2245 properas.
1498 2175 1600 2229 Docs'd
1618 2193 1727 2245 quoque
1744 2178 1797 2245 ait,

97 2262 438 2319 suntmnmreddour.
469 2260 507 2314 Et
518 2267 630 2330 postea:
653 2260 738 2323 Quem
755 2277 934 2329 mquoquam
961 2261 1094 2331 quoniam
1112 2263 1143 2314 in
1159 2262 1284 2315 seculum
1305 2261 1505 2315 misericordia
1523 2261 1594 2329 eius.
1631 2262 1678 2315 Es
1696 2262 1795 2330 quitus

97 2353 181 2404 modo
201 2348 400 2402 misericordia
419 2347 512 2417 eripit,
535 2347 598 2401 sola
613 2354 679 2415 post
704 2363 840 2416 praesens
857 2364 933 2400 secu·
960 2348 1094 2401 nimirum
1124 2349 1267 2402 semendis
1299 2356 1421 2418 constat,
1454 2347 1522 2419 quia
1554 2347 1650 2417 qssals's
1680 2347 1796 2418 qumque

97 2436 156 2490 lum
174 2435 286 2503 iustitia
298 2433 417 2488 addicit.
451 2432 531 2487 Beda
543 2431 571 2485 in
583 2448 680 2487 comm.
695 2431 796 2488 Psalm.
815 2437 844 2486 6:
864 2433 934 2487 Post
961 2433 1026 2486 ltine
1065 2434 1226 2502 egreditur,
1270 2434 1338 2487 tals's
1376 2435 1406 2487 in
1436 2434 1551 2502 judicio
1584 2441 1795 2502 praesentatur.

97 2522 307 2594 separationem
332 2519 461 2587 corporis
485 2527 511 2572 et
536 2518 648 2573 arnume
673 2535 753 2571 nesso
772 2536 877 2571 memor
891 2519 935 2572 tui
961 2518 1177 2590 Olympiodorus
1207 2519 1237 2573 in
1264 2536 1324 2590 cup.
1344 2530 1368 2574 o.
1392 2518 1591 2575 Esetuinstss:
1617 2520 1654 2573 In
1674 2536 1795 2590 quocum

99 2608 224 2677 efficitur
242 2622 305 2658 cum
323 2623 377 2657 esso
396 2605 527 2667 utilitate,
545 2604 579 2657 id
597 2613 636 2658 est
655 2620 743 2672 mino,
762 2605 811 2672 qui
828 2605 863 2656 de
874 2604 933 2657 suis
960 2622 1013 2675 que
1029 2605 1091 2658 ioco
1109 2606 1334 2674 deprehendetur
1358 2607 1447 2676 homo,
1469 2624 1532 2660 cum
1550 2607 1685 2674 moritur,
1710 2606 1740 2659 in
1761 2621 1796 2659 eo

95 2692 223 2762 peccatis
245 2692 276 2744 in
297 2690 349 2745 lsoc
371 2690 464 2743 seculo
483 2708 539 2743 non
556 2690 765 2759 compunpitur,
780 2698 934 2757 postquam
960 2692 1055 2758 produ
1074 2698 1158 2760 atque
1175 2693 1277 2746 ordisse
1290 2702 1438 2761 perarasse
1458 2694 1489 2747 in
1506 2700 1658 2747 aeternam.

99 2787 223 2833 mortuus
240 2785 296 2843 est,
315 2776 423 2830 utiliter
442 2778 651 2845 compungitur,
675 2777 744 2844 quia
762 2776 807 2829 lss'c
828 2784 933 2829 tantum
995 2782 1054 2832 216.
1098 2777 1195 2832 Tertia
1221 2778 1318 2833 clauis
1346 2778 1543 2849 complectitur
1568 2777 1618 2832 illu
1646 2777 1737 2843 diota,
1766 2778 1827 2832 int.
1842 2791 1911 2831 tuss-

99 2867 177 2921 locus
205 2872 245 2917 est
265 2863 491 2926 nsssmicorsiiam
515 2872 579 2931 post
603 2863 655 2915 lsoc
678 2863 800 2915 seculum
824 2869 932 2915 tautum
960 2863 1062 2932 quibus
1079 2872 1220 2932 esserunt,
1242 2864 1353 2919 nullam
1379 2882 1437 2919 esse
1454 2882 1510 2934 pro
1536 2865 1659 2933 peccatis
1677 2845 1924 2935 εαιααίαῆξξξζξῑ,

100 2960 141 3005 est
160 2951 239 3005 loeus
257 2949 392 3016 iustitiae.
423 2947 651 3018 Theophylactus
669 2947 699 3001 in
718 2963 740 3003 e
759 2952 801 3002 23.
819 2946 932 3002 Mrem:
960 2950 1076 3003 ctionem
1107 2951 1166 3003 nisi
1193 2952 1307 3004 unmam
1331 2951 1556 3017 smissuctionem
1576 2947 1698 3016 Christi,
1722 2965 1795 3018 quae
1808 2954 1920 3038 mim

100 3040 211 3092 Fatuae
229 3036 353 3105 uirgines
370 3036 435 3087 idco
454 3035 596 3101 dicuntur,
615 3036 775 3104 quodtunc
791 3035 934 3103 requirent
959 3035 991 3087 iss
1008 3035 1063 3088 isac
1079 3035 1138 3088 uita
1151 3051 1207 3105 per
1226 3037 1311 3098 fidem
1329 3036 1409 3088 notis
1428 3035 1609 3106 applicatur,
1626 3052 1683 3089 non
1702 3043 1795 3089 autem
1808 3050 1925 3090 usrscsta·

100 3126 207 3189 oleum,
232 3141 295 3176 eum
313 3138 370 3174 non
387 3122 426 3175 eit
443 3121 611 3189 negotiandi
628 3129 746 3189 tempus.
766 3136 790 3174 o.
809 3120 934 3190 Legatos
961 3123 992 3174 in
1004 3123 1176 3189 purgatorio
1194 3125 1250 3176 us'm
1272 3122 1474 3188 satisfaciendi
1496 3123 1599 3176 nostris
1616 3122 1796 3192 passionibus
1809 3100 1936 3199 zssfmfflm

100 3212 129 3265 in
164 3209 212 3264 fin.
235 3215 278 3264 tl.
309 3226 337 3279 q.
357 3214 381 3263 2.
406 3223 441 3262 ex
458 3204 596 3265 Gelasio:
627 3208 759 3260 Mortuos
785 3208 934 3261 suscitasse
961 3209 1130 3276 impertitur.
1165 3207 1287 3264 Basilius
1305 3209 1334 3264 in
1352 3226 1375 3264 c
1392 3215 1413 3264 1.
1429 3209 1491 3266 Ea:
1514 3210 1577 3263 Una
1594 3208 1717 3277 expiatio
1730 3223 1796 3276 pec·
1809 3203 1901 3244 ⁰⁵¹¹·ss-

101 3296 244 3350 C'lsristssm
262 3295 387 3362 lenimus,
404 3293 434 3345 iss
453 3309 550 3346 errore
568 3300 691 3345 morosos
708 3292 861 3347 absolvisse
879 3310 935 3346 non
961 3293 1030 3360 cati,
1048 3293 1182 3348 nimium
1201 3296 1318 3364 sanguis
1329 3295 1380 3348 ille
1389 3313 1445 3364 pro
1457 3295 1558 3348 mundi
1573 3294 1666 3347 salute
1685 3293 1796 3363 effueret.

101 3383 166 3451 lepi.
218 3383 258 3435 Et
286 3381 337 3450 qui
360 3381 412 3434 loe
437 3387 546 3431 tantum
575 3379 708 3442 faciendi
731 3377 811 3432 solus
839 3379 935 3432 labsdt
963 3378 991 3430 in
1014 3394 1073 3448 reg.
1097 3378 1173 3435 brev.
1202 3397 1228 3450 q.
1251 3386 1297 3436 lo:
1326 3381 1432 3434 Anima
1460 3381 1492 3433 in
1514 3380 1640 3449 peccatis
1660 3379 1797 3445 volutatu,

98 3478 272 3541 potestatem,
302 3468 389 3521 Petro
422 3467 552 3535 apostolo
580 3465 782 3533 principaliter
816 3467 936 3519 mansla-
964 3481 1086 3532 monam
1117 3467 1201 3519 modo
1220 3466 1301 3518 delet
1327 3467 1369 3519 ad
1386 3467 1481 3519 Deum
1510 3467 1666 3519 accedere.¹
1696 3464 1798 3527 firmis·

101 3557 156 3611 nit:
183 3556 370 3623 stodeunqsse
391 3551 510 3605 colueris
536 3558 761 3618 superterram,
789 3551 844 3603 erit
862 3551 935 3604 solse-
963 3551 1031 3603 sime
1042 3552 1798 3619 credens,pur9otionempeecatorssmsuorumfactam

102 3652 158 3697 tum
171 3650 197 3694 et
215 3641 247 3693 s'n
265 3638 357 3694 coelis.
389 3636 599 3706 superterram
620 3637 718 3704 inquo,
737 3656 803 3689 nom
821 3637 851 3689 in
863 3636 935 3706 lipa·
965 3650 1023 3688 esse
1037 3652 1093 3705 per
1114 3637 1280 3703 sanquinem
1300 3637 1407 3690 Clsrs'sti
1430 3638 1462 3690 s'n
1488 3636 1665 3690 mouituds'ne
1683 3636 1800 3689 nisus·

104 3729 178 3782 tione
197 3727 362 3792 defunctum
380 3741 522 3791 nunquam
543 3724 616 3775 etse
634 3739 692 3775 csse
710 3723 918 3779 absolvendum.
964 3722 1072 3775 tionum
1092 3723 1159 3791 Dei,
1179 3730 1210 3775 ut
1228 3722 1278 3776 illc
1297 3723 1358 3791 ipse
1376 3723 1465 3777 dicit:
1499 3723 1534 3777 Si
1551 3724 1662 3790 semsint
1680 3729 1800 3792 peccatu

9 3817 73 3857 Μ·-
138 3819 197 3868 215.
232 3811 362 3866 Secunda
384 3808 481 3863 clusis
506 3807 700 3877 complectitur
725 3808 774 3863 illa
789 3808 879 3877 dictu,
907 3808 936 3862 in
964 3816 1098 3861 oestraut
1116 3809 1265 3875 coccinum,
1284 3808 1425 3879 pransis
1437 3809 1651 3863 mcloalunnsr.
1680 3808 1800 3863 Ambro-

9 3877 361 3969 {aequisonantiae
393 3912 611 3963 aemulaque
638 3895 680 3947 m
691 3894 840 3964 juneas,
870 3904 901 3948 u
918 3913 937 3948 a
965 3893 1022 3946 sius
1040 3894 1088 3949 m.
1112 3899 1152 3950 ss.
1175 3895 1204 3947 in
1221 3892 1291 3949 tus.
1308 3911 1362 3965 sap
1391 3900 1432 3951 as.
1464 3902 1493 3950 α
1519 3913 1600 3952 serm.
1626 3900 1673 3951 sc:
1692 3897 1798 3961 men

9 3982 43 4011 ²¹²
106 3985 218 4040 Cleristo
235 3983 265 4035 in
289 3989 378 4034 morte
402 3981 549 4038 inuenitur¹
591 3979 718 4036 Clemens
742 3981 821 4035 Rom.
848 3981 896 4036 lib.
913 3987 936 4037 8.
965 3995 1026 4031 mat
1044 3980 1125 4033 Ptlrt'
1142 3980 1220 4047 1⁶90,
1246 3981 1470 4042 esslt‘efssclt'ontm
1486 3999 1543 4035 m
1563 3981 1636 4049 ltno-
1675 3980 1800 4049 (Excipit

9 4031 86 4124 'iiii-⁸
106 4070 248 4127 constitut.
276 4072 364 4136 apost.
393 4081 454 4137 cap.
482 4072 530 4121 422
560 4067 612 4119 Cui
638 4067 700 4120 uiuo
727 4068 850 4136 offensas
876 4074 939 4120 erat
966 4065 1160 4129 Bellarminus,
1178 4067 1401 4128 satisfactionem
1414 4083 1446 4121 eo
1464 4067 1527 4121 loco
1540 4067 1703 4134 sipnificare
1720 4084 1799 4121 escu-

9 4128 91 4218 iirsiie
107 4159 199 4223 Deus,
225 4163 300 4207 certe
327 4154 418 4206 adem
443 4161 553 4206 mortuo
572 4160 612 4205 est
628 4152 727 4207 iratus.
764 4151 893 4208 lucunas
908 4153 938 4207 in
964 4153 1108 4207 sationem.
1151 4151 1374 4222 Respondemus:
1398 4168 1451 4207 nec
1475 4152 1512 4208 ds
1531 4151 1720 4219 excusatione,
1747 4167 1799 4206 nec

9 4233 91 4320 ,π’
105 4242 171 4299 dial.
195 4257 258 4295 cnm
283 4238 389 4309 Tryph.
417 4255 444 4307 p.
470 4243 534 4293 tot:
561 4239 666 4294 Noster
693 4240 835 4292 Donsinus
852 4239 938 4295 Jesus
966 4239 1001 4294 de
1024 4237 1213 4293 satisfactione
1239 4237 1316 4293 Petri
1339 4236 1492 4309 quidquam
1515 4238 1591 4309 apud
1614 4236 1799 4308 evangelistas

9 4360 16 4373 ·
105 4327 233 4382 Christus
250 4327 331 4395 deod,
350 4328 381 4380 le
400 4319 441 4384 οἷς
468 4323 504 4379 ἂν
522 4322 596 4398 ὑμᾶς
613 4321 767 4394 καταλάβω,
785 4325 817 4379 ἐν
833 4325 939 4388 τούτοις
964 4324 1081 4395 legitur,
1112 4325 1187 4379 unde
1218 4322 1359 4378 Ambrosii
1389 4322 1476 4376 verbe
1512 4323 1548 4377 de
1574 4327 1692 4393 utruque
1722 4329 1798 4379 rotie

103 4420 149 4468 sut
167 4416 270 4484 κρινῶ,
299 4413 329 4464 in
355 4412 454 4480 mutus
471 4430 520 4465 uos
539 4412 766 4480 deprehendero,
794 4413 825 4465 in
851 4414 892 4466 eie
912 4423 938 4468 et
966 4410 1161 4481 accipiuntur.)
1183 4409 1397 4478 chrysostomus
1409 4408 1533 4464 sermde
1541 4407 1718 4479 Philogonio:
1733 4412 1798 4478 Epo

97 4501 247 4570 judicabo.
296 4497 458 4568 Cyprianus
484 4514 565 4552 serm.
595 4498 631 4552 de
661 4496 791 4553 mortalit.
822 4516 850 4569 p.
873 4503 939 4555 21³:
965 4497 1099 4560 testificor
1134 4504 1160 4548 et
1194 4496 1258 4562 fids
1289 4495 1390 4564 jubeo,
1431 4496 1500 4559 fore
1534 4501 1564 4549 sst
1605 4495 1632 4548 si
1670 4503 1800 4551 nostrum

105 4586 220 4649 stalem
238 4595 264 4638 te
283 4585 388 4637 inuenit
408 4586 495 4650 Deus,
519 4601 580 4636 cam
601 4591 699 4650 uocat,
727 4584 811 4638 talem
826 4586 940 4657 pariter
965 4583 1097 4651 quisque,
1135 4582 1185 4650 qni
1203 4582 1332 4650 peccatu
1370 4580 1484 4634 obrsoeis'
1519 4598 1629 4649 sumus,
1665 4585 1800 4637 recedens

104 4682 130 4726 st
151 4673 273 4740 judicat.
320 4669 498 4740 Augustinus
522 4670 602 4738 epist.
628 4674 670 4726 ὅθ.
697 4670 734 4724 ad
753 4670 939 4742 Hesychinm:
966 4687 986 4722 a
1017 4667 1150 4737 pristinis
1187 4666 1274 4720 malm
1311 4683 1344 4721 ee
1379 4667 1474 4719 aesino
1504 4683 1622 4735 sueque
1654 4668 1801 4736 mmittat

103 4759 141 4812 In
168 4776 223 4828 quo
257 4774 390 4827 quemque
420 4756 556 4810 inuenerit
584 4773 652 4809 suess
676 4756 842 4810 noos’ssimus
869 4758 939 4820 dies,
967 4757 1046 4820 Deo,
1072 4770 1102 4807 se
1115 4760 1216 4822 postea
1234 4769 1378 4821 nmquam
1394 4754 1436 4806 ad
1454 4753 1700 4818 inauditorum,
1727 4753 1801 4808 silit

104 4846 135 4898 s'n
153 4845 204 4898 lsoc
230 4861 294 4897 eum
320 4842 534 4911 consprelsendet
559 4843 660 4895 nunni
680 4842 847 4896 nouissimus
870 4844 941 4910 dies,
966 4840 1051 4894 aliod
1067 4841 1148 4892 Deus
1166 4838 1296 4906 requirat
1324 4838 1607 4902 assuefactionem
1625 4839 1800 4896 ulteriorem.

104 4931 237 5000 quoniam
262 4929 357 5000 piatis
378 4929 409 4982 in
433 4927 481 4980 die
506 4927 559 4978 isto
577 4927 694 4997 punam
714 4930 850 4997 moritur,
874 4930 940 4984 talis
967 4923 1142 4996 Augustinus
1169 4922 1220 4978 lib.
1239 4931 1264 4979 t.
1294 4923 1331 4978 ds
1359 4922 1459 4978 'liinit
1484 4940 1548 4995 cap.
1564 4929 1590 4979 2.
1615 4923 1692 4978 cisoa
1709 4925 1800 4981 noe:

106 5017 138 5070 in
177 5016 223 5069 die
260 5016 313 5070 illo
346 5013 533 5082 iudicabitur.
590 5011 713 5082 (Excipit
745 5012 939 5081 Bellarminns‚
966 5012 1133 5080 Iniuriosum
1159 5018 1185 5062 et
1208 5009 1392 5078 superborum
1415 5027 1475 5063 una
1493 5010 1641 5063 mendatio
1657 5018 1712 5078 est,
1736 5029 1801 5064 sass-

106 5103 294 5171 slupustinssm
314 5101 491 5168 significare,
509 5099 587 5166 ossae
599 5106 666 5166 post
686 5099 760 5152 lanc
778 5099 865 5152 ciam
883 5118 940 5153 non
965 5098 1029 5166 puis
1046 5096 1117 5162 iusti
1135 5104 1162 5148 et
1183 5095 1327 5148 lusidius
1348 5095 1420 5161 Dei,
1445 5102 1476 5147 ut
1493 5096 1535 5150 ad
1558 5096 1801 5163 canunptandun

103 5195 230 5242 crescant
246 5187 346 5241 merita
364 5187 408 5239 uel
426 5184 577 5248 munuera.
604 5184 723 5252 ideoque
749 5202 843 5238 omnes
856 5185 938 5253 jusii-
967 5186 1075 5246 Deum,
1099 5182 1177 5249 meod
1192 5188 1297 5233 staura
1321 5198 1379 5233 non
1398 5198 1507 5245 sumus,
1531 5195 1665 5250 pereum
1683 5183 1801 5234 munda·

102 5273 190 5325 candi
206 5273 262 5325 sint
285 5274 327 5324 ad
351 5271 473 5340 pluriam
499 5269 542 5321 uel
560 5271 602 5322 od
618 5267 780 5335 pelennom
814 5269 938 5338 Respon·
966 5286 1069 5331 remur,
1085 5270 1195 5333 factum
1214 5268 1291 5335 quod
1309 5274 1416 5321 natura
1434 5284 1531 5320 summ
1551 5275 1577 5319 et
1595 5268 1672 5333 quod
1682 5275 1801 5334 peccota
1874 5306 1878 5311 -

103 5357 212 5413 demus:
232 5356 288 5411 imo
306 5372 372 5411 vero
388 5355 561 5424 Augustinus
577 5354 606 5407 in
621 5368 725 5422 genere
742 5354 818 5419 dicit,
835 5360 938 5411 statum
966 5373 1022 5409 non
1042 5370 1148 5408 sumsss.
1184 5354 1264 5406 Deus
1283 5354 1358 5406 enim
1377 5360 1485 5407 natura
1501 5370 1560 5406 non
1575 5369 1686 5420 sumus,
1714 5353 1801 5406 leomi-

102 5443 211 5498 uuisnae
239 5451 303 5513 post
326 5447 443 5495 mamm
474 5458 530 5495 non
556 5437 675 5504 muniri,
704 5440 756 5495 sed
783 5441 813 5495 in
841 5440 939 5497 eodem
965 5458 1015 5494 nes
1034 5447 1139 5494 natura
1161 5456 1270 5508 sumum
1292 5439 1366 5507 isati
1380 5447 1573 5507 peccato-nors
1594 5456 1704 5504 summ,
1720 5441 1801 5497 Deus
