4104 6014
228 312 286 370 186
809 305 932 364 Iocus
949 303 1166 373 vmesmus,
1176 307 1323 364 SEXTUS

86 466 152 509 xva.
164 466 211 509 tell.
225 457 362 512 Eusebius
381 457 442 515 libr.
463 465 487 515 6.
506 459 569 517 hist.
588 477 650 531 cap.
666 466 703 534 tt.
722 459 910 532 Hieronymus
928 460 956 514 in
977 459 1058 515 catal.
1087 460 1203 529 proinde
1227 478 1283 516 non
1309 461 1410 517 debere
1432 479 1465 516 eo
1488 461 1570 516 modo
1594 461 1735 516 concludi:
1772 463 1923 518 Peccatum

224 544 318 610 illust,
340 545 514 617 Nicephorus
537 547 583 603 lib.
604 552 629 603 2.
646 547 710 603 hiet
731 547 797 602 eccl.
816 564 839 602 c.
861 554 898 602 15.
933 546 1059 618 Utroque
1086 545 1114 600 in
1134 545 1269 617 Spiritum
1286 565 1306 605 s.
1326 562 1382 600 non
1402 547 1552 602 remittitur
1569 549 1597 601 in
1615 547 1709 602 futuro
1729 548 1834 617 seculo,
1854 565 1922 620 ergo

224 629 310 703 igitur
335 632 416 686 modo
436 632 561 687 Christus
592 633 668 704 loqui
696 633 796 703 potnit.
845 633 945 703 Neque
973 650 1007 688 ex
1027 649 1059 686 eo
1085 632 1222 702 quaedam
1248 633 1304 687 elis
1325 640 1443 704 peccata
1470 633 1498 687 in
1524 651 1556 689 eo
1571 634 1673 689 remitti
1692 639 1818 704 possunt.
1857 633 1922 689 Non

224 716 376 788 quidquam
399 719 551 774 sententiae
572 724 683 774 noemae
708 719 825 777 decedit.
869 718 900 773 Si
926 719 1059 773 eomodo
1085 723 1128 772 est
1148 719 1222 773 enim
1241 735 1428 790 consequens,
1457 720 1532 790 quod
1558 719 1684 775 Christus
1705 721 1739 775 do
1759 727 1874 791 peceato
1893 720 1922 774 in

222 803 331 858 locutus
350 812 399 872 est,
419 811 451 859 ut
468 805 553 861 refert
565 805 733 868 Matthaeus,
752 812 818 861 tunc
831 806 943 860 Marcus
963 805 1059 859 divina
1085 803 1190 873 Spiritu
1207 823 1230 861 e.
1250 806 1371 878 negavit,
1393 804 1462 859 illud
1480 823 1543 860 eum
1562 804 1716 860 affirmasse
1735 806 1770 859 de
1782 804 1843 858 aliis
1858 823 1922 875 pec·

224 888 405 960 inspiratione
423 890 634 961 explicationem
655 891 778 961 addidit3
798 892 821 945 si
839 896 958 962 utroque
976 890 1058 944 modo
1084 889 1162 944 cetis.
1196 890 1295 953 Potest
1318 890 1425 961 aliquid
1451 891 1548 961 negari
1573 890 1609 944 de
1628 907 1684 945 nna
1710 891 1817 961 specie,
1846 891 1921 962 quod

222 974 332 1028 locutus
351 981 405 1043 est,
430 982 462 1030 ut
478 977 638 1033 Matthaeus
655 984 684 1033 et
702 977 813 1033 Marcus
832 976 970 1040 referunt,
991 982 1058 1030 tunc
1085 982 1178 1031 tamen
1200 982 1310 1032 constet
1332 994 1388 1032 uon
1411 977 1557 1032 convenire
1586 975 1636 1030 ulli
1662 977 1763 1047 speciei
1795 977 1922 1046 ejusdem

183 1122 187 1129 ‚
224 1058 351 1114 Christus
378 1062 438 1131 ipse
461 1062 607 1118 verborum
633 1081 745 1118 suorum
774 1062 957 1119 detorsionom
979 1079 1059 1132 prae·
1085 1060 1202 1130 generis.
1239 1061 1286 1116 Sic
1305 1063 1340 1117 de
1358 1062 1489 1132 superbie
1503 1062 1595 1118 dicere
1610 1076 1765 1132 possumus,
1786 1079 1846 1117 cam
1858 1063 1921 1118 Deo

221 1145 318 1200 videns
337 1163 433 1201 sanam
453 1163 547 1201 eorum
574 1149 739 1204 sententiam
762 1149 904 1220 expressit.
944 1154 970 1204 5.
992 1149 1058 1202 Non
1085 1145 1125 1200 ita
1143 1162 1255 1200 exosam
1274 1163 1343 1214 esse,
1362 1153 1394 1200 ιιι
1410 1164 1465 1201 nou
1483 1149 1571 1218 poerit
1584 1164 1646 1203 eam
1664 1147 1820 1202 ullomodo
1840 1147 1921 1215 ferre,

221 1231 262 1283 ito
280 1233 388 1301 aceepit
406 1233 527 1288 Marcus
545 1251 638 1288 vocem
652 1233 683 1287 in
702 1242 853 1300 aeternam,
871 1232 942 1287 siuet
955 1235 1058 1290 Petrus
1085 1248 1118 1286 ex
1139 1249 1194 1301 quo
1214 1236 1307 1287 tamen
1326 1232 1420 1288 inferri
1439 1233 1545 1305 nequit,
1566 1233 1657 1304 ipsum
1678 1233 1786 1306 reliqua
1805 1242 1921 1305 peccata

221 1319 303 1384 apud
319 1319 487 1374 Johannem.
522 1321 599 1373 Nem
619 1320 712 1387 inepte
731 1319 847 1374 dixisset
866 1320 984 1387 Petras,
1001 1337 1057 1372 non
1084 1315 1156 1371 ferre
1181 1333 1270 1386 posse.
1317 1317 1365 1372 Sic
1392 1317 1505 1388 quando
1532 1317 1671 1372 vindictae
1697 1316 1816 1388 cupidae
1844 1317 1920 1384 dicit,

219 1404 329 1457 levabis
347 1404 417 1458 mihi
429 1406 518 1473 pedes
544 1421 632 1474 nepae
656 1405 686 1458 in
710 1405 762 1458 boo
786 1405 896 1471 seculo,
922 1406 1057 1474 nepesin
1084 1418 1138 1455 aon
1166 1402 1305 1456 remittam
1323 1402 1396 1456 hanc
1414 1402 1542 1474 iujuriam
1568 1420 1660 1474 neque
1682 1401 1710 1457 iu
1736 1402 1804 1470 hac,
1829 1420 1921 1475 neque

219 1489 333 1556 saturo,
361 1508 423 1543 orem
447 1491 478 1544 in
501 1492 601 1556 futuro
625 1509 682 1544 non
706 1491 832 1546 laventur
848 1493 947 1560 pedes.
992 1493 1058 1545 Non
1083 1486 1112 1541 in
1130 1486 1224 1541 futura
1239 1487 1312 1555 vita,
1344 1505 1378 1543 ex
1394 1506 1427 1543 eo
1456 1506 1508 1544 nec
1529 1488 1619 1552 debet,
1637 1505 1688 1543 nec
1708 1495 1799 1559 potest
1817 1488 1920 1558 inferri,

222 1583 313 1629 antem
332 1575 423 1646 inepte
441 1577 513 1630 dieii
542 1578 681 1631 Dominus
701 1578 782 1646 apud
799 1578 985 1641 Mendaeum,
1002 1595 1057 1630 non
1083 1572 1158 1641 quod
1177 1573 1314 1643 quaedam
1333 1573 1497 1646 injuriarum
1515 1575 1639 1629 remissio
1656 1575 1753 1629 futura
1766 1575 1803 1628 eit
1819 1574 1848 1629 in
1861 1575 1919 1628 vita

221 1662 374 1715 remittetur
403 1678 491 1730 nepae
512 1663 543 1715 in
560 1663 612 1716 boe
630 1665 740 1732 secvlo,
769 1680 858 1733 neque
891 1664 921 1716 in
948 1664 1056 1727 futare.
1082 1656 1179 1726 altera,
1197 1658 1246 1712 sed
1265 1677 1361 1714 sensus
1381 1665 1440 1727 est,
1460 1659 1535 1730 quod
1553 1660 1619 1730 quia
1635 1659 1664 1712 in
1681 1659 1735 1714 hac
1751 1660 1809 1713 vita
1826 1654 1918 1715 remit-

221 1745 321 1816 Itapoe
351 1748 455 1800 Petrus
480 1749 560 1817 apud
584 1749 744 1803 «Iohannem
770 1750 878 1818 aceepit
907 1765 1000 1802 eorem
1026 1748 1057 1801 in
1082 1748 1140 1797 tere
1160 1744 1230 1799 nolit
1249 1743 1386 1815 injuriam,
1405 1743 1468 1800 ideo
1482 1745 1566 1799 etiam
1584 1743 1612 1798 in
1626 1744 1919 1801 saturavitaeandcm

221 1838 363 1885 aeternnm
379 1833 534 1905 improprie
551 1851 606 1903 pro
625 1835 696 1903 solo,
721 1843 845 1904 tempore
870 1835 955 1903 hujus
973 1835 1055 1899 vitae,
1082 1846 1138 1883 non
1156 1830 1193 1884 sit
1209 1831 1381 1886 remissurus.
1419 1830 1558 1885 Potuisset
1576 1830 1702 1886 Christus
1729 1831 1836 1897 dicere,
1864 1832 1919 1886 hoc

221 1918 342 1970 Marem
360 1927 453 1973 antem
467 1921 588 1996 proprie
599 1938 656 1990 pro
676 1929 733 1976 toto
756 1922 850 1993 spatio
867 1921 952 1989 injus
969 1921 1058 1974 secoli
1082 1922 1228 1985 peccatum
1248 1933 1340 1988 neque
1370 1917 1399 1971 in
1428 1917 1480 1971 hoc
1509 1918 1615 1986 seculo,
1647 1935 1738 1989 neque
1763 1917 1793 1971 in
1810 1917 1919 1973 inieruo

221 2012 247 2057 et
263 2005 365 2064 saisiri.
409 2004 635 2077 Respondemus:
660 2006 830 2079 Principium
856 2005 928 2076 petit
951 2005 1056 2059 Bellar·
1082 2002 1254 2072 remittetur,
1273 2019 1307 2057 ex
1328 2020 1382 2074 quo
1401 2009 1494 2058 tamen
1514 2003 1609 2075 colligi
1627 2020 1683 2057 non
1704 2011 1811 2074 possm,
1835 2021 1918 2076 quae·

220 2089 325 2155 minue,
349 2090 461 2160 quaudo
492 2090 588 2162 infert,
623 2091 750 2146 Christus
779 2091 853 2163 apud
884 2091 1055 2146 Matthaeum
1083 2087 1148 2141 dam
1167 2094 1283 2159 peccata
1296 2089 1324 2143 in
1337 2088 1446 2143 inferno
1460 2089 1569 2144 remitti.
1600 2089 1712 2160 Excipit
1724 2089 1919 2158 Bellarmiuus,

219 2175 330 2244 proprie
348 2175 486 2246 loquitur,
505 2177 580 2248 quod
598 2183 743 2247 peccatum
761 2176 790 2230 in
809 2176 942 2246 Spiritum
961 2193 1056 2252 s.,non
1083 2191 1138 2228 non
1159 2175 1241 2243 seqni
1258 2176 1408 2228 rescindam
1427 2175 1541 2243 repulere
1560 2175 1781 2241 dialecticorum,
1799 2175 1832 2228 iri
1844 2178 1921 2244 qaod
1935 2176 2051 2220 etlam

219 2260 377 2315 remittatur
402 2279 493 2334 neque
519 2261 548 2316 in
574 2261 627 2316 hoc
654 2262 760 2326 seculo,
785 2277 876 2332 neque
901 2262 930 2315 iu
953 2260 1054 2316 iuturo.
1084 2275 1116 2312 ee
1135 2260 1227 2313 verbio
1248 2258 1355 2314 Christi
1365 2261 1383 2328 (
1384 2278 1402 2312 a
1416 2260 1593 2330 Pontificie'r)
1614 2261 1745 2330 infertur,
1764 2261 1816 2314 sed
1826 2269 1920 2316 tamen

221 2344 297 2417 Ergo
319 2347 348 2399 in
366 2346 460 2401 tuturo
477 2346 570 2402 seculo
587 2346 723 2417 quaedam
738 2353 857 2418 peccata
872 2347 1057 2416 remittuntur,
1084 2344 1334 2415 requiescendum
1356 2345 1486 2414 repetam
1510 2347 1695 2413 prudentiae,
1719 2347 1788 2416 qnia
1811 2345 1924 2416 aiioqni

221 2431 377 2502 quacenim
398 2432 435 2486 sit
450 2432 521 2488 ratio
534 2431 618 2502 hujus
634 2431 774 2503 phraseos,
793 2434 957 2503 paulopost
976 2449 1057 2504 exps-
1084 2430 1255 2499 ineptissime
1273 2432 1380 2498 fnisset
1406 2431 1547 2486 Dominus
1571 2431 1687 2484 locutas.
1730 2433 1830 2501 Inepte
1848 2433 1921 2486 enim

222 2517 310 2571 ditum
330 2516 466 2574 dabimus.
494 2517 538 2572 Ac
555 2517 946 2587 undeprobatBellarminus,
964 2536 1056 2573 vocem
1083 2517 1207 2585 diceres,
1232 2517 1283 2570 hoe
1299 2523 1445 2586 peecatum
1464 2533 1521 2569 non
1538 2517 1696 2570 remittetur
1714 2533 1802 2587 nepae
1821 2518 1851 2570 in
1869 2518 1921 2572 boe

220 2604 250 2656 in
268 2609 410 2658 aeternam
429 2603 585 2675 improprie
597 2620 655 2672 pro
672 2604 733 2658 solo
746 2605 962 2675 temporehap‘vs
981 2605 1055 2659 vitae
1082 2603 1184 2668 emmo,
1194 2617 1281 2671 neque
1291 2603 1321 2655 in
1330 2603 1439 2670 futuro,
1451 2602 1516 2655 siin
1525 2604 1632 2669 futuro,
1643 2602 1752 2656 nulium
1761 2603 1921 2673 remittitur,

219 2690 250 2741 in
265 2687 356 2741 verbis
376 2688 461 2742 Petri
486 2687 600 2757 compi?
629 2704 718 2760 aeque
745 2689 818 2744 enim
842 2688 986 2761 probabile
1005 2699 1055 2756 est,
1081 2688 1261 2756 nomisma
1286 2688 1460 2758 loqueretar,
1486 2690 1536 2758 qni
1554 2688 1676 2750 diceret,
1694 2705 1744 2742 ren
1768 2689 1921 2760 Philippus

218 2772 333 2828 Petrum
351 2771 572 2845 exaggerationis
590 2777 619 2828 et
635 2769 773 2840 αὐξήσεως
788 2775 880 2846 gratia
891 2774 1015 2847 ethrp‘us
1027 2782 1057 2830 et
1082 2791 1137 2827 non
1156 2773 1279 2828 absolvet
1301 2781 1432 2843 teneque
1452 2774 1482 2826 in
1498 2773 1569 2827 aule
1589 2774 1870 2844 {reperiamusque
1890 2775 1920 2829 in

220 2858 305 2913 futuri
319 2857 404 2913 scculi
416 2858 535 2929 spatium
548 2859 710 2928 exprimere,
721 2859 797 2928 quod
807 2859 835 2913 in
850 2876 957 2915 omnem
969 2867 1055 2917 aeter·
1082 2858 1151 2911 eules
1169 2859 1331 2928 Franciae5
1348 2878 1403 2913 non
1423 2868 1514 2914 autem
1534 2860 1695 2928 loqueretur
1714 2861 1815 2930 inepte,
1833 2863 1860 2914 si
1877 2861 1920 2914 di-

219 2946 334 3000 nitatem
353 2945 504 3000 concedere
525 2945 602 3010 nolit,
620 2944 706 3018 pedes
724 2963 741 3000 a
758 2944 868 3001 Christo
886 2945 940 3000 sibi
957 2945 1056 3004 ablui?
1082 2951 1171 3019 seret,
1201 2961 1290 3014 neque
1321 2947 1362 3023 in?
1382 2946 1451 2998 aule
1471 2945 1644 3014 Hispaniae,
1672 2963 1759 3015 nepae
1791 2946 1822 2999 in
1849 2947 1919 3000 auia

255 3037 313 3087 246.
350 3036 373 3086 2.
398 3031 432 3086 In
462 3030 554 3086 verbis
572 3030 675 3086 Christi
707 3037 749 3085 cst
775 3031 904 3086 absoluta
934 3034 1054 3104 negatio,
1082 3030 1360 3094 &abominaveris
1387 3032 1454 3088 Joh.
1475 3035 1516 3087 19.
1545 3049 1606 3084 eam
1633 3030 1749 3086 dixisset
1776 3031 1918 3086 Christus:

219 3134 274 3172 nn
298 3115 431 3188 privatio,
462 3133 535 3187 quae
561 3123 769 3187 praesupponat
795 3115 1006 3173 affirmationem
1025 3119 1054 3173 iu
1082 3117 1208 3183 Repnam
1227 3134 1318 3170 meam
1334 3134 1390 3171 non
1408 3125 1448 3170 est
1467 3118 1502 3170 de
1523 3118 1576 3170 hoe
1594 3119 1709 3185 mvndo,
1726 3118 1821 3172 intulit
1838 3118 1917 3173 Pila·

220 3202 358 3274 potentia,
375 3203 429 3257 hoc
447 3207 490 3257 est
506 3202 535 3257 in
554 3201 647 3259 verbis
664 3201 767 3258 Christi
792 3209 833 3258 est
852 3204 945 3274 potins
965 3204 1053 3260 illatio
1080 3208 1141 3255 tas:
1161 3203 1241 3269 Erpa
1258 3218 1308 3255 ree
1326 3218 1357 3256 er
1383 3203 1433 3255 tui
1452 3219 1503 3255 nec
1523 3203 1670 3272 respondit
1687 3201 1828 3269 German,
1858 3222 1915 3258 non

219 3288 461 3344 subordinatorum
498 3287 655 3344 absolutam
691 3289 867 3360 negationem
903 3290 1054 3358 includens,
1081 3288 1147 3341 berse
1167 3287 1248 3357 requi
1265 3304 1298 3342 ee
1316 3288 1445 3355 nepetivo
1465 3288 1686 3358 affimativum,
1703 3290 1755 3342 sed
1772 3290 1914 3358 approba-

220 3392 303 3446 quam
321 3373 434 3445 partitio
453 3372 664 3428 affirmationem
683 3375 797 3429 tacitam
818 3392 1053 3446 praesupponens,
1080 3374 1126 3428 vit.
1164 3375 1263 3442 Nepae
1280 3374 1355 3428 valet
1374 3373 1532 3428 similitudo
1551 3375 1653 3431 allata
1691 3375 1767 3428 Nam
1786 3374 1914 3429 Christus

220 3478 317 3517 sensus
335 3460 408 3516 enlm
426 3466 483 3529 eet,
509 3460 576 3531 quia
593 3466 738 3531 peccatum
758 3460 787 3514 in
805 3461 938 3531 Spiritum
956 3480 977 3515 s.
998 3480 1054 3517 nou
1079 3475 1134 3511 nou
1149 3458 1244 3526 potuit
1268 3459 1377 3523 dicere,
1405 3475 1492 3528 nepae
1516 3460 1545 3513 in
1572 3461 1623 3513 hoe
1647 3461 1757 3528 secvlo,
1781 3462 1914 3529 nepesin

218 3546 367 3604 remittitur
390 3547 418 3601 in
440 3545 493 3603 hoc
512 3547 621 3615 seculo,
647 3545 711 3603 ideo
738 3547 821 3601 etiarn
840 3547 869 3600 in
887 3547 981 3602 futuro
998 3565 1054 3603 non
1073 3544 1184 3610 saturo,
1204 3543 1262 3597 nisi
1278 3543 1369 3614 inepte
1381 3544 1462 3614 loqui
1477 3545 1618 3614 celebret,
1637 3553 1694 3599 tum
1710 3547 1779 3614 qaia
1792 3546 1915 3600 seculum

222 3632 380 3699 remittitur,
398 3632 493 3703 sicque
505 3631 534 3685 in
546 3637 690 3686 aeternum
699 3647 754 3685 non
769 3631 926 3701 remittitur,
937 3650 1054 3703 quorum
1079 3635 1186 3699 tempas
1206 3635 1254 3698 est,
1272 3629 1402 3693 infernas
1415 3648 1480 3683 vero
1502 3631 1589 3695 locres,
1602 3631 1727 3700 proinde
1748 3647 1805 3683 non
1828 3648 1913 3701 oppo-

220 3718 293 3774 enim
322 3716 499 3788 peccatorum
524 3716 649 3771 remissio
675 3733 730 3771 non
749 3716 870 3789 obtingit
891 3719 920 3773 in
939 3718 991 3774 hoc
1011 3735 1053 3774 se·
1080 3722 1200 3778 eantur,
1226 3713 1298 3768 siem
1320 3716 1444 3769 sentum
1465 3732 1605 3786 praesens
1631 3723 1657 3769 et
1684 3717 1829 3783 fntnrnm,
1856 3724 1915 3770 tum

218 3803 295 3873 culo,
324 3803 433 3858 illorum
461 3803 586 3858 remissio
611 3802 716 3858 frustra
740 3812 868 3875 speratur
896 3804 925 3859 in
952 3805 1053 3861 futuro.
1080 3800 1163 3854 etiarn
1187 3801 1254 3872 quia
1281 3800 1448 3866 ininferna
1466 3809 1589 3870 seruiat,
1615 3803 1723 3855 nullom
1739 3803 1805 3871 pieri
1820 3804 1916 3856 remis·

218 3891 252 3945 In
270 3889 323 3945 hoc
348 3890 442 3944 seculo
460 3905 511 3960 per
530 3888 714 3944 ministerium
732 3888 867 3944 ecclesiae
886 3889 964 3946 Deus
984 3891 1053 3962 ligat
1079 3888 1194 3944 sionem.
1241 3886 1466 3958 Respondemus:
1502 3895 1523 3944 ι.
1555 3886 1579 3942 si
1608 3888 1636 3942 id
1667 3888 1742 3961 quod
1768 3904 1801 3942 ex
1824 3887 1917 3943 vorbis

218 3975 263 4030 vel
281 3974 364 4030 solvit
382 3978 504 4045 peccata,
524 3973 552 4028 in
572 3973 666 4028 futuro
680 3973 773 4028 seculo
791 3992 848 4029 nou
865 3975 985 4047 amplius
1003 3993 1054 4047 per
1079 3971 1181 4027 Christi
1216 3971 1346 4040 infertur,
1381 3991 1437 4028 nou
1468 3974 1595 4045 sequitur
1625 3979 1775 4028 seeundum
1805 3973 1917 4045 regulas

218 4059 400 4116 ministerium
422 4058 556 4114 ecclesiae
590 4076 653 4113 cum
680 4059 872 4129 peecatoribus
892 4066 972 4133 aget,
1003 4062 1052 4117 sed
1080 4059 1295 4127 dialecticorum,
1315 4059 1411 4131 utique
1429 4058 1579 4114 noniniert
1599 4076 1617 4115 a
1634 4059 1758 4131 legitima
1775 4065 1804 4114 et
1822 4077 1916 4115 neces·

216 4163 288 4217 quae
306 4163 355 4216 per
383 4144 531 4201 ecclesiam
549 4143 696 4216 ligatavel
714 4143 806 4199 soluta
823 4151 896 4213 sunt,
914 4147 965 4218 pr'o
983 4147 1052 4219 liga·
1079 4144 1152 4198 saria
1172 4144 1382 4216 consequentia,
1410 4145 1476 4217 quia
1503 4162 1612 4199 omnem
1631 4147 1742 4200 omnino
1761 4145 1915 4216 legitimam

216 4233 251 4287 tis
270 4231 314 4288 vel
334 4230 431 4287 solutis
452 4247 518 4286 asc
536 4230 633 4285 haberi
651 4229 712 4300 ipso
730 4229 805 4286 iacto
825 4230 931 4287 scilicet
949 4250 1050 4304 poena·
1079 4229 1302 4302 consequentiam
1324 4230 1428 4303 regulis
1447 4230 1653 4285 dialecticorum
1667 4231 1836 4287 conformem
1853 4247 1914 4286 esse

215 4336 278 4372 rum
296 4319 464 4389 irrogatione
481 4335 515 4373 ac
533 4316 719 4390 praemiorum
740 4316 943 4388 distributione,
962 4320 1051 4374 decla·
1078 4324 1195 4388 oportet.
1241 4323 1265 4371 2.
1287 4314 1397 4388 Regula
1420 4317 1469 4371 illa
1491 4315 1657 4387 prudentiae
1682 4323 1724 4372 est
1746 4316 1827 4373 valde
1846 4318 1913 4374 irre·

214 4403 299 4472 rabit,
326 4421 360 4459 ac
378 4404 495 4475 proinde
514 4403 590 4477 quod
609 4403 638 4458 in
655 4404 709 4459 hoc
727 4403 820 4459 seculo
840 4420 925 4474 super
944 4411 1048 4459 terram
1078 4403 1198 4475 galeris,
1227 4403 1326 4457 nititur
1353 4403 1425 4458 enim
1444 4409 1647 4474 praeconcepta
1670 4403 1798 4475 opinione
1818 4404 1853 4459 de
1870 4421 1914 4459 re·

215 4507 269 4544 non
288 4489 445 4559 remittitur,
463 4489 532 4544 illud
551 4489 687 4544 infuturo
705 4489 808 4558 seculo,
829 4489 857 4544 id
870 4490 1051 4555 catiacoelo,
1079 4488 1207 4544 missione
1230 4490 1401 4559 quorundam
1432 4497 1608 4559 peecatorum
1637 4489 1666 4543 in
1692 4489 1786 4544 futuro
1817 4491 1912 4546 seculo

213 4591 269 4628 non
296 4574 460 4631 remittetur.
508 4574 662 4631 Constabat
690 4574 764 4630 enim
784 4575 901 4632 iudaeis
929 4594 962 4631 ex
989 4577 1051 4647 lege
1078 4575 1224 4645 speranda,
1240 4591 1324 4647 quam
1340 4576 1670 4644 prudentiesanetornm
1685 4575 1771 4631 verbo
1788 4575 1911 4631 revelato

214 4664 243 4716 et
259 4658 338 4715 nobis
356 4675 390 4714 ex
409 4660 568 4733 evangelio,
594 4666 724 4732 peccata,
748 4678 820 4734 quae
842 4662 871 4716 in
888 4661 940 4717 hoc
957 4663 1051 4718 seculo
1078 4661 1198 4716 innitens
1217 4660 1329 4732 penitus
1347 4659 1549 4731 repudiandam
1581 4676 1641 4715 esse
1667 4660 1758 4730 docet,
1798 4660 1866 4716 Luc.
1891 4669 1913 4731 l,

120 4781 124 4789 ·
213 4764 270 4803 non
286 4744 481 4811 remittuntur,
501 4745 590 4817 ligata
613 4763 725 4802 manere
749 4747 832 4803 etiarn
851 4747 880 4801 in
897 4747 991 4803 futuro
1010 4767 1050 4805 se·
1078 4764 1103 4801 r.
1128 4752 1166 4801 Π.
1216 4746 1339 4818 Quiquid
1363 4751 1442 4802 extra
1470 4750 1498 4798 ct
1523 4751 1634 4816 praeter
1659 4745 1775 4801 verbum
1800 4747 1828 4801 in
1847 4745 1913 4804 fidei

215 4831 286 4888 culo.
325 4830 510 4902 Nequaquam
528 4847 594 4886 vero
610 4831 656 4888 hie
676 4849 773 4888 sensus
792 4839 843 4902 est,
864 4834 939 4904 quod
951 4852 1051 4905 pecca·
1078 4832 1202 4888 articulis
1221 4833 1366 4902 assentur,
1390 4850 1445 4886 non
1469 4832 1590 4903 pertinet
1609 4832 1647 4886 ad
1663 4833 1839 4903 prudentiam
1857 4834 1912 4906 spi·

214 4924 308 4972 catum
325 4917 354 4972 ia
373 4915 505 4987 Spiritum
523 4935 545 4972 s.
571 4933 626 4972 aon
644 4918 800 4973 remittatur
817 4918 938 4991 quidem,
959 4938 1049 4992 neque
1076 4919 1217 4986 ritualem,
1251 4920 1300 4975 red
1328 4919 1475 4975 mrnalem.
1516 4921 1563 4974 Ee
1590 4921 1652 4974 solo
1681 4920 1801 4974 Domini
1829 4923 1912 4976 verbo

213 5003 243 5058 in
261 5003 356 5058 futuro
376 5002 477 5064 seculo,
498 5001 607 5057 inierim
628 5018 688 5057 esse
707 5003 763 5058 alia
783 5003 919 5074 quaedam
935 5014 1051 5076 peccata
1078 5005 1218 5076 sapientie
1249 5021 1325 5060 vera.
1374 5010 1397 5061 3.
1416 5002 1556 5060 Christum
1582 5005 1674 5076 inepte
1701 5006 1824 5062 locutum
1843 5023 1912 5079 esse,

213 5087 332 5157 leviore,
356 5103 473 5158 quorum
499 5087 624 5141 remissio
650 5088 680 5142 in
700 5088 794 5144 futuro
817 5088 912 5146 seculo
931 5057 1100 5146 obtineriisi
1116 5108 1171 5145 non
1190 5091 1273 5146 datur
1292 5091 1464 5162 quorundam
1478 5096 1657 5162 peccatorum
1670 5091 1699 5147 in
1711 5092 1805 5147 futuro
1819 5093 1912 5149 seculo

213 5175 314 5245 possit,
345 5173 409 5227 talis
438 5171 511 5228 enim
536 5189 634 5227 sensus
657 5171 723 5228 fidei
746 5174 893 5247 analogiae
916 5183 945 5231 et
963 5176 1048 5231 maui-
1076 5177 1207 5246 remissio,
1227 5177 1322 5249 inepte
1340 5194 1358 5231 a
1375 5175 1545 5233 Bellarmino
1563 5177 1689 5247 infertur,
1709 5178 1817 5249 quiain
1838 5181 1910 5250 ejm·

212 5259 291 5315 iestis
307 5258 466 5330 scripturae
491 5276 523 5313 ac
545 5258 653 5331 piorum
679 5267 804 5316 vetemm
831 5261 912 5316 dictis
932 5263 967 5317 de
985 5280 1048 5334 pec·
1076 5263 1151 5317 modi
1176 5261 1437 5337 exaggerationibus
1460 5263 1617 5318 absolutam
1644 5264 1821 5336 negationem
1846 5283 1910 5322 con·

212 5351 335 5401 cetorum
361 5344 523 5401 remissione
547 5344 576 5399 in
605 5344 658 5399 hae
681 5345 739 5400 vita
757 5346 893 5402 duntaxat
910 5348 1049 5421 speranda
1077 5348 1230 5405 tinentibus
1264 5365 1320 5404 non
1348 5349 1413 5405 licet
1440 5348 1477 5405 ad
1506 5348 1720 5404 affirmationem
1749 5352 1909 5421 procedere.

213 5430 315 5487 dismtc
338 5436 485 5502 repugnat.
528 5430 591 5487 Hoc
617 5430 768 5488 membrum
790 5432 975 5504 responsionis
1001 5421 1102 5560 aiii‘pt.
1120 5420 1312 5509 Nequaquam
1323 5434 1418 5507 inepte
1436 5435 1610 5508 loqueretur,
1639 5435 1687 5506 qui
1708 5436 1737 5490 in
1756 5434 1910 5510 exaggera·

212 5519 253 5572 sic
265 5515 394 5586 ederunt,
405 5534 439 5571 ea
450 5518 596 5588 nepotiane
612 5536 668 5574 non
680 5517 760 5586 sequi
770 5518 999 5592 affirmetionem,
1013 5537 1047 5576 ac
1075 5520 1152 5578 tione
1171 5516 1310 5576 rhetorica
1326 5520 1444 5592 diceret,
1467 5539 1516 5576 ree
1531 5521 1694 5592 Hispaniae
1710 5540 1767 5577 non
1784 5523 1908 5580 absolvet
