4104 6014
865 310 918 367 DE
936 306 1077 367 boam.
1755 319 1814 379 313

129 468 237 529 Christi
259 471 335 530 latus
358 471 458 530 iancea
481 467 625 546 aperuerit
652 472 754 542 porique
772 470 908 539 sanyuiae
926 484 959 523 en
990 467 1103 539 Paper
1121 469 1244 523 Thomas
1261 469 1434 538 sanpuinem,
1458 485 1537 539 quem
1552 486 1608 541 pro
1630 475 1656 521 ts
1673 469 1817 538 impendit,

129 561 238 615 Christi
254 563 343 617 latere
355 564 514 634 profluente
534 563 687 630 adspersam
707 576 725 612 a
745 558 877 613 coecitate
895 574 958 611 ocu·
985 556 1047 609 Fac
1064 574 1115 610 nos
1134 554 1243 610 Christe
1260 558 1407 619 scandere,
1427 573 1481 625 quo
1501 555 1622 610 Thomas
1640 557 1797 610 adscendit.

128 649 220 703 mmm
247 666 281 701 oc
312 650 411 702 mentis
440 648 576 702 liberatus
604 654 630 700 ιι
659 649 700 700 ad
728 645 868 699 Christum
896 661 958 697 ean-
1020 642 1075 698 Sed
1100 642 1189 713 qualis
1215 642 1300 699 fuerit
1316 642 1365 696 ills
1383 642 1505 697 Thomas
1523 642 1664 706 sanctitas,
1690 658 1723 696 ex
1742 642 1816 697 Neu·

127 752 224 789 cerm
242 736 338 797 suerit.
386 732 441 789 Sed
464 733 579 804 quilibet
596 732 687 801 videt,
714 749 747 786 ex
766 746 835 785 voce
851 727 959 799 λόγχης,
985 727 1108 800 brigensi
1138 729 1259 784 ostendit
1286 728 1389 785 Ivellus
1417 735 1489 799 part.
1515 735 1539 785 2.
1567 745 1680 798 operum
1707 747 1734 799 p.
1757 718 1815 783 255.

128 838 184 892 qua
213 821 383 892 evangelista
409 821 438 875 in
457 819 642 890 descriptione
666 818 749 891 hujus
776 816 906 872 historiae
925 815 960 869 de
986 814 1170 869 Bellarminus
1204 815 1264 885 ipse
1294 832 1356 885 cap.
1388 820 1428 873 20.
1463 832 1584 885 respons.
1618 814 1664 871 ad.
1697 819 1722 870 8.
1756 831 1815 886 arg.

128 908 270 979 apertione
296 908 389 962 lateris
407 906 509 962 Christi
532 907 633 974 utitur,
659 922 759 960 nomen
776 902 867 958 fictitii
885 901 959 957 illius
986 901 1127 969 concedit,
1158 903 1334 971 quorundam
1360 911 1519 957 sannorum
1542 902 1675 956 historias
1700 919 1816 973 apocry-

129 993 218 1048 sancti
244 1011 303 1049 esse
335 992 493 1049 deductum.
545 992 585 1048 Ut
611 999 704 1046 sutem
734 991 878 1045 coluerunt
903 1005 959 1050 eos,
982 990 1057 1059 phas
1074 998 1101 1042 et
1119 989 1242 1042 incertas
1261 1005 1326 1042 esse.
1346 988 1447 1043 Postea
1465 989 1555 1042 addit:
1572 989 1725 1058 Historiae,
1745 1005 1817 1059 quae

130 1079 177 1150 qui
196 1097 338 1151 nunquam
357 1079 386 1133 in
404 1095 495 1133 rerum
516 1085 617 1133 natura
636 1077 773 1139 exstitere,
792 1077 832 1130 ita
850 1089 960 1146 quoque
986 1076 1120 1141 seruntur
1138 1074 1183 1127 oei
1200 1092 1233 1128 ιι
1257 1075 1371 1138 Abdia,
1399 1074 1443 1128 nel
1467 1092 1500 1127 ea
1516 1075 1591 1142 aliis,
1617 1081 1647 1128 ut
1662 1075 1817 1143 plurimum

130 1166 235 1219 cultum
254 1165 308 1220 illis
325 1165 522 1234 exhibuerunt,
548 1165 595 1236 qni
613 1182 669 1219 non
685 1162 763 1217 fuere
780 1178 844 1217 vere
863 1161 960 1216 sancti.
987 1178 1043 1214 non
1061 1167 1126 1215 sunt
1142 1178 1246 1230 pressa
1259 1161 1443 1215 indubitatae.
1489 1161 1561 1214 Item
1585 1159 1719 1215 Gelasius
1735 1177 1816 1229 papa

130 1250 264 1323 Sulpitius
284 1253 313 1307 in
332 1253 391 1308 vita
408 1252 520 1307 Martini
540 1251 646 1315 scribit,
665 1252 742 1320 quad
760 1267 821 1303 crem
835 1247 960 1318 populus
987 1265 1011 1304 c.
1029 1256 1129 1301 sancta
1139 1248 1270 1301 Romana
1281 1253 1335 1306 etc.
1355 1248 1419 1301 dist.
1441 1250 1483 1305 15.
1497 1247 1646 1302 historiam
1659 1248 1753 1300 sancti
1763 1245 1818 1300 Ge-

130 1338 247 1407 quidam
271 1340 374 1394 coleret
397 1340 490 1392 nasio
512 1355 592 1408 quem
609 1339 747 1391 hominem
761 1353 819 1406 pro
837 1342 960 1402 martyre
987 1334 1063 1401 oryii
1090 1332 1164 1387 inter
1189 1335 1368 1405 apocryphas
1394 1342 1529 1388 numerat.
1569 1331 1608 1387 At
1636 1350 1752 1405 quorum
1777 1332 1818 1386 hi·

131 1433 158 1478 ιι
174 1427 265 1478 Beato
284 1425 415 1479 Martino
436 1432 564 1493 suspecta
585 1432 655 1477 esset
672 1423 725 1476 illa
744 1421 861 1490 reliyio,
885 1422 962 1489 quod
989 1420 1090 1474 storias
1110 1426 1174 1474 sunt
1193 1420 1385 1490 apocryphae,
1407 1419 1447 1475 illi
1465 1436 1521 1474 non
1535 1428 1653 1490 possunt
1670 1425 1747 1475 certa
1762 1420 1818 1476 fide

130 1511 203 1565 nihil
228 1512 300 1565 certi
316 1529 335 1565 a
363 1512 520 1581 majoribus
550 1512 586 1565 de
609 1510 662 1565 illo
685 1516 783 1563 sancto
801 1509 961 1576 accepisset,
988 1506 1120 1562 invocari.

132 1598 246 1651 tandan
273 1599 371 1653 manti
386 1597 515 1651 Martiae
541 1597 678 1666 apparuit
693 1596 789 1649 anima
809 1596 883 1663 ejus,
914 1594 964 1662 qm·
1024 1597 1081 1648 418.
1116 1591 1227 1663 Excipit
1241 1591 1425 1647 Bellarminus
1442 1592 1470 1647 d.
1491 1593 1510 1649 l.
1531 1599 1553 1648 1.
1572 1593 1638 1647 licet
1658 1601 1819 1647 sannorum

132 1685 174 1739 ibi
190 1685 334 1738 colebatur
350 1692 376 1737 ct
393 1687 525 1750 consessa
546 1693 594 1753 est,
612 1702 640 1737 ιι
657 1684 782 1737 animam
800 1684 962 1734 damnatam
991 1680 1168 1748 qimandan
1192 1679 1327 1733 hristoriae
1355 1681 1410 1732 sint
1436 1680 1613 1750 apocryphae
1639 1688 1664 1733 et
1689 1681 1819 1749 incertas,

132 1787 191 1825 esse
209 1772 329 1825 latrones
345 1772 509 1840 cujusdam,
535 1770 586 1840 qui
599 1787 655 1840 pro
674 1770 734 1823 suis
750 1768 900 1822 sceleribus
919 1784 962 1820 ea·
991 1782 1024 1818 ea
1055 1783 1087 1819 eo
1111 1775 1203 1820 tamen
1228 1783 1285 1820 non
1315 1782 1373 1820 esse
1398 1783 1580 1836 consequens,
1607 1775 1719 1821 sanctos
1744 1768 1821 1837 ipsos

133 1858 216 1911 tremi
240 1856 376 1928 supplicii
394 1874 503 1926 poenas
527 1857 629 1910 lucrat.
668 1855 745 1910 Idem
771 1855 873 1910 accidit
896 1861 964 1908 tem·
990 1869 1132 1922 nunquam
1155 1852 1256 1923 fassae.
1295 1853 1330 1908 ss·
1350 1853 1421 1906 enim
1439 1852 1480 1906 ita
1500 1853 1596 1907 liceret
1615 1855 1820 1923 arpumentari,

132 1959 200 2015 poro
219 1943 370 1999 Alexandri
389 1944 491 1998 illut
510 1949 636 2013 patetex
655 1958 678 2000 c.
710 1941 876 1996 Audivimus
895 1947 964 1996 extr.
987 1939 1117 2010 plerique
1146 1938 1271 2008 apostoli
1296 1956 1353 1993 non
1375 1945 1511 2008 poterunt
1534 1939 1607 1992 inter
1633 1947 1745 1994 sanctos
1769 1959 1820 1993 nu·

134 2031 169 2085 de
194 2030 317 2101 reliquiis
340 2036 368 2085 ct
392 2037 549 2084 sauctorum
573 2028 767 2093 veneratione,
793 2027 841 2082 ubi
870 2045 964 2098 repre·
992 2026 1104 2080 mansi
1152 2024 1378 2095 Respondemus:
1413 2031 1434 2081 1.
1461 2031 1504 2080 est
1529 2025 1623 2096 dispar
1652 2027 1722 2082 ratio
1749 2026 1821 2081 inter

133 2115 232 2170 hendit
254 2117 399 2188 quosdam,
417 2117 467 2187 pai
482 2115 620 2170 hominem
638 2117 668 2169 in
691 2116 824 2168 ebrietate
844 2117 964 2168 occimm
992 2111 1134 2167 historiam
1155 2111 1341 2183 apostolorum
1358 2117 1386 2167 et
1403 2112 1536 2183 legendas
1554 2112 1751 2185 christophori,
1767 2112 1821 2168 Ge·

129 2220 187 2271 pro
208 2211 331 2271 martyre
350 2204 562 2257 venerabantur.
601 2202 758 2273 Utrumque
770 2200 886 2255 totidem
904 2217 963 2254 ver·
992 2199 1078 2270 orgii,
1108 2197 1275 2253 Gatharinae
1299 2205 1350 2254 etc.
1385 2197 1457 2254 Nam
1482 2199 1517 2254 de
1534 2199 1667 2270 apostolis
1685 2200 1821 2271 quaedam

133 2287 176 2343 bis
214 2289 314 2344 recitat
356 2288 539 2344 Bellarminus
582 2288 629 2346 lib.
673 2293 694 2344 1.
734 2289 769 2342 ds
807 2294 965 2342 sanctorum
991 2287 1020 2339 in
1041 2285 1190 2356 Scripturis
1212 2284 1362 2350 habentur,
1388 2285 1493 2341 fatente
1511 2286 1629 2356 ipsomet
1645 2285 1820 2341 Bellarmino.

134 2373 307 2430 beatitudine
338 2391 398 2445 cap.
426 2381 450 2428 l.
477 2371 506 2448 5.
533 2373 639 2429 ultimo.
690 2374 768 2428 Idem
788 2382 858 2444 gosp.
885 2377 909 2427 9.
938 2369 964 2446 5
992 2372 1147 2436 Habemus,
1176 2371 1282 2442 inquit,
1309 2374 1339 2425 in
1358 2373 1503 2441 sranpelio
1520 2374 1821 2445 uocationemaposto-

134 2459 231 2516 uldmo
262 2460 299 2515 ad
329 2462 434 2515 dictum
463 2460 630 2533 Augustini:
660 2461 817 2514 Multorum
844 2477 966 2529 corpora
992 2459 1083 2512 iorum
1105 2475 1155 2512 nse
1181 2475 1237 2511 non
1260 2458 1375 2523 felicem
1399 2460 1595 2513 dormitionem
1611 2461 1704 2513 sancti
1718 2460 1824 2514 Jacobi

134 2549 310 2603 honorantur
335 2548 366 2600 in
390 2549 489 2616 terris,
519 2564 637 2616 quorum
665 2548 775 2600 animas
804 2553 967 2615 torquentur
993 2546 1113 2615 majoris
1132 2547 1195 2601 Ast
1216 2549 1256 2601 11.
1281 2553 1307 2598 ιι
1327 2546 1420 2599 sancti
1439 2547 1521 2599 Petri
1536 2547 1689 2617 yloriosam
1708 2554 1824 2600 mortem

134 2635 165 2688 in
190 2636 328 2703 pedenna,
359 2633 521 2704 respondet,
550 2633 641 2687 locum
665 2632 737 2686 hunc
761 2632 886 2696 fortasse
909 2649 966 2685 non
993 2648 1012 2684 a
1031 2633 1155 2686 Domino
1179 2632 1359 2702 praedictam
1381 2632 1446 2689 doh.
1467 2639 1508 2692 21.
1535 2631 1584 2688 sed
1612 2633 1647 2688 dc
1672 2629 1745 2688 fictis
1769 2632 1823 2687 illis
1861 2678 1866 2694 ,

135 2737 194 2775 esse
210 2720 375 2788 Auyustini,
397 2727 548 2789 praeterea
567 2715 690 2787 inteliiyi
703 2736 788 2789 posse
807 2721 843 2773 de
862 2719 965 2789 impiis,
993 2717 1169 2788 Papistarum
1187 2718 1290 2772 sanctis
1318 2717 1386 2772 nibil
1412 2725 1502 2774 exstat
1526 2720 1555 2773 in
1579 2720 1664 2774 sacris
1682 2721 1777 2777 literis.
1798 2726 1824 2776 2.

135 2807 186 2877 qui
202 2808 377 2861 honorantur
393 2807 600 2878 superbissimis
617 2807 763 2876 sepulcris,
793 2825 853 2860 cum
873 2815 965 2860 tamen
993 2805 1036 2862 Ne
1062 2805 1173 2876 quidem
1200 2804 1375 2859 indubitatae
1403 2806 1589 2876 apostolorum
1612 2806 1744 2863 historiae
1761 2825 1823 2878 pro·

136 2895 248 2948 animae
273 2901 458 2963 torqueantur
475 2895 504 2946 in
524 2895 666 2962 ychenna,
688 2893 732 2946 cel
749 2895 785 2947 de
803 2894 967 2964 corporibus
993 2891 1077 2961 bant,
1106 2891 1245 2963 apostolos
1272 2908 1332 2947 esse
1352 2892 1533 2960 invocandos,
1560 2899 1664 2965 quanto
1680 2895 1771 2948 minus
1789 2911 1822 2949 ex

135 2989 296 3035 sanctorum
322 2998 377 3033 non
406 2981 646 3048 canonizatorum,
673 2979 717 3033 uei
742 2982 778 3033 de
803 2980 967 3050 corporibus
993 2977 1160 3048 apocryphis
1178 2983 1207 3032 et
1225 2977 1336 3032 incertis
1356 2985 1513 3034 sanctorum
1530 2979 1649 3034 historiis
1669 2981 1762 3052 colligi
1774 2998 1822 3050 po

135 3070 242 3130 fraude
262 3068 361 3136 alipta
379 3067 531 3136 suppositis
543 3084 601 3136 pro
619 3067 783 3136 corporibus
799 3075 968 3126 sanctorum.
992 3064 1064 3132 terit,
1090 3069 1201 3118 sanctos
1218 3063 1281 3117 illos
1297 3080 1356 3118 esse
1374 3064 1550 3120 invocandos.
1569 3070 1592 3120 3.
1624 3066 1700 3129 Quae
1714 3066 1822 3121 Abdias

136 3155 179 3208 uei
197 3156 233 3207 de
248 3153 417 3220 martyribus
431 3154 657 3218 Donatistarum,
690 3154 740 3222 qui
756 3153 968 3208 honorabantur
994 3150 1086 3206 etalii
1107 3149 1254 3221 scriptores
1274 3150 1394 3205 fabulosi
1411 3152 1447 3205 de
1465 3151 1597 3222 apostolis
1615 3152 1747 3221 referunt,
1766 3171 1822 3209 me·

136 3241 173 3295 ab
195 3241 343 3295 haereticis
367 3248 398 3293 ut
418 3248 566 3308 martyres,
593 3257 654 3292 eum
677 3257 772 3294 eorum
796 3241 905 3293 animae
922 3257 967 3295 re·
993 3239 1046 3292 rito
1064 3237 1251 3307 repudiamus,
1271 3237 1379 3292 iuterim
1398 3239 1536 3310 apostolos
1554 3239 1629 3309 ipsos
1648 3247 1677 3293 et
1696 3255 1761 3295 vere
1779 3240 1821 3294 fu-

135 3345 203 3381 nera
232 3334 424 3396 torquerentur
453 3327 483 3379 in
511 3326 635 3391 inferno.
686 3325 873 3396 Quaecunque
903 3344 969 3381 vero
992 3325 1048 3378 isse
1074 3329 1102 3378 et
1128 3340 1146 3377 a
1172 3323 1251 3378 nobis
1277 3323 1451 3378 honorandos
1469 3342 1538 3392 esse,
1562 3325 1679 3380 libenter
1698 3326 1824 3381 concedi·

138 3413 282 3484 responsio
297 3411 470 3480 adhibeatur,
487 3410 574 3466 nihilo
587 3418 679 3467 tamen
695 3412 785 3466 minus
797 3412 969 3484 relinquitur,
995 3429 1063 3479 mus,
1083 3426 1147 3464 cum
1167 3410 1310 3480 Scriptura
1329 3427 1409 3466 sacra
1426 3418 1572 3482 unumque
1590 3412 1696 3481 doceat,
1717 3413 1767 3467 sed
1788 3413 1823 3468 de

138 3500 297 3572 religiosum
326 3499 519 3552 defunctorum
547 3505 704 3552 sanctorum
730 3498 835 3552 cultum
864 3498 969 3554 incerto
994 3496 1097 3552 sanctis
1122 3495 1177 3550 illis
1202 3495 1307 3550 fictitiis
1332 3503 1459 3552 neutrum
1486 3498 1572 3553 statui
1598 3505 1689 3569 potest
1711 3505 1824 3569 propter

138 3586 318 3640 fundamento
344 3585 395 3638 niti
424 3592 536 3638 etcum
559 3584 681 3654 periculo
708 3583 880 3639 idololatriae
910 3601 969 3639 esse
993 3584 1113 3638 incertas
1131 3589 1160 3637 et
1176 3582 1353 3655 apocryphas
1371 3599 1465 3639 eornm
1476 3583 1613 3641 historias.
1645 3593 1667 3642 t.
1680 3585 1823 3644 Invocatio

10 3688 64 3732 vm
79 3685 125 3728 ιιι.
140 3674 328 3742 conjunctum.
373 3669 470 3742 Imago
489 3669 602 3740 Georgii
621 3670 795 3740 Cappadocis
819 3672 847 3724 in
866 3672 970 3742 templo
994 3677 1151 3726 sanctorum
1167 3669 1340 3736 potissimum
1358 3670 1456 3724 nititur
1475 3670 1522 3726 illo
1540 3670 1728 3740 fundamento,
1749 3675 1822 3747 quod

139 3758 249 3829 collegii
267 3756 416 3828 Anglicaui
434 3756 538 3810 Romae
564 3755 675 3826 depicta
699 3758 787 3811 fertum
803 3757 900 3811 addito
918 3756 970 3811 hoc
994 3755 1134 3811 miraculis
1170 3756 1289 3811 illustres
1327 3755 1439 3812 suerint.
1491 3757 1555 3813 Jam
1594 3777 1659 3815 rero
1693 3762 1824 3817 historiae

139 3843 276 3899 encomio:
304 3841 457 3910 Georpium
476 3840 675 3911 Cappadocem
698 3842 806 3909 Anylia
831 3844 886 3896 sibi
902 3860 970 3912 pro·
995 3860 1077 3914 quam
1098 3841 1233 3913 plurimae
1252 3842 1287 3897 de
1304 3843 1442 3898 miraculis
1462 3852 1618 3900 sauctorum
1637 3855 1702 3902 sunt
1720 3848 1822 3904 dubiae

139 3938 268 3984 tectorem
288 3928 368 3996 eiiyit
384 3938 411 3981 et
431 3928 561 3982 maaimis
581 3929 718 3993 benefieiis
736 3937 793 3983 tum
808 3947 893 3999 pace,
911 3937 968 3982 tum
995 3930 1039 3984 vel
1056 3929 1186 3991 incertae,
1211 3929 1348 4000 quomodo
1365 3946 1432 4000 ergo
1452 3940 1573 3986 certast
1591 3933 1750 3989 indubitata
1768 3933 1823 3990 fide

140 4016 212 4069 bello
235 4016 356 4086 receptis
381 4013 594 4083 reliyiosissime
620 4030 729 4083 semper
755 4016 848 4071 coluit.
881 4015 969 4086 Atqui
996 4033 1042 4070 eos
1060 4015 1188 4068 invocare
1207 4013 1374 4084 possumus?
1404 4014 1477 4070 Vide
1490 4015 1658 4073 Rainoldum
1678 4019 1725 4074 lib.
1747 4025 1769 4074 1.
1789 4021 1824 4075 de

139 4102 308 4157 Athanasius
334 4101 405 4171 apol.
433 4101 467 4154 de
484 4100 553 4171 iuga
572 4117 623 4154 sua
641 4105 669 4154 et
687 4100 716 4153 in
736 4101 854 4171 epistola
871 4101 906 4156 ad
927 4118 969 4156 so·
995 4101 1075 4155 Rom.
1093 4100 1189 4155 eccles.
1209 4099 1332 4155 idololat.
1353 4117 1416 4170 cap.
1438 4108 1460 4156 5.
1478 4119 1543 4172 pag.
1564 4108 1622 4158 209.
1642 4109 1700 4159 210.

139 4190 213 4245 litar.
230 4190 315 4243 vitam
341 4195 456 4260 agentes
475 4191 503 4240 et
524 4185 679 4263 Gregorius
699 4187 891 4243 Nazianzenus
911 4205 969 4242 ora·
1031 4193 1089 4243 419.
1123 4195 1151 4243 2.
1178 4186 1213 4241 Si
1233 4188 1411 4256 apocryphas
1435 4196 1499 4241 sum
1526 4189 1660 4243 historiae
1679 4192 1764 4245 trium
1782 4193 1826 4247 uel

140 4277 215 4330 tioue
233 4276 262 4329 in
281 4274 391 4329 laudem
403 4272 549 4328 Athanasii
569 4280 713 4340 testantur,
733 4272 885 4345 Georgium
899 4272 970 4344 Cap·
997 4281 1117 4343 qsmtuor
1145 4280 1316 4340 sanctorum,
1345 4274 1591 4328 innumerabilium
1611 4276 1734 4330 aliorum
1765 4296 1824 4332 cer·

140 4362 275 4434 padocem
303 4362 394 4426 fuisse
422 4361 558 4414 hominem
584 4361 739 4429 improbum
769 4369 794 4414 et
822 4362 970 4425 Arianum,
996 4362 1121 4414 tissimae
1141 4368 1206 4413 sunt
1223 4367 1306 4429 atque
1324 4359 1514 4425 indubitatae,
1547 4365 1722 4431 quorundam
1741 4367 1825 4420 etiam

142 4451 192 4519 qui
210 4468 270 4503 cum
290 4448 411 4501 mittan·
429 4466 513 4500 manu
531 4455 557 4500 ιι
574 4447 742 4500 satellitibus
763 4447 971 4500 Alexandriam
996 4449 1134 4501 sanctitas
1163 4449 1193 4499 in
1217 4446 1288 4516 ipsis
1318 4446 1423 4500 diuinis
1449 4448 1541 4502 literis
1563 4451 1763 4520 praedicatur,
1794 4462 1826 4506 ut

141 4556 160 4591 a
182 4535 364 4591 Cmsstantino
384 4535 484 4587 missus
497 4551 553 4603 pro
568 4535 697 4603 qrmcopo
715 4533 863 4586 ssrbmsese
876 4534 970 4602 pessit,
997 4537 1131 4604 Mariae,
1154 4533 1277 4587 Joannis
1309 4534 1475 4602 Baptistae,
1504 4536 1598 4602 Petri,
1633 4537 1769 4607 Stephani
1799 4547 1826 4592 et

136 4631 241 4693 postea
259 4638 323 4675 sero
343 4639 404 4673 cum
422 4629 486 4673 teste
504 4621 650 4675 Ammiano
668 4619 829 4674 Marcellino
848 4619 919 4673 libro
930 4626 970 4675 22.
997 4621 1127 4674 aliorum.
1170 4620 1307 4683 Quocirca
1331 4621 1359 4673 si
1381 4622 1446 4675 ideo
1467 4623 1565 4676 nolunt
1590 4627 1752 4680 adomsarii
1771 4623 1825 4680 Ge-

141 4728 161 4764 a
178 4710 298 4763 Juliano
319 4709 460 4777 Apostata
484 4708 641 4761 trucidatus
664 4715 749 4775 esset,
773 4707 919 4774 cineribus,
937 4724 971 4760 ne
997 4709 1115 4778 oryium,
1134 4705 1363 4776 Christophorum
1375 4715 1424 4761 aut
1437 4706 1622 4763 Gatharinam
1635 4712 1733 4777 colere,
1751 4715 1829 4782 quod

139 4804 275 4865 tanquam
296 4803 405 4863 martyr
425 4811 442 4846 a
463 4791 632 4845 Christianis
651 4794 779 4862 repetiero
805 4793 970 4861 inferretur,
997 4812 1092 4849 eorum
1109 4793 1244 4846 historiae
1264 4794 1388 4847 incertae
1405 4795 1469 4863 sint,
1492 4813 1542 4848 cur
1562 4797 1698 4863 Mariam,
1717 4800 1825 4854 Jahan·

136 4882 275 4952 projsctis
299 4883 329 4935 in
359 4895 452 4947 mare,
483 4898 502 4931 a
521 4879 665 4933 nonnuliis
685 4898 741 4950 pro
765 4888 887 4948 martyre
915 4881 973 4933 coli
996 4898 1067 4950 nem,
1087 4880 1272 4950 Stephanum,
1292 4880 1408 4933 Petrum
1426 4888 1474 4936 etc.
1494 4900 1550 4936 noa
1571 4884 1683 4954 colunt,
1709 4904 1826 4956 quorum

141 4969 250 5038 coepit,
283 4975 355 5022 teste
383 4965 539 5037 Epiphanio
570 4965 675 5022 haeres.
705 4972 746 5021 lb.
773 4967 837 5020 inde
869 4966 972 5037 prodiit
996 4967 1129 5020 historias
1148 4982 1253 5035 nspars
1271 4985 1326 5020 non
1341 4970 1480 5036 possuntt
1511 4968 1734 5038 Respondemus:
1758 4980 1778 5030 1.
1799 4972 1826 5027 A
1839 4981 1917 5027 xvm.
1932 4981 1976 5023 ut.

136 5057 237 5126 passio
265 5053 384 5124 Georpii
406 5070 423 5107 a
449 5050 630 5106 sectatoribus
649 5054 708 5123 ejus
728 5052 872 5123 evulgata,
899 4992 1146 5125 quaeiremotions
1174 5053 1255 5108 unius
1281 5054 1427 5108 necessarii
1457 5055 1582 5126 requisiti
1607 5056 1642 5112 ad
1669 5059 1759 5116 effecti
1785 5079 1827 5117 re·
1976 5059 1979 5066 '

141 5142 243 5197 multos
260 5141 374 5203 fefellit,
402 5146 433 5193 ut
452 5138 587 5209 putarint,
606 5137 756 5210 Georgium
775 5113 1145 5216 Cappadocemimotionem
1171 5147 1246 5194 recte
1271 5141 1443 5209 proceditur,
1467 5142 1516 5196 sed
1541 5160 1559 5197 a
1581 5145 1716 5213 positione
1745 5148 1826 5202 unius

141 5237 268 5284 sanctum
281 5227 367 5282 fuisse
379 5232 534 5297 martyrem.
573 5223 674 5278 Confer
692 5225 841 5279 Baronium
856 5225 884 5279 in
898 5227 970 5281 notis
997 5227 1143 5282 necessarii
1163 5225 1288 5300 requisiti
1306 5244 1361 5280 non
1380 5232 1473 5296 potest
1492 5230 1528 5283 ad
1548 5229 1640 5285 effecti
1659 5233 1823 5302 positionem

141 5317 177 5372 ad
206 5315 432 5387 martyrologium
456 5312 610 5367 Romanum
629 5311 732 5381 Aprilis
755 5317 797 5366 23.
823 5311 872 5367 ubi
896 5312 972 5380 dicit,
997 5315 1091 5368 statim
1109 5313 1230 5384 procedi.
1259 5312 1345 5368 Recte
1362 5313 1448 5385 igitur
1465 5314 1614 5385 concludo,
1642 5317 1703 5373 illos
1716 5329 1826 5376 sanctos

140 5411 227 5459 totam
254 5402 327 5456 illam
355 5402 389 5456 de
417 5399 485 5455 actis
503 5397 617 5469 Georgii
640 5396 765 5451 fabulam
789 5396 875 5454 fuisse
897 5415 970 5453 com·
997 5416 1052 5454 non
1083 5416 1143 5454 esse
1174 5398 1303 5470 religiose
1336 5398 1518 5466 invocandos,
1550 5419 1665 5473 quorum
1695 5405 1827 5462 historiae

141 5495 263 5544 mentum
291 5488 466 5544 Arisnmum.
509 5485 644 5540 Thomam
673 5483 824 5540 Becketom
852 5486 882 5540 in
912 5488 969 5541 An·
997 5491 1062 5540 sunt
1088 5485 1263 5556 apocryphae
1285 5491 1314 5539 ct
1338 5485 1475 5553 incertae,
1503 5504 1538 5543 ac
1563 5489 1599 5543 de
1627 5489 1726 5561 quibus
1751 5493 1827 5548 haud

141 5575 199 5647 glis
216 5576 380 5630 invocarunt
397 5573 473 5629 hisce
490 5571 596 5628 serbis:
997 5572 1100 5643 injuria
1125 5570 1282 5640 dubitatur,
1310 5588 1347 5626 au
1370 5591 1492 5646 unquam
1511 5576 1540 5630 in
1556 5592 1647 5633 renum
1664 5586 1765 5635 natura
1781 5598 1826 5635 ex·
