4104 6014
850 189 902 246 DE
925 185 1064 246 noum
1735 194 1795 255 327

105 343 179 417 quin
193 344 296 401 eruditi
308 345 406 402 merito
425 346 561 417 dubitant,
581 364 618 402 an
635 346 827 414 sintlustini).
845 346 894 420 qni
910 345 941 401 in
969 358 1064 397 coram
1095 342 1232 397 tribunali
1265 342 1374 400 C'bt't‘ttt'
1403 343 1671 413 mistelebmrs
1707 342 1800 415 inquit

108 448 139 503 q.
163 436 205 489 bt.
233 448 267 488 ex
283 431 333 500 iis,
361 449 433 504 quse
462 441 559 506 gentes
586 434 749 489 Christianis
775 438 941 505 proponunt,
968 425 1081 497 Paulus,
1100 438 1132 485 ut
1149 430 1337 500 unusquisque
1353 432 1445 497 ferat,
1462 447 1533 499 quae
1548 448 1601 500 per
1619 447 1723 499 corpus
1741 431 1799 483 sioe

7 525 55 567 ut.
70 524 94 567 2
108 516 225 583 scribit,
252 519 442 572 narrationem
471 522 506 574 de
527 521 637 574 Latara
665 529 690 575 st
707 520 791 575 meite
811 539 867 575 non
883 534 943 573 sese
969 513 1050 584 bona,
1066 517 1124 571 sire
1142 517 1220 571 mala
1239 518 1331 585 pessit
1375 518 1450 571 Nam
1467 516 1495 569 si
1510 535 1613 586 corpus
1632 535 1688 572 non
1705 533 1799 570 resur·

107 620 207 659 uram
237 604 399 674 historiam,
429 610 458 659 et
490 622 603 661 caueam
632 606 751 661 reddens
785 605 942 677 subjungit:
967 602 1021 668 ait,
1060 604 1155 656 anima
1187 611 1283 656 nostra
1315 604 1481 657 incoronata
1511 604 1632 657 manebit
1657 612 1686 658 et
1718 613 1798 658 satra

111 691 210 760 Neque
232 690 305 744 enim
331 699 396 745 ants
420 693 651 747 resurrectionem
677 692 825 763 unicuique
845 708 878 745 ee
895 693 943 754 iis,
968 688 1112 742 coelestem
1131 689 1329 742 beatitudinem
1354 690 1413 746 erit.
1440 688 1534 746 homil.
1557 694 1598 747 28.
1616 690 1645 745 iu
1662 691 1742 761 epist
1761 691 1798 746 ed

109 790 183 844 quae
200 777 231 829 in
248 777 307 831 rita
323 778 415 844 pessit
431 777 592 846 praemium
608 779 749 831 redditur.
784 777 828 834 ld.
847 795 874 848 q.
894 781 941 832 76:
970 771 1122 829 Hebraeos:
1145 775 1301 843 Intellipite
1319 783 1346 829 et
1369 794 1432 840 vot,
1452 778 1536 846 wit
1553 785 1580 831 ⁶²
1599 786 1732 847 mentun
1749 787 1798 846 tet,

111 857 148 912 en·
164 868 231 914 ante
250 862 480 917 mmmmm
497 863 580 917 niella
590 872 654 916 sunt
672 881 788 933 operum
802 864 942 933 praemia,
968 860 1161 914 Abrabamum
1179 863 1278 915 sedere
1296 869 1321 915 st
1333 864 1491 932 apostolum
1503 864 1626 918 Paulum
1637 873 1797 933 euspectan·

109 946 174 1017 φῦ
197 947 310 1011 fructu
334 949 394 1015 fuit
411 948 531 1014 lunoni,
558 966 619 1003 cum
639 950 669 1003 in
691 951 861 1020 paradisum
881 951 942 1018 ejus
969 953 1018 1008 ter,
1038 949 1151 1014 quando
1169 956 1196 1002 et
1212 956 1243 1002 tu
1259 950 1443 1017 consumeris,
1466 960 1497 1005 ut
1511 952 1624 1020 possent
1641 959 1706 1005 tunc
1724 969 1796 1006 mer·

110 1032 223 1088 mmm
239 1033 417 1089 incederem
436 1038 498 1090 eset
535 1035 697 1107 Respondet
713 1043 817 1103 eutem,
836 1036 942 1090 amca-
969 1033 1063 1085 esaan
1079 1034 1219 1103 recepere,
1249 1034 1307 1088 ntes·
1333 1036 1406 1090 enim
1430 1045 1456 1091 ee
1479 1054 1529 1092 ms
1549 1037 1617 1091 eum
1635 1040 1797 1103 censimus.

110 1126 164 1173 tem
180 1119 291 1174 latroni
309 1120 401 1184 fuisse
425 1136 502 1188 eam,
528 1123 606 1190 qaod
623 1123 699 1191 fidei
720 1124 893 1177 commodum
911 1138 943 1175 re
969 1124 1033 1170 tunc
1060 1120 1207 1186 praedixit
1236 1121 1276 1174 eis
1303 1120 1437 1177 Salvator
1463 1141 1519 1177 non
1539 1124 1611 1178 dare
1635 1127 1798 1190 mercedem,

110 1205 176 1275 ipra
189 1206 366 1278 perceperit,
380 1223 437 1275 per
455 1210 532 1276 quod
548 1209 650 1276 dignus
668 1218 813 1278 reputatus
830 1210 877 1279 nii,
894 1209 945 1277 qui
968 1203 1040 1256 et'ctti
1054 1212 1141 1275 patet·
1159 1205 1245 1261 bonm
1268 1215 1380 1263 amator
1397 1209 1524 1274 filiorum
1537 1211 1638 1280 proiit
1656 1219 1683 1265 ei
1701 1212 1798 1278 penui·

111 1299 274 1346 sanctonum
299 1294 390 1346 coetui
412 1294 629 1362 adjunqeretur‚
660 1297 690 1347 in
719 1313 774 1364 quo
799 1311 885 1363 usquo
902 1296 943 1346 ad
968 1290 1013 1342 etth
1032 1291 1102 1352 filt't'e
1127 1300 1154 1346 el
1174 1310 1244 1361 optet
1257 1296 1468 1363 perficieniihtte
1493 1296 1571 1365 dt'ct‘l,
1595 1313 1625 1351 te
1643 1315 1698 1352 nott
1718 1299 1799 1351 ddbtt·

111 1378 187 1431 diem
215 1379 428 1432 resurrectionis
456 1388 483 1432 et
514 1381 749 1434 remuneratiorem
782 1387 943 1434 reservatur
968 1393 1031 1428 rtem
1049 1379 1207 1446 comedere,
1234 1380 1292 1432 nisi
1308 1382 1434 1435 uenerint
1452 1382 1538 1437 ettam
1561 1384 1616 1437 alii
1624 1386 1732 1448 fratres
1743 1389 1797 1437 etc.

111 1464 246 1533 habetque
263 1466 402 1533 paradiei
418 1482 528 1519 sensum
552 1467 756 1535 inteilipentiae
773 1484 870 1534 sensu,
894 1468 944 1537 qui
970 1462 1014 1516 Ne
1032 1462 1146 1533 aliquid
1157 1482 1234 1534 prae
1250 1467 1330 1521 nobis
1347 1468 1448 1523 habere
1464 1471 1639 1534 uiderentur,
1662 1471 1690 1523 si
1709 1470 1799 1542 premi

112 1551 235 1619 dicitur,
254 1567 308 1620 quo
329 1552 419 1606 animi
449 1560 474 1605 et
491 1568 522 1605 se
541 1552 600 1622 ipsi
617 1553 727 1622 vident,
746 1560 773 1606 et
789 1570 860 1621 quae
877 1563 941 1606 sunt
971 1558 1034 1603 ante
1070 1568 1121 1604 nos
1155 1561 1373 1618 coronarentur,
1407 1573 1493 1610 unum
1529 1557 1657 1622 definivit
1693 1565 1799 1626 tempus

112 1637 163 1689 sub
194 1637 265 1706 ipsis
294 1646 320 1690 et
343 1644 497 1710 praeterea
527 1639 644 1706 anqelos
673 1647 756 1709 atque
783 1640 943 1696 daemones.
970 1637 1092 1690 omnium
1110 1653 1279 1692 coronarum
1305 1648 1333 1693 et
1356 1641 1407 1711 qui
1430 1650 1495 1695 ante
1514 1651 1572 1696 tam
1588 1643 1690 1697 multos
1709 1661 1799 1697 annos

112 1720 244 1777 Irenneus
263 1722 310 1778 lib.
325 1731 350 1781 5.
375 1724 438 1780 adr.
465 1723 570 1780 haeres.
598 1740 659 1795 cup.
682 1729 723 1780 31.
742 1723 817 1779 circu
843 1724 941 1779 finem:
969 1723 1043 1786 eicit,
1060 1731 1149 1777 tecum
1166 1727 1287 1795 acepta
1305 1744 1445 1786 coronam.
1492 1728 1530 1784 Et
1546 1736 1657 1799 postea:
1679 1731 1799 1784 Praeve-

114 1810 185 1864 Cum
204 1811 344 1864 Dominus
363 1812 393 1865 in
412 1813 504 1865 medio
521 1812 636 1867 umbrae
655 1811 751 1865 mortis
769 1812 879 1874 abierit,
896 1813 945 1865 ubi
970 1817 1070 1862 nemim
1088 1827 1139 1863 nos
1158 1812 1187 1864 in
1205 1814 1411 1879 certaminibus,
1428 1818 1480 1869 sed
1496 1833 1552 1870 non
1566 1817 1752 1884 praeveniunt
1769 1818 1799 1870 in

112 1897 227 1950 animae
243 1903 414 1952 nonnarum
433 1907 529 1965 erant,
547 1905 613 1966 post
631 1899 734 1952 deinde
753 1898 944 1967 corporaliter
971 1895 1088 1950 coronis
1146 1897 1182 1951 Si
1216 1900 1288 1951 enim
1328 1916 1430 1968 corpus
1457 1919 1541 1954 unum
1571 1920 1663 1956 omnes
1696 1921 1800 1972 sumus,

111 1983 301 2038 resurrexerit
326 1991 353 2037 et
375 1992 442 2053 post
471 1985 703 2038 resurrectionem
731 1993 871 2038 meamus
899 1985 944 2044 sit,
972 1980 1117 2047 majorca
1137 1982 1188 2037 boc
1207 1985 1332 2052 efficitur
1349 1988 1464 2054 corpori
1478 1987 1663 2054 jucunditas,
1682 2007 1744 2042 cum
1761 1992 1799 2044 si·
1813 2001 1924 2046 1va

113 2069 297 2135 manifestum
311 2076 367 2136 est,
385 2069 452 2138 quia
471 2077 498 2123 st
517 2070 721 2139 discipulorum
740 2071 809 2138 ejus,
827 2077 944 2138 propter
970 2066 1028 2119 mul
1051 2075 1077 2120 et
1102 2070 1281 2123 communiter
1308 2079 1460 2125 coronatur
1484 2080 1511 2126 et
1537 2091 1593 2127 non
1613 2091 1669 2143 per
1688 2085 1798 2144 partes.

113 2172 183 2224 quos
201 2163 227 2209 et
247 2155 316 2208 haec
328 2164 459 2224 operatus
477 2163 518 2208 est
535 2157 684 2223 Dominus,
702 2157 814 2209 animae
830 2155 944 2209 abibunt
971 2151 1004 2205 In
1032 2152 1093 2207 eliis
1116 2155 1288 2210 sermonibus
1314 2156 1405 2212 locum
1433 2157 1512 2212 illum
1541 2174 1642 2213 vocure
1668 2160 1739 2217 solet
1766 2161 1797 2217 τὸ

114 2243 145 2296 in
175 2240 344 2295 invicibilem
371 2240 461 2295 locum
486 2243 631 2306 definitum
655 2241 697 2295 eis
721 2261 740 2296 a
761 2244 824 2296 Deo
850 2250 876 2295 et
905 2242 945 2295 ibi
971 2241 1025 2292 seir
1044 2242 1125 2311 ἱερῶν
1145 2237 1287 2312 πρόθυρον
1305 2243 1389 2310 (sicut
1404 2243 1581 2300 Bernhsrdas
1607 2247 1685 2300 atria
1703 2265 1722 2300 a
1738 2249 1799 2303 Do·

114 2345 201 2398 usque
219 2330 262 2381 ad
278 2328 505 2382 resurrectionem
524 2329 767 2382 commorabuntur
779 2331 944 2382 sustinentes
971 2327 1041 2380 mini
1065 2330 1148 2383 domo
1176 2329 1323 2396 distincta,
1348 2336 1378 2384 ut
1402 2337 1499 2401 postea
1517 2330 1698 2401 videbimus),
1725 2334 1800 2405 quod

114 2414 353 2480 resurrectionem,
365 2423 432 2483 post
450 2414 615 2483 recipientes
635 2432 756 2483 corpora
774 2422 801 2468 et
816 2417 944 2483 perfecte
970 2413 1080 2468 emmue
1124 2414 1163 2470 ibi
1205 2415 1382 2470 demorentur
1423 2416 1459 2470 nd
1504 2416 1711 2474 similitudinem
1755 2438 1801 2476 eo·

115 2506 309 2570 resumentes,
327 2498 378 2551 boa
391 2508 432 2553 est
449 2501 646 2572 corporaliter,
666 2502 901 2569 quemadmodum
918 2509 944 2554 et
971 2518 1047 2570 rum,
1085 2501 1133 2572 qui
1179 2519 1246 2571 pree
1287 2502 1392 2559 foribus
1429 2503 1600 2574 principum,
1633 2505 1662 2559 in
1689 2505 1800 2562 aedium

116 2587 257 2642 Dominus
279 2587 447 2652 recurrerit,
473 2594 499 2640 et
518 2587 559 2639 sic
576 2587 685 2641 venient
707 2589 748 2640 ad
770 2594 945 2655 cmsspectum
972 2587 1115 2642 vestibulis
1146 2594 1309 2657 exspectent
1339 2589 1413 2643 intra
1445 2589 1556 2644 sedium
1588 2591 1727 2660 penitiore
1763 2593 1800 2648 ed

118 2675 184 2729 Dei.
228 2671 363 2741 Origenes
389 2669 481 2726 bonit
498 2680 523 2731 7.
549 2673 578 2727 in
598 2673 687 2728 Lavit
713 2673 748 2728 de
771 2673 946 2743 patriurchis,
971 2674 1103 2744 principis
1131 2681 1309 2745 conspectum
1341 2675 1458 2730 admitti
1513 2675 1620 2732 Similis
1653 2687 1802 2736 occurrunt

117 2757 258 2830 prophetis
275 2764 305 2812 et
322 2755 454 2827 apostolis
473 2756 557 2812 verbu
575 2757 695 2813 iaciens:
713 2759 847 2814 Nondum
864 2761 946 2828 enim,
972 2759 1064 2816 homil.
1083 2766 1125 2819 40.
1146 2761 1176 2814 in
1193 2759 1294 2817 Genea.
1317 2761 1410 2817 homil.
1428 2767 1468 2817 33.
1492 2762 1529 2815 ad
1552 2779 1618 2833 pop.
1635 2765 1801 2825 Antiochen.

117 2845 225 2917 inquit,
246 2850 409 2912 receperunt
426 2840 564 2895 laetitiam
579 2863 675 2913 mom,
692 2862 727 2899 ne
745 2846 870 2914 apostoli
886 2847 945 2914 qui·
972 2845 1065 2901 homil
1088 2852 1112 2901 t.
1131 2846 1161 2900 in
1183 2846 1262 2916 epist
1293 2846 1330 2902 ud
1349 2845 1436 2902 Hebr.
1456 2846 1506 2902 ubi
1533 2847 1623 2903 locum
1651 2850 1745 2918 iilum,
1772 2851 1802 2906 in

119 2934 196 3000 dem,
224 2931 277 2984 sed
306 2929 408 2997 stipsi
433 2934 604 2996 easpectant,
639 2940 670 2984 ut
695 2940 722 2985 et
746 2949 796 3003 eqo
819 2932 946 2988 laetitiae
973 2949 1055 3004 quem
1091 2932 1199 2989 animno
1234 2935 1343 3005 piorum
1378 2934 1561 3004 colliguntur,
1596 2942 1679 2990 vocnt
1710 2937 1802 2990 sinum

118 3036 212 3072 eorum
226 3017 373 3085 particeps
391 3016 463 3079 fiam.
498 3016 595 3083 Neque
614 3019 684 3071 erum
703 3021 866 3073 decedentes
882 3020 946 3073 hinc
974 3021 1121 3083 Abrabae,
1152 3029 1181 3074 et
1207 3021 1281 3093 apud
1307 3028 1447 3077 auctorem
1475 3021 1566 3090 operis
1592 3021 1746 3091 imperfecti
1773 3024 1801 3077 in

117 3104 209 3158 saneti
226 3103 357 3156 continuo
376 3102 487 3168 interra
505 3101 665 3153 meritorum
682 3120 795 3158 cesorum
815 3107 946 3174 praemia
973 3106 1069 3160 Mutth.
1082 3107 1157 3179 quod
1171 3115 1262 3163 entut
1271 3107 1345 3163 iuter
1358 3124 1442 3177 opere
1455 3105 1642 3176 chrysostomi
1655 3107 1750 3164 homil.
1759 3114 1800 3163 31.

118 3197 332 3259 consequuntur,
361 3190 415 3242 sed
440 3194 598 3255 respectant
624 3187 707 3240 etiam
733 3208 782 3244 nos
805 3192 871 3245 licet
890 3208 946 3245 mo·
972 3192 1161 3247 Theodoretus
1178 3192 1206 3246 in
1224 3210 1248 3248 c.
1267 3199 1307 3248 11.
1322 3193 1424 3248 Heba:
1444 3193 1610 3247 Sanctorum
1622 3200 1662 3247 tot
1681 3201 1706 3246 et
1722 3201 1803 3247 tanta

118 3285 223 3339 rantes,
239 3275 304 3329 licet
319 3274 493 3329 anienem
527 3273 611 3326 Vides
629 3289 704 3341 erqo,
723 3272 790 3341 quia
807 3286 946 3346 cospectat
971 3279 1087 3339 fucrant
1103 3279 1272 3346 certamina,
1295 3281 1347 3332 sed
1371 3279 1402 3332 bi
1424 3286 1517 3332 tamen
1541 3280 1664 3332 nondum
1682 3296 1803 3333 coronas

119 3363 212 3416 adhuc
230 3360 391 3424 Abrabam,
412 3367 443 3412 ut
461 3375 532 3428 quae
551 3361 684 3429 perfectu
703 3367 780 3424 sunt,
797 3376 945 3431 consequa·
973 3373 1147 3433 acceperunt,
1169 3374 1310 3434 exspectat
1329 3366 1402 3418 enim
1413 3367 1493 3418 Deus
1514 3365 1636 3419 aliorum
1648 3367 1804 3420 certamina

118 3455 165 3502 tur
171 3469 183 3514 ,·
210 3454 349 3517 suspectat
376 3453 402 3500 et
421 3447 507 3499 Isaac
533 3454 561 3499 et
588 3444 680 3499 Jacob
711 3452 737 3498 et
763 3462 855 3498 umnec
878 3465 947 3514 pro·
973 3458 1003 3503 ut
1025 3451 1115 3504 soluto
1138 3453 1233 3505 studio
1252 3468 1359 3520 omnes,
1379 3452 1429 3520 qui
1446 3452 1593 3505 melariam
1610 3451 1721 3516 fuerint
1739 3467 1803 3506 com

115 3537 218 3603 phetae
253 3540 411 3603 suspectant
447 3549 512 3596 nos,
548 3539 578 3585 ut
612 3532 754 3584 nobiscum
788 3532 947 3600 perfectam
973 3537 1075 3604 secuti,
1109 3537 1195 3590 simul
1225 3537 1344 3590 victores
1376 3538 1539 3606 pronuntiet
1575 3545 1601 3590 et
1639 3545 1803 3597 remuneret.

120 3621 316 3676 beatitudinem
332 3621 456 3688 capiant.
472 3617 521 3675 lib.
539 3623 564 3674 2.
578 3621 640 3691 περὶ
658 3615 751 3690 ἀρχῶν
764 3617 838 3673 circa
851 3616 947 3672 finem:
973 3619 1200 3692 Theophylactus
1217 3623 1245 3675 in
1259 3638 1285 3678 c.
1299 3627 1338 3677 16.
1358 3620 1428 3676 Luc.
1441 3621 1545 3686 scribit,
1564 3623 1750 3679 narrationem
1768 3624 1803 3679 de

119 3708 193 3761 Puto
211 3708 298 3775 enim,
323 3707 401 3776 quod
419 3706 512 3759 sancti
529 3705 629 3774 quique
651 3705 825 3757 discedentes
844 3707 878 3758 de
895 3705 948 3758 hac
974 3704 1081 3760 Lazaro
1109 3714 1137 3764 et
1164 3708 1252 3762 divite
1277 3723 1338 3762 esse
1365 3706 1540 3778 parabolem,
1570 3725 1627 3763 non
1652 3708 1802 3774 historiam,

119 3795 179 3849 uita
204 3800 391 3865 permaneant
421 3792 451 3845 in
480 3791 544 3845 loco
567 3791 664 3860 aliquo
689 3780 719 3843 in
749 3799 826 3844 terra
844 3792 947 3860 posito,
975 3792 1042 3861 quia
1059 3794 1180 3846 nondum
1199 3794 1351 3848 distributa
1368 3795 1424 3849 siat
1443 3794 1515 3849 bona
1533 3803 1560 3848 et
1576 3796 1653 3848 mala
1668 3797 1758 3865 justis
1776 3804 1803 3851 et

120 3899 201 3951 quem
224 3881 392 3950 paradisum
417 3878 487 3932 dicit
506 3877 657 3944 Scriptura
681 3876 792 3945 diuina,
820 3877 893 3943 velut
918 3878 948 3930 in
974 3878 1094 3947 injustis.
1137 3877 1167 3931 in
1197 3896 1257 3949 cup.
1281 3884 1324 3938 23.
1346 3879 1430 3935 Luc:
1464 3880 1529 3934 Alii
1546 3882 1693 3946 dicerunt,
1724 3885 1802 3951 quod
1895 3938 1898 3945 ,

121 3969 243 4037 quodam
262 3964 429 4020 eruditionis
447 3964 508 4018 loco
527 3971 561 4033 et,
578 3970 608 4016 ut
626 3964 668 4017 ita
687 3963 821 4027 dixerim,
839 3964 947 4017 audio-
975 3964 1050 4017 latro
1068 3966 1193 4019 nondum
1214 3965 1299 4020 sitin
1318 3967 1461 4035 paradino
1479 3968 1594 4021 eortius
1617 3970 1801 4023 conversatio·

120 4055 165 4107 rio
184 4054 228 4107 oei
244 4053 341 4108 ecbola
362 4052 535 4117 animarum,
559 4051 589 4104 in
613 4067 667 4118 quo
691 4052 727 4104 de
752 4050 878 4104 omnibus
897 4050 947 4116 his,
973 4067 1045 4117 nem,
1076 4052 1128 4104 sed
1152 4050 1220 4119 quia
1244 4051 1421 4104 invariabilis
1441 4052 1479 4105 sit
1504 4060 1529 4105 et
1556 4055 1670 4107 mentiri
1687 4061 1803 4122 nequem

121 4157 193 4209 quae
209 4140 240 4193 in
256 4139 341 4192 terris
357 4138 501 4200 viderant,
521 4138 684 4193 doceantur.
721 4135 802 4189 Titus
821 4134 947 4190 Bostren-
975 4137 1093 4190 Domini
1113 4136 1281 4206 promissio,
1314 4137 1379 4191 ideo
1401 4138 1574 4206 dictumest,
1595 4139 1678 4194 hodie
1700 4157 1804 4193 ameum

121 4226 159 4282 sis
175 4226 205 4279 in
224 4242 249 4282 e.
268 4231 307 4282 23.
326 4223 396 4279 Luc.
415 4222 584 4294 puradimm,
605 4239 687 4292 quem
705 4220 831 4277 Christus
849 4221 948 4276 latroni
974 4221 1080 4275 crisin
1098 4224 1251 4290 paradiso.
1298 4222 1420 4286 ρυίάαιη
1436 4241 1511 4291 eero,
1534 4226 1584 4293 qui
1601 4226 1721 4278 mammo
1743 4243 1803 4281 sen·

121 4313 268 4382 promittit,
285 4311 473 4380 deeiusmodi
488 4310 664 4379 receptaculo
678 4327 696 4362 a
709 4309 823 4362 acdesti
837 4309 948 4374 reqione
974 4326 1033 4360 sum
1066 4309 1177 4376 assequi
1206 4308 1261 4362 oisi
1285 4315 1362 4374 ment,
1390 4309 1432 4361 sic
1450 4317 1602 4377 seponunt,
1630 4311 1804 4378 repromissa

123 4401 256 4455 distincto
277 4399 390 4469 soponit
413 4396 548 4469 (quumvis
571 4394 672 4450 eruditi
697 4395 793 4449 merita
811 4391 947 4455 dubitent,
973 4393 1053 4447 nobie
1078 4392 1150 4446 bona
1173 4390 1228 4447 non
1246 4401 1310 4446 sunt
1338 4396 1479 4463 inpressas
1506 4395 1536 4447 in
1567 4396 1734 4462 paradieum
1759 4395 1803 4449 vel

122 4504 158 4541 an
176 4483 373 4540 commentaria
391 4481 440 4536 illa
456 4482 485 4536 in
503 4483 608 4537 leucum
628 4481 683 4536 sint
701 4480 782 4550 hujus
799 4477 866 4545 Titi,
883 4477 950 4548 quie
974 4481 1143 4547 adscensus,
1161 4481 1212 4531 sed
1227 4496 1343 4546 mnam
1360 4481 1516 4548 coelorum,
1543 4497 1628 4548 neque
1645 4480 1719 4533 enim
1736 4481 1806 4534 mibi

123 4583 219 4628 auctor
239 4587 332 4627 eorum
350 4569 454 4640 passim
473 4568 540 4623 citat
561 4567 793 4637 Chrysostomam,
813 4563 949 4633 Cyrillum
975 4565 1084 4619 uidetur
1111 4565 1186 4617 idem
1211 4566 1370 4634 paradisus
1400 4575 1425 4620 et
1454 4583 1579 4635 reqnum.
1621 4568 1706 4621 Bona
1731 4568 1804 4623 enim

123 4658 340 4715 Alexandrinum
359 4663 389 4712 et
403 4654 591 4723 Pelusiotem,
608 4654 657 4725 qui
674 4651 752 4724 pueri
771 4657 864 4719 erunt,
886 4666 949 4705 cum
975 4652 1055 4717 repni
1071 4666 1158 4720 neque
1177 4651 1275 4704 ocrslus
1293 4651 1378 4720 uidit,
1404 4669 1491 4720 neque
1507 4654 1589 4706 amis
1606 4653 1735 4724 audieit;
1749 4671 1804 4723 pa·

124 4746 204 4801 Titus
224 4752 388 4812 moreretur,
413 4741 482 4796 obiit
501 4742 574 4796 enim
594 4741 647 4796 sub
664 4739 781 4796 Veiente
797 4745 867 4794 teste
884 4736 950 4792 Hie·
975 4740 1101 4791 radienm
1119 4745 1212 4790 autem
1230 4747 1255 4791 et
1272 4737 1370 4792 acidus
1388 4738 1472 4791 Adae
1489 4740 1561 4792 uidit
1580 4748 1606 4794 et
1624 4742 1704 4794 auris
1721 4739 1803 4794 audi·

124 4847 239 4902 rouymo
257 4829 403 4898 descript.
423 4827 539 4895 eccles).
564 4826 775 4897 chrysostomus
794 4823 886 4881 homil.
906 4831 948 4880 39.
975 4824 1014 4876 oit
1033 4824 1068 4876 de
1086 4822 1125 4876 eis
1145 4831 1197 4878 etc.
1236 4822 1267 4877 Iu
1283 4839 1345 4893 cap.
1365 4828 1405 4880 11.
1423 4821 1525 4879 Hebr.:
1547 4822 1647 4880 Sancti
1661 4827 1734 4880 nihil
1750 4828 1803 4880 ad·

125 4920 154 4973 in
174 4926 196 4974 l.
215 4918 252 4972 ud
269 4915 392 4973 Corinth.
411 4915 439 4968 in
458 4913 505 4967 ille
522 4913 618 4978 verbu,
644 4915 670 4965 si
694 4912 723 4965 in
741 4911 792 4964 bac
811 4912 869 4966 uita
888 4920 949 4966 tan·
975 4912 1027 4963 huc
1043 4909 1201 4963 coelestium
1226 4909 1443 4977 promissionum
1465 4917 1528 4963 sunt
1553 4913 1681 4966 assecuti.
1716 4911 1804 4968 Occu·

126 5015 182 5061 tum
208 5020 357 5075 speramus
388 5003 418 5055 in
450 5001 574 5069 Chresto,
610 4997 827 5053 miserabiliores
855 5015 949 5050 sumus
976 4996 1082 5052 menius
1097 4995 1127 5050 iu
1145 4995 1226 5051 eund.
1243 4995 1311 5055 lou:
1331 4993 1431 5050 Sancti
1448 4995 1632 5052 testimonium
1644 5000 1804 5067 promeriti,

125 5092 251 5146 omnibus
267 5090 439 5145 bominibus:
469 5086 544 5150 Quid
559 5085 604 5138 ais
621 5083 734 5138 Poulei
760 5100 798 5136 an
818 5099 871 5135 non
889 5084 949 5136 ani·
975 5085 1052 5153 quod
1067 5100 1120 5152 per
1132 5084 1223 5150 fidem
1238 5082 1409 5151 placuerunt
1425 5083 1497 5152 Deo,
1518 5084 1641 5136 nondum
1665 5085 1807 5139 consecuti

125 5196 187 5233 mus
201 5185 341 5247 superstes
373 5177 447 5231 erit!
487 5173 541 5228 erit
567 5179 594 5225 et
627 5167 796 5224 immortalis
832 5168 950 5234 quidem.
976 5177 1039 5224 sunt
1057 5169 1128 5221 bona
1145 5169 1230 5237 justis
1244 5168 1388 5238 promissa
1405 5175 1456 5224 ctu
1496 5169 1598 5224 Aretes
1618 5168 1805 5225 Caesmiensis

130 5264 296 5332 Quanquam
312 5280 377 5317 ocra
394 5262 439 5317 nel
449 5258 600 5316 sescenties
614 5257 652 5311 sit
668 5252 845 5320 immortalis,
861 5264 951 5309 temen
977 5257 1123 5339 spiscopps
1139 5255 1169 5309 in
1186 5271 1283 5311 comm.
1301 5259 1397 5325 capt.
1411 5253 1543 5325 Apoan:
1561 5255 1620 5309 Per
1630 5256 1699 5310 haec
1716 5273 1804 5326 appa·

126 5351 186 5405 sine
204 5366 291 5405 carne
310 5350 373 5418 ipsa
392 5344 571 5401 admirandis
589 5343 650 5397 illis
667 5341 746 5396 bonis
756 5356 813 5394 non
825 5338 951 5409 fructur,
977 5351 1038 5398 rent
1066 5343 1158 5396 sancti
1181 5350 1279 5413 petere
1308 5343 1407 5396 mundi
1433 5342 1710 5413 consummationem,
1740 5342 1805 5399 ideo

127 5437 360 5508 quemadmodum
373 5449 460 5504 neque
473 5429 574 5501 poenis
589 5427 731 5499 punietur.
763 5424 865 5480 Omnia
883 5429 951 5485 enim
977 5429 1174 5499 lonqanimiter
1190 5437 1349 5497 eespmtme
1360 5429 1496 5499 jubentur
1512 5444 1600 5496 usque
1618 5430 1659 5482 ad
1677 5447 1805 5487 cassum·

1391 5533 1449 5588 15*
