4104 6014
912 243 965 300 DE
982 240 1121 299 MORTE.
1235 302 1239 309 ,
1816 252 1854 308 67

161 403 236 472 ipsis
264 405 459 475 patrocinium
489 413 648 460 sanctourm
679 403 823 471 sinqulari
852 400 996 455 iteratione
1023 384 1161 465 reliquiar
1180 398 1290 467 quidem
1311 398 1482 454 honoramus
1498 399 1705 465 emaculantur,
1724 406 1755 453 ιιι
1772 415 1857 452 saara

161 490 341 559 imploretur.
375 491 503 563 Timpius
521 492 550 545 in
568 490 662 545 rituali
675 488 768 545 Germ.
790 504 814 544 c.
838 492 876 543 12.
889 505 916 558 p.
933 490 997 542 200:
1018 484 1143 551 ptqnora
1163 492 1322 539 nostrorum
1336 495 1538 556 patronorum,
1561 487 1613 539 sed
1628 501 1679 539 nee
1704 487 1857 539 adoramus

162 577 264 630 Honor
296 577 377 629 cruci
407 578 521 645 Christi,
551 578 655 642 clauis,
685 577 801 630 lanceae
833 574 944 628 oblatus
968 571 998 622 in
1022 577 1052 623 ut
1070 571 1177 637 Deum,
1207 588 1256 625 nec
1278 572 1439 626 invocamus
1462 580 1492 626 ut
1515 579 1641 636 sanctor,
1671 573 1724 626 sed
1750 572 1857 625 mitiore

161 662 256 732 ipsum
275 662 416 718 Ceruium
434 665 571 727 refertur,
600 663 682 731 eujus
698 660 836 730 sanquine
861 660 918 713 ista
935 674 998 711 eon·
1023 656 1101 709 cultu
1118 673 1298 726 veneramur,
1317 677 1401 728 quam
1418 667 1579 713 sanctorum
1597 658 1730 727 spiritus,
1753 659 1856 711 ndum

163 765 264 819 mersa
288 757 361 804 sunt.
413 748 593 819 Stapletonus
619 748 648 802 iu
670 752 786 818 prompt.
808 744 908 801 cathol.
927 749 999 814 part.
1023 760 1107 811 quam
1124 745 1217 798 Deum
1236 746 1336 814 ipsum.
1368 745 1405 799 Et
1421 761 1445 800 c.
1464 751 1488 800 4.
1507 743 1535 816 ξ.
1564 745 1672 800 diceus:
1705 745 1856 814 Nunquam

167 839 189 889 t.
212 851 279 905 pag.
305 840 371 891 292:
401 836 459 888 Pia
482 853 516 889 aa
543 837 605 888 Deo
626 841 710 901 prata
736 841 776 886 est
800 833 856 886 illo
880 831 998 894 ιιιυοιιο,
1024 838 1064 882 est
1083 831 1211 883 umidum
1229 832 1308 898 apud
1326 831 1515 898 Christianos,
1538 839 1569 884 ιιι
1586 831 1680 903 aliqui
1695 839 1856 885 sanctorum

164 938 221 990 qua
241 939 298 975 non
314 928 423 974 tanturn
441 922 533 974 Deum
550 922 658 989 ipram,
686 921 739 973 sed
756 928 781 974 at
798 927 910 972 sanatos
929 918 999 985 ejus,
1024 914 1155 984 reliqniis
1173 917 1283 969 diuinos
1301 918 1420 971 honores
1440 918 1600 972 detulerint.
1648 916 1754 971 Eodem
1774 916 1856 971 modo

165 1023 213 1060 neo
231 1014 341 1060 tantum
354 1024 497 1076 perronem
516 1009 598 1075 ipsas
614 1013 737 1066 sanetas,
754 1006 806 1059 sed
823 1013 848 1058 et
859 1002 999 1072 quidquid
1024 999 1178 1071 Gregorius
1206 1003 1242 1056 de
1261 1002 1370 1058 Valent.
1399 1003 1427 1057 in
1454 1004 1565 1075 apolog.
1582 1010 1654 1059 cont.
1681 1002 1854 1059 Heerbrand.

163 1093 291 1161 aprorum
323 1100 363 1146 est
393 1101 477 1162 atque
505 1095 547 1146 ad
572 1110 619 1146 eos
641 1094 775 1161 pertinet,
808 1108 870 1144 cant
887 1091 945 1152 tide
973 1095 999 1140 et
1025 1103 1050 1140 c.
1080 1094 1103 1143 8.
1134 1096 1298 1158 perpetuum
1328 1088 1403 1144 hunc
1431 1107 1511 1144 suum
1540 1106 1716 1160 coccysmum
1745 1088 1854 1159 repetit,

160 1179 267 1247 pietate
286 1178 421 1232 ordinata
440 1179 659 1248 complectimur,
676 1184 938 1244 ueneramuratque
959 1174 1000 1226 ad
1025 1172 1153 1242 reliquiis
1197 1192 1254 1229 non
1287 1176 1399 1243 deferri
1433 1176 1553 1229 tortores
1581 1177 1691 1229 diuinos
1725 1183 1756 1228 ιιι
1784 1176 1856 1237 Deo,

163 1265 298 1326 lenatieiu
329 1266 522 1332 consequenda
549 1265 723 1317 caruerimus.
771 1263 858 1317 lbid.:
888 1262 999 1314 Eodem
1020 1260 1144 1328 proinde
1164 1261 1325 1314 initlorum
1341 1262 1420 1314 multu
1436 1262 1856 1317 rmncommittiidoiolatriam.

165 1367 234 1403 sane
263 1351 354 1419 οιιιιιι,
385 1352 487 1423 ιιιιιιηι
513 1352 690 1405 ιιιιιιαιιιιιιι
718 1350 856 1418 reliquias
883 1347 999 1401 relative
1025 1345 1251 1415 Respondemus:
1283 1347 1408 1417 quis-sit
1432 1349 1523 1405 minor
1549 1349 1596 1405 ille
1615 1350 1720 1417 cultus,
1752 1348 1856 1404 Bellar-

167 1437 362 1490 consideratas
376 1438 589 1507 prosequimur,
608 1453 664 1505 qua
689 1436 766 1503 ipsos
786 1434 998 1500 carracetulum
1025 1432 1116 1486 miuus
1143 1450 1199 1487 uon
1228 1433 1363 1504 explicat,
1394 1452 1445 1490 nos
1479 1435 1566 1507 igitur
1589 1436 1629 1489 sic
1655 1434 1855 1506 progredimur.

167 1523 340 1588 heneficium,
371 1525 489 1577 eandem
506 1523 635 1576 uirtutem
660 1522 846 1575 nrediantitus
870 1518 999 1588 reliquiis
1029 1523 1050 1572 l.
1069 1518 1128 1572 Aut
1147 1519 1238 1573 cultus
1257 1520 1322 1581 ille,
1357 1522 1405 1591 qui
1424 1521 1548 1576 defertur
1567 1520 1704 1591 reliquiis,
1731 1527 1773 1578 est
1790 1521 1856 1575 reli·

166 1610 351 1678 assequiraur,
372 1626 455 1679 quarn
469 1627 526 1677 per
544 1611 622 1678 ipsos
641 1616 760 1662 sanctos.
1025 1605 1119 1672 ¹qioaus
1150 1605 1186 1659 ad
1212 1607 1328 1675 primam
1355 1607 1481 1679 decalogi
1522 1608 1645 1663 tabulam
1674 1607 1856 1675 reducendae,

32 1702 125 1749 rmprs-
203 1701 245 1751 96.
281 1694 386 1750 Contra
410 1694 584 1749 Pontificiam
616 1694 693 1749 illam
726 1692 936 1748 sceletolatriam
966 1707 1000 1744 ae
1025 1698 1074 1745 aut
1091 1691 1184 1746 civilis
1204 1692 1240 1746 ad
1259 1693 1409 1747 secundam
1426 1693 1552 1764 decalogi
1564 1692 1688 1749 tabulam
1707 1695 1854 1764 pertinens.

30 1754 102 1844 '1⁸⁸2‘
114 1804 154 1843 ι..
167 1779 384 1851 lipsanolatriam
401 1780 578 1850 producimus
595 1780 663 1836 haec
683 1788 854 1852 argumenta,
874 1782 897 1832 1.
916 1795 936 1830 a
953 1780 999 1830 de·
1026 1777 1166 1832 Posterius
1198 1784 1304 1848 negant
1335 1778 1486 1849 Pontificii,
1525 1787 1619 1835 manet
1649 1780 1734 1851 igitur
1771 1780 1855 1851 prius.

31 1857 112 1948 ffiffi,
167 1868 245 1931 fectu
262 1869 400 1922 nrandati.
432 1867 597 1939 Quicunque
617 1868 708 1922 cultus
728 1865 888 1922 destituitur
906 1863 998 1919 divino
1025 1863 1112 1933 Atqui
1132 1863 1156 1916 si
1173 1879 1206 1918 ex
1224 1862 1373 1933 hypothesi
1390 1864 1596 1920 Pontificiorum
1611 1866 1657 1920 hic
1685 1867 1776 1922 cultus
1794 1868 1854 1922 reli·

33 1960 149 2000 insuunt.
167 1953 312 2021 mandato,
344 1972 398 2009 non
418 1962 461 2010 est
479 1973 559 2010 verus
578 1964 606 2011 et
623 1956 683 2010 Deo
703 1962 798 2027 gratus
816 1953 921 2017 cultus,
950 1951 999 2006 sed
1025 1947 1152 2016 quiarnm
1171 1957 1213 2004 est
1231 1951 1375 2019 religiosus
1395 1952 1430 2005 ad
1449 1951 1566 2022 primam
1585 1953 1712 2023 decalogi
1731 1953 1854 2008 tabulam

168 2045 211 2094 est
237 2042 467 2112 tantaequae«,
501 2041 593 2095 cultus
620 2040 707 2095 falsus
734 2046 763 2095 ct
780 2040 840 2095 Deo
857 2039 998 2105 adversus,
1025 2034 1211 2104 reducendus,
1237 2037 1333 2107 utique
1352 2037 1492 2106 perhanc
1513 2040 1603 2108 ipsum
1621 2040 1726 2093 cultum
1746 2040 1855 2096 divinus

166 2127 291 2199 adeoque
323 2127 487 2182 idololatria.
536 2126 634 2182 Cultus
666 2128 852 2198 reliquiarum,
890 2125 938 2197 qui
969 2125 998 2178 in
1026 2118 1114 2176 honor
1134 2121 1256 2192 reliquiis
1276 2123 1405 2178 defertur.
1439 2129 1464 2179 2.
1482 2124 1614 2188 Quamvis
1633 2130 1853 2182 externaverbo·

166 2218 272 2282 papatu
302 2213 393 2285 viget,
424 2213 584 2268 destituitur
611 2213 705 2268 divino
733 2213 872 2267 mandato.
914 2210 998 2282 Ergo.
1024 2224 1086 2261 rum
1103 2224 1171 2262 sono
1190 2207 1329 2264 Pontificii
1347 2211 1388 2264 sic
1406 2227 1462 2264 non
1479 2217 1565 2278 orent,
1584 2220 1698 2264 sameas
1716 2212 1854 2281 reliquiae

168 2299 258 2370 Major
277 2299 455 2355 confirmatur
479 2306 538 2354 tum
560 2316 593 2354 cx
610 2299 738 2354 omnihus
766 2299 820 2353 illis
839 2298 998 2369 Scripturae
1029 2302 1109 2347 orate
1123 2312 1181 2364 pro
1200 2311 1256 2364 nte,
1287 2303 1380 2351 tamen
1396 2296 1526 2351 fiduciam
1541 2297 1731 2368 impetrandae
1747 2300 1863 2369 petiae·

168 2385 263 2453 dictis,
294 2402 367 2458 quae
397 2393 429 2441 ut
449 2386 541 2454 fidei,
572 2386 611 2439 ita
639 2402 749 2456 qaoque
785 2386 876 2439 divini
906 2385 998 2439 cultra
1025 2396 1060 2434 uc
1095 2381 1262 2435 remissionis
1298 2388 1472 2452 peccatorum
1504 2383 1532 2437 in
1567 2383 1641 2442 hune
1675 2385 1854 2456 reliquiarum

166 2488 289 2526 normam
308 2489 341 2526 ac
358 2471 474 2526 formam
491 2489 523 2527 er
538 2470 623 2525 sacris
643 2470 729 2525 literis
749 2470 830 2527 unice
848 2470 998 2542 petendam
1025 2467 1131 2521 cultum
1155 2469 1308 2538 collocant,
1338 2471 1433 2541 sicque
1458 2478 1563 2541 partem
1589 2471 1708 2527 fiduciae
1726 2472 1778 2527 soli
1794 2473 1855 2527 Deo

167 2575 226 2614 esse
246 2559 354 2627 docent,
365 2558 450 2614 Deut.
465 2565 490 2624 4,
510 2576 536 2613 v.
556 2563 581 2614 2.
603 2575 625 2613 c.
648 2564 687 2612 12.
706 2576 731 2611 v.
751 2563 793 2614 32.
805 2556 851 2611 Es.
871 2563 896 2621 8,
914 2575 942 2613 v.
958 2562 997 2613 13.
1026 2553 1138 2610 debitae
1155 2556 1191 2610 ad
1212 2573 1275 2611 eum
1291 2556 1468 2627 anteferunt,
1487 2575 1542 2630 quo
1562 2559 1621 2630 ipso
1632 2559 1757 2613 divinum
1771 2559 1853 2616 hono·

167 2643 267 2700 Erech.
295 2651 344 2714 20,
370 2663 396 2701 v.
425 2651 465 2701 13.
490 2643 568 2698 Rom.
599 2649 645 2713 12,
672 2663 697 2697 v.
719 2650 742 2698 2.
769 2645 917 2715 conjuncto
935 2660 998 2697 cum
1024 2660 1081 2697 rem
1107 2642 1232 2714 reliquiis
1257 2643 1385 2699 deferunt
1410 2651 1439 2701 et
1465 2645 1593 2701 interiore
1621 2647 1712 2701 cordis
1739 2654 1806 2701 voto
1820 2662 1854 2702 ac

166 2747 189 2784 c.
214 2736 253 2793 13,
272 2748 296 2784 v.
316 2737 340 2786 9.
360 2736 384 2785 2.
405 2730 476 2784 Tim.
496 2736 521 2793 3,
539 2748 565 2782 v.
588 2736 626 2785 ιι.
646 2735 697 2784 etc.
719 2746 845 2800 quaeque
864 2731 999 2784 eleetitios
1025 2728 1161 2784 desiderio
1187 2747 1233 2784 cas
1258 2730 1384 2788 adorant.
1432 2731 1614 2786 Bellarminus
1643 2733 1705 2803 ipse
1728 2749 1751 2788 c.
1782 2739 1807 2788 4.
1826 2729 1854 2807 ξ.

167 2817 258 2869 cultas
277 2816 439 2887 repudiant,
458 2815 571 2870 Deuter.
596 2822 632 2881 12,
651 2832 676 2870 v.
697 2821 719 2870 8.
740 2821 768 2871 et
786 2820 827 2872 32.
861 2815 943 2872 Νιιιιι.
959 2822 998 2881 15,
1024 2814 1099 2884 quod
1118 2822 1210 2871 autem
1225 2822 1277 2871 etc.
1308 2816 1460 2887 Augustini
1469 2818 1622 2872 cantamine
1641 2821 1677 2871 do
1693 2820 1855 2873 adoratori·

166 2920 190 2959 v.
210 2909 252 2958 33.
271 2909 299 2957 et
319 2908 359 2958 40.
378 2901 480 2957 Psalm.
502 2907 559 2966 ret,
578 2920 602 2958 v.
623 2907 663 2957 36.
684 2902 747 2958 usa.
764 2908 785 2971 l,
806 2919 830 2959 v.
856 2907 895 2959 12.
913 2919 936 2957 c.
956 2906 997 2969 29,
1024 2902 1073 2955 bus
1090 2902 1283 2971 sepulcroram
1301 2903 1416 2973 opponit
1435 2902 1623 2973 chrysostomi
1642 2904 1747 2960 dictum
1773 2922 1854 2960 serm.

166 3007 192 3047 v.
215 2994 253 3044 13.
279 2988 337 3044 Jer.
356 2995 381 3053 ι,
403 3005 430 3045 ν.
452 2992 492 3042 31.
518 2988 603 3041 Amos
622 2994 645 3054 5,
665 3005 690 3040 v.
708 2993 750 3043 25.
776 2986 858 3043 Zach.
880 2995 903 3055 7,
926 3005 951 3045 v.
972 2995 997 3044 5.
1024 2986 1051 3041 iu
1085 2995 1194 3044 sanctos
1232 2989 1395 3044 durantium
1440 2995 1470 3044 et
1505 2989 1671 3044 Maximum:
1720 2991 1855 3045 Tmauies

166 3080 193 3129 et
211 3084 236 3130 9.
246 3074 345 3130 Matth.
367 3082 405 3143 15,
423 3092 446 3127 v.
465 3080 489 3128 9,
509 3073 613 3128 coloss.
634 3081 657 3142 2,
678 3091 701 3129 v.
722 3079 764 3129 20.
785 3081 845 3128 tum
865 3091 898 3128 er
910 3075 998 3128 uariis
1023 3081 1179 3140 martyrum
1199 3078 1364 3143 adoream
1394 3092 1427 3130 ae
1445 3075 1607 3146 Hieronymi
1625 3076 1662 3130 ad
1679 3076 1855 3142 Marcellam,

167 3162 299 3230 exemplis
316 3177 420 3228 eorum,
439 3161 533 3231 quiob
547 3178 611 3214 suas
624 3160 852 3231 ittstotpqoxetar
866 3161 997 3217 diviuitas
1023 3161 1155 3229 sepulcra
1190 3168 1215 3214 et
1243 3163 1349 3215 cineres
1375 3162 1518 3215 Jolrannis
1547 3164 1712 3232 Baptistae,
1743 3165 1857 3219 Etisaei

165 3246 322 3318 reprehensi
339 3263 372 3301 ac
390 3247 480 3318 puniti
494 3246 614 3301 fuerunt.
650 3245 751 3301 Confer
767 3253 844 3302 tract.
864 3248 899 3302 de
919 3247 998 3303 bonis
1024 3255 1050 3300 et
1068 3247 1181 3301 Abdiae
1200 3249 1297 3303 merito
1315 3248 1437 3301 adorari
1454 3267 1473 3301 a
1491 3249 1621 3314 fictilibus
1635 3250 1665 3302 in
1681 3251 1854 3307 Palaestina.

165 3334 294 3405 operibus
308 3330 334 3409 ξ.
360 3340 398 3388 ιιι.
429 3332 520 3386 Minor
539 3339 581 3387 est
600 3332 761 3389 manifestae
779 3334 910 3389 veritatis.
940 3335 998 3392 Nu·
1026 3332 1129 3404 Utique
1169 3350 1237 3405 ergo
1273 3334 1462 3389 adorationem
1496 3334 1675 3405 reliquiarum
1709 3337 1855 3406 approbat.

166 3421 255 3491 spiam
283 3420 356 3475 enim
376 3418 518 3488 Scriptura
547 3419 641 3486 docet,
673 3436 736 3474 ossa
764 3428 921 3475 sanctorum
939 3437 998 3477 esse
1025 3425 1048 3474 3.
1069 3418 1165 3474 Omnis
1184 3410 1396 3493 ttrloepqoxrla
1415 3426 1458 3474 est
1475 3420 1644 3490 idololatria,
1676 3428 1707 3476 ut
1734 3424 1855 3478 ostendi-

167 3506 296 3578 religiose
315 3504 482 3572 veneranda,
504 3522 596 3559 eoram
615 3505 670 3559 illis
689 3506 903 3576 procidendum,
921 3523 999 3578 pere·
1024 3524 1083 3560 mus
1113 3506 1142 3560 in
1170 3511 1280 3560 tracta.
1305 3506 1340 3560 dc
1369 3507 1432 3576 lege
1460 3505 1488 3577 ξ.
1523 3511 1566 3564 87.
1590 3508 1650 3578 jam
1675 3525 1739 3563 vero
1762 3509 1854 3563 cultas

24 3597 93 3642 xvii
110 3595 154 3638 105-
166 3593 336 3664 griuationes
364 3592 399 3646 ad
424 3608 457 3646 ea
482 3590 671 3661 suscipiendas
699 3597 728 3647 et
754 3593 864 3665 quidem
885 3609 917 3647 eo
935 3592 998 3662 fine,
1024 3591 1202 3661 reliquiarum
1213 3598 1254 3645 est
1269 3592 1696 3663 ltrtoepqoxstu,qu0dtamdiu
1711 3595 1854 3650 immotum

168 3686 199 3735 ut
223 3680 328 3733 cultum
346 3678 407 3732 Deo
436 3687 622 3749 praestemus,
648 3685 679 3733 ut
700 3685 877 3749 peccatorum
904 3681 996 3736 remis·
1023 3679 1117 3745 stabit,
1135 3678 1223 3731 donec
1240 3693 1274 3731 ex
1292 3677 1441 3748 Scriptnris
1463 3696 1512 3749 pro
1530 3678 1583 3735 hoe
1595 3680 1673 3735 cultu
1687 3680 1853 3737 stabiliendo

166 3767 271 3821 sionem
300 3772 328 3821 et
345 3765 398 3820 Dei
426 3764 545 3836 gratiam
575 3765 627 3820 hac
652 3766 759 3821 ratione
788 3783 998 3836 promereamur,
1025 3764 1171 3819 manifesta
1201 3763 1275 3818 dicta
1305 3762 1487 3835 proferantur.
1533 3766 1623 3838 ¹Ergo.
1676 3774 1700 3824 4.
1737 3767 1855 3833 Quando

166 3857 262 3906 contra
285 3868 350 3906 vero
373 3852 471 3917 docet,
502 3851 530 3904 in
557 3851 646 3906 solum
665 3850 756 3907 Deum
782 3868 890 3907 omnem
907 3853 997 3907 cordis
1025 3850 1168 3905 Israeliten
1201 3849 1397 3904 osculabantur
1425 3850 1508 3921 llaal,
1538 3853 1633 3907 divino
1663 3852 1766 3910 honore
1792 3871 1854 3909 eum

163 3937 294 3992 fiduciam
313 3953 373 3992 esse
389 3936 594 4000 collocandam,
621 3938 704 4007 juxta
723 3954 845 3991 normam
864 3937 893 3991 in
913 3938 998 3992 verbo
1023 3936 1150 3992 affecisse
1176 3952 1296 4007 eumque
1323 3939 1460 3991 ariorasse
1487 3937 1631 4008 dicuntur,
1667 3948 1687 3997 l.
1716 3940 1786 4011 Reg.
1817 3947 1855 4009 ιιι,
1934 3988 1941 4006 ,

166 4024 360 4095 praescriptam
382 4022 471 4078 Deum
491 4040 551 4078 esse
571 4023 734 4093 colendum,
764 4040 797 4077 ac
817 4023 920 4088 media,
949 4041 999 4094 per
1025 4044 1049 4080 v.
1069 4030 1108 4081 18.
1127 4022 1252 4096 quamvis
1271 4029 1384 4079 externo
1403 4023 1549 4079 verborum
1569 4043 1636 4080 souo
1655 4044 1709 4081 non
1722 4027 1855 4094 dicerent,

165 4128 235 4181 quae
254 4110 307 4165 Dei
337 4110 429 4180 gratia
463 4116 491 4164 et
518 4116 696 4178 peccatorum
726 4108 850 4165 remissio
879 4110 997 4180 pretioso
1024 4112 1103 4165 Baal
1129 4128 1181 4165 ora
1205 4128 1262 4181 pro
1287 4112 1383 4180 nohis5
1414 4127 1447 4165 ac
1473 4117 1586 4182 propter
1608 4111 1679 4165 illud
1696 4113 1854 4184 religiosum

165 4196 267 4253 Christi
298 4195 435 4267 sanguine
459 4202 542 4266 parta
564 4195 643 4250 nobis
668 4194 796 4259 otiamur,
826 4196 946 4250 donatur
969 4203 998 4251 ct
1023 4199 1148 4253 osculum
1180 4196 1351 4251 idololatriae
1379 4197 1418 4251 rei
1455 4203 1642 4268 peraguntur,
1678 4200 1854 4268 quantumvis

165 4284 329 4354 applicatur,
347 4301 403 4338 non
421 4299 480 4338 esse
498 4290 657 4337 sanctorum
676 4283 809 4354 reliquias
827 4292 855 4337 et
868 4283 997 4354 reliquia·
1024 4303 1074 4356 per
1101 4285 1206 4339 cultum
1238 4282 1331 4338 Baulis
1362 4299 1456 4338 verum
1484 4282 1576 4336 Deum
1601 4283 1691 4338 colere
1711 4284 1853 4350 volueriut,

164 4389 226 4426 rum
243 4372 351 4425 illarum
372 4370 532 4441 religiosum
558 4376 717 4424 contactum
744 4387 777 4425 ac
796 4369 915 4435 cultum,
948 4371 996 4426 sed
1025 4371 1113 4427 Oseac
1132 4375 1156 4434 2,
1175 4387 1199 4425 v.
1223 4375 1260 4425 13.
1298 4374 1322 4424 5.
1343 4368 1398 4433 Qui
1422 4368 1553 4439 reliquias
1572 4367 1708 4423 honorant
1731 4376 1759 4423 et
1776 4387 1853 4426 oscu-

166 4463 297 4528 exparte
317 4457 371 4513 Dei
389 4457 504 4512 verbum
523 4464 552 4512 et
562 4463 751 4521 sacramenta,
770 4474 803 4512 ex
814 4463 892 4527 parte
904 4465 998 4512 nostra
1025 4459 1117 4512 lantur
1154 4463 1185 4510 ut
1208 4474 1293 4510 saera
1311 4455 1434 4524 piqnora
1449 4463 1636 4524 patronorum
1664 4473 1792 4526 eumaem,
1814 4458 1854 4512 illi

166 4561 259 4599 veram
290 4545 319 4597 in
343 4543 481 4598 Christum
509 4543 598 4598 fidem.
647 4544 718 4598 Item
745 4543 946 4599 invocationem
969 4545 998 4598 in
1026 4543 1119 4597 divino
1148 4542 1250 4596 honore
1282 4540 1413 4611 reliquias
1437 4539 1571 4601 afficiunt.
1621 4542 1760 4598 Pontificii
1784 4545 1855 4600 illud

167 4631 201 4688 N.
219 4631 252 4686 Τ.
275 4646 329 4684 non
347 4646 407 4684 esse
427 4630 463 4684 ad
481 4635 586 4684 certum
606 4631 697 4685 locum
715 4629 875 4701 alligatam,
906 4630 954 4684 sed
974 4630 997 4683 si
1024 4630 1131 4684 faciunt
1148 4627 1253 4684 fatente
1270 4626 1446 4681 Bellarmino.
1484 4625 1567 4698 Ergo.
1602 4626 1684 4683 Retio
1709 4632 1854 4687 connexio·

167 4734 200 4771 cx
219 4733 285 4770 vcra
302 4715 472 4786 poenitentia
490 4721 518 4770 st
535 4714 590 4770 fide
615 4716 820 4787 proficiscatur,
851 4715 948 4787 quovis
969 4715 998 4768 in
1025 4717 1067 4770 nis
1085 4715 1153 4770 haec
1171 4721 1220 4782 est,
1241 4714 1289 4786 qui
1307 4719 1416 4767 sanctos
1434 4712 1580 4768 defunctos
1600 4716 1772 4771 constituunt
1790 4736 1854 4774 suos

168 4803 227 4857 loco
246 4803 306 4856 Deo
333 4817 420 4871 aeque
445 4807 553 4873 gratam
579 4809 608 4856 et
635 4810 778 4872 acceptam
797 4818 871 4866 esse,
885 4800 949 4856 doh.
972 4807 996 4865 t,
1024 4803 1099 4874 apud
1131 4801 1220 4856 Deum
1248 4805 1393 4870 patronos,
1425 4799 1518 4854 divino
1545 4801 1647 4857 honore
1677 4804 1786 4858 eosdem
1814 4804 1854 4859 af·

167 4907 191 4945 v.
213 4895 254 4945 21.
277 4895 298 4944 1.
318 4887 389 4942 Tim
410 4894 435 4956 2,
453 4906 479 4940 v.
500 4894 524 4942 3.
541 4893 597 4944 etc.
1024 4889 1134 4953 ficiunt,
1158 4892 1189 4940 ut
1216 4885 1244 4939 in
1264 4884 1425 4955 quaestione
1444 4885 1479 4940 de
1496 4886 1670 4943 invocatione
1697 4894 1853 4944 sanctorum

201 4982 242 5031 at.
277 4975 389 5045 Excipit
412 4973 597 5028 Bellarminus
626 4974 673 5030 lib.
702 4980 725 5028 2.
746 4974 781 5028 ds
802 4973 881 5045 reliq.
910 4980 996 5029 sanct.
1024 4972 1263 5031 demonstrabitur.
1313 4969 1453 5026 Pontificii
1478 4979 1590 5029 sanctos
1619 4973 1764 5030 defunctos
1789 4993 1853 5031 suos

167 5079 189 5117 e.
208 5068 232 5116 2.
251 5065 275 5118 1.
294 5063 323 5116 in
335 5071 447 5132 papatu
465 5060 603 5128 reliquias
622 5080 678 5115 non
697 5063 820 5114 adorari
838 5080 888 5116 nee
901 5020 1098 5134 diuinolapud
1135 5058 1225 5116 Deum
1254 5065 1384 5130 patronos
1415 5061 1595 5118 constituunt.
1649 5061 1723 5133 Ergo
1761 5063 1854 5119 divino

166 5150 270 5203 honore
291 5150 381 5213 attici.
434 5148 501 5212 Quia
520 5146 738 5216 Catlrolr'ooram,
758 5147 857 5218 inquit,
875 5134 1127 5218 unquamlhonore
1154 5147 1264 5203 eosdem
1290 5144 1424 5200 afficiunt.
1475 5144 1614 5208 Ulterius,
1648 5147 1695 5216 qui
1722 5148 1854 5219 reliquias

166 5237 303 5305 reliq-aias
332 5237 484 5300 irtuoeaoit,
516 5235 579 5304 quie
605 5253 728 5303 unquam
756 5235 872 5287 aurtitue
902 5243 941 5289 eet
968 5237 998 5289 ia
1025 5237 1159 5292 honorant
1190 5243 1222 5288 ut
1253 5251 1338 5286 saera
1367 5233 1492 5302 piqnora
1521 5250 1635 5285 suorum
1659 5241 1855 5305 patronorum,

163 5323 295 5391 precibus
326 5330 375 5376 aut
403 5322 514 5376 litania
550 5318 669 5387 dieuco,
700 5326 815 5373 sanctae
850 5321 997 5390 reliquiae,
1025 5323 1076 5376 hoc
1106 5328 1148 5377 est
1178 5336 1286 5384 eorum,
1317 5318 1420 5389 quihus
1450 5317 1555 5372 cultum
1585 5317 1708 5372 divinum
1737 5337 1771 5375 ac
1802 5321 1854 5376 soli

167 5418 246 5463 orate
278 5427 334 5478 pro
364 5411 425 5462 ner
456 5419 481 5463 et
510 5408 573 5478 quis
602 5409 714 5460 eostam
740 5414 873 5476 tanquam
903 5408 998 5462 dioirro
1025 5408 1085 5462 Deo
1109 5405 1231 5461 debitum
1251 5404 1393 5470 deserunt,
1423 5405 1463 5459 illi
1485 5405 1568 5459 etism
1584 5404 1707 5475 reliquiis
1731 5407 1855 5464 divinum
1868 5417 1935 5462 xva.
1950 5416 1993 5459 tta

168 5497 271 5550 tonora
292 5494 395 5562 affecit,
413 5493 458 5546 oet
477 5493 581 5549 (feruet
599 5494 661 5547 loeo
678 5492 835 5548 adorauit?
853 5512 903 5548 nos
925 5496 996 5549 enin
1011 5514 1014 5553 ι
1028 5494 1158 5550 honorem
1178 5492 1315 5559 deferunt,
1334 5498 1443 5564 oportet
1460 5491 1531 5546 enim
1545 5507 1605 5545 esse
1617 5493 1773 5565 analogiam
1785 5496 1856 5550 inter

1568 5600 1582 5648 5
1588 5595 1604 5629 1
