4104 6014
228 339 285 396 118
818 327 939 385 LOCUS
958 324 1160 382 VIOESIMUS
1176 327 1324 386 SEXTUS

224 485 376 552 remeari,
408 502 463 540 non
481 502 541 541 esse
559 487 672 541 arbores
690 485 778 539 bonas
795 500 846 538 nec
872 482 973 547 malus,
1004 495 1056 534 nec
1089 480 1153 533 ideo
1174 482 1282 536 scilicet
1309 482 1433 543 infantes
1450 482 1517 536 illos
1539 482 1621 535 nulla
1639 481 1756 534 tristitia
1774 496 1833 534 esse
1855 479 1926 544 atfi-

225 585 285 624 esse
313 571 400 625 bonas
427 589 478 625 nec
506 573 592 626 melos
623 572 730 641 pisces,
760 587 812 624 nec
836 569 908 623 iuter
933 584 997 622 oves
1016 565 1060 620 vel
1086 568 1212 631 ciendos,
1242 569 1320 636 quod
1337 569 1429 636 probe
1454 567 1626 621 intellecturi
1649 567 1720 633 rint,
1753 565 1865 619 atillam
1894 578 1925 616 se

225 654 328 722 haedos
357 656 453 711 Manu.
485 664 525 713 25.
557 658 692 712 recenseri
724 672 812 726 posse.
871 660 896 710 9.
925 652 1059 708 Parvulos
1084 653 1295 722 proportionem
1325 657 1366 707 ad
1393 671 1455 708 eam
1482 653 1679 707 beatitudinem
1704 669 1849 721 utinquam
1874 649 1926 703 lta·

225 740 286 794 illos
305 742 454 796 mittendos
472 743 584 814 quidem
605 744 634 795 in
652 750 781 807 staonum
795 741 879 807 ionis,
897 740 951 794 hoc
969 745 1013 794 est
1031 739 1059 791 in
1087 738 1186 804 buisse,
1205 757 1267 791 mim
1284 756 1333 792 nec
1353 740 1500 792 tabuerint
1517 739 1653 805 qratiam,
1674 753 1725 790 nee
1744 755 1824 789 usrim
1840 735 1929 788 liberi

226 825 333 893 locum,
359 827 408 882 ubi
427 834 469 883 eet
488 829 576 899 ignis,
601 845 652 883 nec
671 835 764 884 umen
784 826 994 881 inflammandos
1013 824 1060 879 illo
1086 824 1207 877 arbitrii.
1237 824 1319 878 Hanc
1338 825 1472 879 rationem
1493 823 1589 878 itidem
1606 823 1710 878 refellit
1728 819 1925 876 Bellarminus.

224 910 290 982 igne
319 918 369 967 eut
398 914 571 969 cmciandos.
630 915 765 971 Nimirum
796 919 828 967 ut
866 913 894 965 in
931 913 1060 982 dogmate
1089 909 1216 962 Tamari
1230 909 1341 980 (inquit)
1368 904 1511 977 nunquam
1534 910 1565 961 in
1586 926 1616 961 se
1638 907 1758 977 porculi
1783 907 1832 960 illi
1852 922 1925 974 pro-

226 997 546 1054 transsubstantiationis
583 998 774 1055 accidentibus
810 999 869 1054 siue
906 996 1061 1052 substantia
1083 995 1241 1062 portionem
1258 995 1406 1048 habuerim
1423 997 1465 1049 cd
1483 994 1691 1060 truncatum,
1710 1000 1802 1046 tamen
1820 992 1924 1044 labue-

226 1081 324 1136 tribuit
352 1084 408 1137 vim
434 1085 592 1153 nutriendi,
619 1085 658 1140 ita
684 1085 743 1156 igni
767 1083 895 1139 infernali
919 1083 970 1137 hoc
999 1082 1060 1136 loco
1085 1087 1152 1132 runt
1178 1078 1208 1133 in
1237 1082 1331 1149 primo
1358 1090 1476 1150 parente
1501 1089 1528 1133 et
1562 1086 1743 1149 cognoscent,
1776 1095 1806 1130 se
1830 1077 1925 1145 primi

228 1166 346 1239 derogat
368 1169 422 1223 vim
440 1169 539 1225 urendi
552 1177 681 1241 respectu
700 1171 839 1226 infantum
863 1185 918 1223 nnn
936 1167 1060 1237 baptisa-
1085 1165 1213 1232 parentis
1235 1167 1319 1235 crclpa
1338 1174 1445 1220 tantum
1470 1168 1570 1219 bonnm
1596 1165 1765 1234 perdidisse.
1806 1161 1924 1218 Richar-

228 1258 326 1306 torum.
380 1261 418 1311 1⁰.
444 1254 581 1310 Parvulos
608 1256 772 1311 cruciendos
800 1256 866 1326 igne
894 1253 1061 1324 sempiterno
1088 1249 1141 1303 dus
1157 1250 1241 1306 aliam
1267 1251 1401 1306 rationem
1420 1251 1602 1322 excogitavit,
1629 1249 1704 1320 quod
1729 1249 1837 1305 scilicet
1852 1266 1924 1318 par·

92 1334 155 1376 ¹V¹¹·
172 1334 214 1376 ¹⁸⁹·
227 1353 278 1407 per
304 1340 501 1406 detentionem,
532 1358 587 1397 non
611 1359 661 1411 per
687 1343 831 1396 numen.
879 1342 920 1395 nt
945 1339 998 1393 hoc
1020 1354 1061 1392 re·
1086 1336 1148 1397 ouli
1165 1353 1199 1390 en
1217 1338 1442 1392 consideratione
1459 1338 1580 1391 amusos
1595 1336 1776 1389 beatitudinis
1789 1335 1855 1389 ideo
1868 1352 1926 1389 non

228 1431 336 1493 pugnat
352 1424 437 1493 priori
458 1425 622 1496 hypothesi,
655 1427 730 1498 quod
748 1444 804 1481 non
822 1426 980 1481 crucientur
996 1424 1062 1494 igne
1087 1420 1242 1489 tn'sterttur,
1261 1423 1329 1491 quia
1346 1423 1491 1490 sinoulari
1508 1422 1570 1475 Dei
1581 1422 1767 1490 prouidentia
1783 1420 1869 1474 dolor
1888 1418 1926 1472 ab

228 1508 373 1577 infemali,
403 1511 566 1566 adversmur
586 1513 700 1582 insuper
726 1512 850 1584 generali
867 1510 955 1573 thesi,
987 1509 1061 1580 quod
1088 1522 1183 1560 eorum
1206 1507 1308 1562 animis
1338 1515 1523 1562 remoueatur.
1568 1506 1649 1562 Hanc
1677 1506 1812 1561 rationem
1834 1521 1928 1576 aeque

229 1611 345 1663 poenam
365 1596 501 1651 duntaxat
519 1597 629 1665 damni,
658 1604 824 1653 nouantem
843 1613 941 1652 sensus
967 1611 1062 1663 exper-
1088 1600 1119 1647 ut
1146 1593 1250 1662 priores
1281 1594 1385 1649 refellit
1408 1593 1603 1649 Bellarminus.
1650 1591 1720 1646 Crem
1745 1592 1819 1646 enim
1842 1593 1926 1644 Deus

228 1680 283 1734 turi
308 1679 377 1748 sint,
407 1682 501 1752 ecquis
534 1683 607 1737 euim
630 1683 782 1738 cruciatum
806 1681 865 1736 sine
888 1697 972 1736 semu
999 1696 1066 1743 con·‚
1088 1696 1143 1733 non
1162 1680 1312 1748 impediat,
1333 1679 1480 1748 quominus
1502 1679 1623 1746 paruuli
1642 1679 1672 1731 in
1699 1680 1752 1732 hac
1770 1676 1925 1746 oitapati·

228 1763 319 1832 cipere
349 1766 471 1835 poterit?
525 1775 565 1824 11.
596 1767 771 1824 Afflictiones
803 1768 886 1840 hujus
907 1767 983 1821 vitae
1007 1781 1061 1820 non
1088 1772 1175 1818 antur
1194 1766 1324 1834 dolores,
1342 1768 1391 1834 qui
1407 1772 1560 1833 sequuntur
1577 1781 1610 1818 eu
1627 1765 1779 1818 amissione
1796 1764 1927 1830 iurddae

228 1847 317 1920 infligi
338 1851 449 1922 proprie
468 1869 502 1908 ec
524 1853 630 1909 directe
647 1854 771 1925 parvulis
789 1854 817 1909 in
836 1869 953 1924 poenam
980 1852 1060 1921 origi-
1089 1850 1247 1918 oriqinalis,
1264 1869 1314 1904 cur
1334 1852 1485 1920 impediret
1500 1851 1636 1919 dolorem,
1656 1851 1706 1918 qui
1721 1858 1786 1918 post
1804 1857 1925 1904 mortem

227 1934 299 1990 nelis
328 1939 453 2006 peccati.
493 1939 543 1994 sed
582 1941 714 2011 consequi
751 1946 877 1995 naturam
914 1939 1061 1992 humanam
1089 1937 1259 1991 naturaliter
1285 1945 1466 2006 consequetur
1488 1937 1673 2005 avennionem
1701 1937 1822 1989 amasae
1840 1936 1926 1989 besti·

228 2019 357 2091 originali
380 2022 491 2091 justitia
511 2024 665 2095 spoHatsm.
715 2026 890 2081 Contrarium
917 2022 1062 2079 docuimus
1088 2022 1219 2076 tudinul
1259 2023 1345 2078 Hisce
1372 2021 1573 2094 hypothesibus
1602 2020 1729 2076 omnibus
1753 2037 1787 2075 ac
1806 2020 1927 2092 singulis

227 2106 257 2159 in
295 2112 404 2163 uoetat.
437 2107 472 2162 de
507 2109 629 2181 imagine
658 2110 712 2165 Dei
750 2111 779 2164 in
816 2110 904 2179 primo
943 2107 1060 2163 homine.
1088 2107 1147 2162 sine
1175 2108 1340 2178 probatione
1363 2108 1460 2177 positis
1484 2115 1516 2161 ut
1540 2107 1724 2161 Bellerminus
1751 2105 1807 2161 fide
1825 2105 1926 2160 fecerit

231 2197 269 2248 12.
282 2191 406 2262 Corpora
418 2195 596 2264 parvulorum
609 2213 664 2250 nou
681 2196 741 2251 fore
754 2195 883 2267 gloriosa,
899 2194 949 2250 sed
962 2194 1061 2247 similia
1090 2209 1191 2263 easque
1222 2200 1252 2247 et
1284 2193 1356 2247 inter
1381 2210 1412 2248 se
1446 2200 1475 2247 et
1509 2209 1572 2247 cum
1610 2193 1759 2262 Scripturis
1791 2191 1925 2247 conciliu-

231 2277 393 2348 corporibus
419 2287 573 2336 ceterorum
597 2281 790 2336 damnatorum
810 2287 949 2336 ettamen
969 2280 1060 2351 ignem
1089 2277 1160 2332 verit
1176 2277 1304 2348 opinione
1320 2278 1356 2332 de
1367 2278 1453 2333 limbo
1470 2294 1627 2348 puerorum,
1645 2278 1782 2333 calculum
1798 2285 1925 2333 nocuum

227 2361 439 2431 infernalem,in
452 2382 507 2436 quo
519 2365 686 2435 detinentur,
706 2382 761 2420 nou
779 2381 905 2436 passura.
934 2370 971 2420 13.
985 2363 1062 2420 Chri-
1089 2362 1275 2432 subjiciemus.
1329 2363 1409 2418 Cani.
1440 2369 1520 2417 tract.
1559 2364 1594 2418 de
1630 2364 1707 2433 bapt
1744 2361 1773 2437 ξ.
1801 2369 1859 2419 210.
1895 2368 1926 2418 et

227 2451 300 2501 stum
323 2465 379 2503 uon
402 2466 463 2504 esse
480 2467 593 2520 passum
612 2466 746 2520 menam,
773 2466 855 2521 quam
874 2450 979 2505 directe
998 2465 1060 2520 pec·
1088 2463 1164 2519 seqq.

227 2531 296 2586 cais
327 2533 428 2587 nostris
457 2534 629 2598 debebatur,
657 2535 706 2588 sed
731 2534 824 2592 aliam.
874 2541 913 2591 14.
935 2533 1061 2590 infantes
1128 2538 1183 2587 112.
1219 2539 1241 2589 2.
1261 2533 1369 2589 Contra
1386 2535 1500 2588 limbum
1514 2542 1630 2602 patrum
1654 2533 1834 2602 producimus
1853 2533 1954 2590 haect.

227 2617 349 2672 dolorem
379 2619 464 2674 animi
494 2619 638 2675 habituros
666 2637 699 2675 eo
732 2622 808 2691 qnod
836 2621 995 2692 intelligent
1031 2639 1061 2677 se
1088 2627 1265 2690 argumenta:
1288 2626 1308 2676 1.
1327 2620 1471 2691 Scriptura
1490 2620 1595 2673 nullam
1613 2617 1698 2688 hujus
1714 2618 1825 2674 limbia
1843 2594 1965 2694 coeloffl

227 2701 399 2759 beatitudine
416 2705 552 2776 privates,
577 2707 747 2762 accusortio
772 2707 880 2777 piorum
898 2706 1015 2762 benum
1033 2716 1062 2763 et
1088 2706 1209 2776 separati
1236 2708 1403 2761 mentionem
1425 2705 1509 2771 feeit,
1527 2704 1555 2757 in
1575 2719 1658 2774 quem
1676 2704 1784 2760 animae
1804 2705 1922 2776 patriar·

227 2794 374 2857 parentum
397 2789 518 2860 alienos,
546 2791 575 2846 in
598 2808 738 2847 carcerem
762 2793 863 2848 inferni
888 2795 1014 2848 detrusos
1034 2800 1062 2849 et
1088 2790 1201 2844 charum
1219 2796 1248 2846 et
1266 2797 1423 2847 sanctorum
1443 2791 1476 2845 V.
1490 2791 1522 2845 Τ.
1536 2790 1641 2844 fuerint
1658 2789 1813 2854 conclusae,
1834 2791 1925 2847 donec

229 2873 258 2927 in
281 2874 423 2946 perpetuis
447 2876 568 2932 tenebris
591 2878 676 2932 vitam
694 2884 820 2943 acturos,
847 2886 987 2933 ettamen
1006 2896 1060 2933 non
1088 2876 1213 2932 debitum
1230 2877 1311 2946 primi
1335 2878 1459 2947 parentis
1478 2893 1527 2946 per
1545 2883 1659 2930 mortem
1680 2874 1783 2930 Christi
1803 2877 1925 2933 solvere·

229 2975 360 3030 psssuros
377 2979 495 3032 poenam
515 2981 618 3021 sensus.
659 2964 781 3020 lhomas
800 2966 829 3019 in
848 2983 875 3035 q.
897 2973 919 3020 5.
938 2967 972 3022 ds
991 2967 1063 3021 mulo
1089 2967 1147 3028 tur,
1177 2971 1219 3016 est
1238 2978 1304 3033 ergo
1328 2962 1422 3033 opinio
1441 2960 1583 3035 ἄγραφος,
1613 2961 1677 3017 inde
1693 2960 1870 3017 Lcmbardus
1887 2963 1924 3018 le·

229 3053 280 3102 art.
309 3052 333 3112 3.
358 3047 498 3118 disputat,
529 3052 665 3121 pareulot
689 3051 756 3105 illos
776 3061 930 3122 propterea
954 3053 1062 3106 nullum
1089 3047 1172 3119 gend.
1194 3054 1235 3104 52.
1255 3046 1370 3102 limbum
1389 3054 1500 3116 patrum
1519 3063 1553 3102 ex
1572 3046 1752 3115 supposititio
1777 3049 1924 3115 manqslsb
1940 3059 1964 3099 u

229 3131 357 3186 dolorem
371 3149 405 3186 en
423 3134 574 3190 amissione
588 3137 770 3191 beatuudinis
782 3148 973 3207 pereepturos,
986 3142 1063 3207 quod
1090 3135 1240 3188 Nicodemi
1265 3135 1383 3204 probare
1414 3133 1512 3187 maluit
1541 3148 1624 3203 qnam
1654 3150 1688 3187 ex
1723 3132 1866 3188 canomcis
1895 3140 1925 3190 et

229 3217 398 3285 ionorabunt
416 3221 536 3284 omnino,
557 3225 806 3283 comseamisisce.
825 3225 998 3279 cumidnisi
1009 3242 1063 3294 per
1089 3219 1254 3274 authenticis
1284 3217 1442 3289 Scriptun’s.
1493 3224 1514 3273 2.
1545 3217 1649 3272 Contra
1680 3233 1745 3272 vero
1779 3217 1925 3289 Scriptura

229 3305 315 3369 fidem
345 3307 477 3373 coqnosci
498 3325 554 3360 non
573 3308 667 3376 possit
690 3316 717 3362 et
738 3309 796 3381 ipsi
812 3310 901 3378 fidon
921 3328 1063 3380 nunqumu
1090 3306 1145 3359 duo
1173 3305 1308 3359 duntaxat
1335 3305 1487 3358 animarum
1513 3311 1576 3373 post
1599 3302 1672 3357 hanc
1696 3302 1782 3358 utam
1800 3311 1924 3377 recepta·

230 3387 385 3446 tabuerint.
436 3391 490 3446 Sed
521 3391 593 3447 hanc
624 3394 758 3450 radonem
790 3395 864 3451 idem
890 3395 1011 3451 Thomas
1039 3406 1062 3454 2.
1090 3392 1153 3447 cula
1178 3397 1234 3445 tam
1255 3392 1284 3445 in
1302 3389 1338 3447 V.
1356 3406 1439 3459 quam
1464 3389 1491 3442 in
1515 3388 1550 3444 N.
1569 3388 1602 3442 t.
1632 3396 1788 3454 enumerat,
1814 3391 1924 3446 coelum

232 3480 300 3529 sent.
322 3475 385 3529 dist.
408 3481 448 3531 33.
469 3493 495 3547 q.
516 3483 543 3535 2,
561 3487 614 3534 art.
635 3485 658 3535 3.
683 3479 825 3549 repudiat,
854 3488 882 3537 et
899 3492 987 3550 reete,
1021 3501 1058 3537 se.
1091 3476 1197 3531 scilicet
1208 3483 1236 3530 et
1254 3476 1400 3541 infernum,
1418 3481 1450 3529 ut
1462 3474 1632 3529 ostendimus
1644 3478 1763 3544 saepius,
1780 3483 1823 3531 est
1836 3476 1924 3548 igitur

234 3568 364 3627 queretur
382 3561 465 3628 enm,
483 3561 608 3618 narem
625 3564 763 3632 eubaea,
792 3566 840 3637 qur
859 3567 893 3621 a
911 3567 960 3623 rna
976 3569 1062 3623 nau·
1089 3562 1180 3633 minio
1204 3560 1384 3634 intramn-
1429 3565 1453 3615 ³·
1473 3560 1516 3614 De
1539 3559 1683 3613 animabus
1710 3560 1819 3629 riorum
1836 3560 1923 3633 epm-

231 3642 329 3699 tudine
347 3645 415 3700 nihil
433 3647 613 3712 audiverunt,
632 3648 727 3704 itidem
752 3666 808 3706 non
826 3650 970 3706 habituros
988 3653 1062 3708 dolo
1089 3656 1135 3704 tus
1152 3655 1264 3703 sanctus
1282 3647 1310 3702 in
1329 3647 1362 3703 V.
1382 3647 1408 3701 'I'
1435 3647 1476 3701 sic
1493 3646 1627 3716 loquitur,
1652 3646 1727 3716 quod
1747 3647 1923 3716 collipantur

232 3744 289 3782 rem
315 3732 351 3785 de
371 3734 431 3795 eins
450 3732 605 3786 amissione.
652 3734 846 3790 Beneventura
872 3744 895 3791 2.
911 3746 981 3795 sent.
999 3738 1061 3794 dist.
1090 3737 1119 3789 in
1141 3734 1311 3800 foeniculum
1335 3733 1480 3787 namnum
1516 3737 1537 3786 1.
1556 3731 1629 3787 Sam.
1653 3735 1699 3799 25,
1725 3749 1749 3787 v.
1779 3737 1819 3789 23.
1846 3733 1923 3802 quod

230 3819 270 3870 33.
299 3816 408 3885 scribit,
438 3818 598 3883 infantulos
627 3820 694 3874 illos
721 3822 806 3876 simul
834 3824 1062 3879 consideratmas
1088 3823 1193 3876 sintin
1213 3819 1373 3872 rnonrcDei
1404 3826 1429 3871 et
1458 3834 1514 3870 non
1540 3824 1640 3884 tanpat
1670 3817 1739 3871 illas
1757 3825 1923 3874 mmmmm

230 3902 443 3967 beatitudinem,
471 3921 556 3972 quom
575 3907 744 3975 amiseram,
773 3916 800 3962 et
812 3926 923 3978 poenas
941 3911 1062 3966 alionum
1089 3909 1153 3978 Sap.
1172 3912 1201 3969 3,
1229 3924 1255 3962 v.
1279 3911 1299 3961 1.
1318 3921 1352 3958 ec
1372 3904 1407 3958 de
1427 3902 1519 3957 anima
1538 3901 1639 3956 Lazari
1658 3906 1722 3956 ante
1740 3901 1842 3958 Christi
1860 3923 1921 3975 pau

230 3989 436 4057 damnatorum,
448 4007 518 4058 quos
531 4000 686 4062 euaserunt,
699 4001 895 4063 nonunquam
905 3997 989 4064 prior
998 4014 1061 4050 con·
1088 3995 1191 4048 sionem
1212 4008 1244 4045 ac
1262 3997 1377 4045 mortem
1402 4006 1418 4044 e
1441 3988 1563 4059 corporis
1589 3987 1729 4059 ergastulo
1746 3988 1865 4046 liberata
1882 3993 1922 4047 di·

227 4074 367 4128 sidmmio
386 4075 521 4139 dolorem,
534 4078 677 4144 posterior
695 4079 830 4146 gaudium
841 4083 945 4150 afferre
961 4084 1061 4149 possit,
1087 4081 1172 4148 citur,
1201 4078 1276 4150 quod
1296 4078 1332 4130 ab
1357 4076 1480 4144 amyclis,
1508 4077 1557 4144 qui
1578 4093 1686 4145 semper
1702 4076 1798 4129 uident
1815 4078 1922 4139 faciem

228 4167 320 4214 tamen
338 4162 380 4212 ita
395 4178 478 4213 uuam
492 4165 705 4230 temperandam
712 4181 768 4231 per
782 4166 879 4233 aliam,
892 4176 922 4220 nt
934 4169 1060 4222 conside·
1089 4168 1148 4220 Dei
1162 4166 1193 4217 in
1211 4164 1305 4230 eoem,
1328 4160 1428 4216 Matth.
1451 4168 1496 4227 te,
1523 4177 1549 4215 v.
1574 4166 1611 4216 11.
1631 4162 1661 4213 in
1679 4161 1771 4214 sinum
1787 4164 1922 4219 numae

227 4247 302 4300 ratio
314 4246 435 4300 amissae
450 4247 632 4300 beatitudinis
645 4247 818 4317 impeditura
829 4252 867 4303 sit
879 4254 1061 4318 paudiumde
1088 4254 1238 4320 deportata
1270 4248 1461 4302 consolatione
1483 4247 1578 4315 suerit
1615 4247 1737 4301 delinita
1771 4247 1842 4306 Luc.
1882 4255 1921 4315 te,

227 4331 356 4384 eoasime
368 4348 527 4399 poenarum
547 4341 574 4386 et
590 4333 780 4388 consideratio
799 4337 938 4390 evasionis
956 4355 1060 4406 poena-
1088 4357 1114 4393 r.
1135 4342 1175 4392 22.
1218 4335 1261 4390 De
1285 4333 1377 4388 anima
1394 4333 1518 4389 conversi
1542 4333 1657 4388 latronis
1682 4334 1867 4390 antechristi
1886 4337 1921 4392 ed

226 4433 290 4468 rum
302 4416 476 4483 impeditura
488 4419 525 4471 sit
537 4419 665 4472 dolorem
677 4421 880 4489 deprioatione
892 4423 1061 4493 beatudinis,
1088 4421 1190 4477 inferos
1213 4422 1376 4476 descensum
1407 4419 1508 4473 mortui
1535 4418 1637 4473 dicitnr
1665 4419 1735 4476 Luc.
1755 4424 1802 4484 23,
1830 4438 1857 4474 v.
1878 4418 1920 4479 ie.

227 4508 310 4570 atque
330 4502 372 4555 ita
388 4503 532 4567 futurum,
557 4512 588 4557 ut
611 4505 659 4558 illi
682 4522 768 4573 nmen
785 4507 944 4572 tristentur,
971 4527 1058 4579 neque
1088 4508 1163 4578 qued
1177 4510 1208 4562 in
1222 4508 1393 4576 paradisum
1403 4504 1488 4560 fuerit
1502 4513 1633 4573 assumta,
1653 4522 1770 4576 quorum
1785 4507 1921 4562 dictorum

227 4586 372 4643 laetentur.
417 4586 473 4643 Sed
493 4587 545 4644 hoc
563 4562 776 4646 &inventurae
803 4592 936 4662 placitum
955 4594 1060 4649 Bellar·
1088 4594 1231 4665 emphasin
1250 4592 1429 4663 expendimus
1455 4591 1589 4661 superius.
1638 4592 1667 4648 Si
1686 4591 1778 4646 anima
1795 4594 1921 4650 conversi

228 4672 303 4727 mino
321 4689 376 4726 non
394 4674 501 4744 placet,
528 4674 569 4729 sic
594 4674 667 4728 enim
696 4674 793 4731 scribit
812 4676 860 4733 lib.
877 4684 902 4734 6.
922 4679 957 4735 de
970 4681 1061 4735 amisa.
1088 4681 1202 4735 latronis
1220 4680 1274 4734 fuit
1293 4683 1489 4748 postmortem
1507 4696 1569 4731 cum
1587 4680 1683 4731 amma
1702 4677 1810 4732 Christi
1829 4680 1858 4733 in
1872 4698 1920 4752 pa·

227 4763 297 4829 grat
308 4774 333 4813 c.
343 4764 367 4813 1.
378 4755 407 4832 ξ.
418 4759 546 4815 sedhaec
559 4766 625 4815 etc:
643 4759 731 4814 Sires
743 4763 786 4815 ita
797 4764 920 4832 habaet,
932 4767 1060 4821 riducu-
1087 4765 1179 4820 radiso
1196 4774 1224 4821 et
1241 4766 1269 4819 in
1287 4782 1374 4834 rayno
1389 4765 1453 4831 Dei,
1474 4764 1522 4818 ubi
1540 4781 1596 4833 pax
1616 4770 1644 4818 et
1662 4764 1804 4834 gaudium,
1823 4767 1920 4836 utique

227 4853 272 4898 tur
300 4847 424 4900 homines
450 4846 498 4900 illi
523 4847 635 4900 redemi
662 4849 704 4900 ad
731 4856 862 4903 naturam
887 4859 981 4905 rerum
1005 4870 1059 4906 nou
1088 4869 1143 4906 non
1162 4850 1308 4905 descendit
1324 4849 1363 4903 ad
1382 4850 1502 4919 aliquem
1520 4849 1620 4904 inferni
1639 4849 1737 4904 sinum.
1775 4850 1834 4905 Nisi
1854 4868 1921 4924 ergo

226 4931 410 4985 sentientium.
445 4932 629 4986 Probabilius
648 4933 806 5002 diceretur,
826 4952 873 4990 eos
891 4956 948 4990 non
966 4940 1059 5001 amul,
1087 4937 1245 5008 paradisum
1272 4953 1337 4989 cum
1363 4935 1470 4989 inferno
1502 4934 1619 4989 velimus
1646 4936 1835 5005 commiscere,
1865 4955 1920 4993 non

226 5018 279 5068 sed
294 5033 348 5086 per
364 5016 437 5070 uices
454 5017 684 5074 comideraturos
701 5037 774 5073 nune
792 5023 926 5076 amasam
946 5023 1060 5077 beatitu-
1088 5038 1234 5092 possumus
1253 5022 1289 5074 de
1314 5020 1417 5074 sanctis
1435 5020 1469 5076 V.
1486 5020 1518 5074 T.
1537 5019 1690 5084 affirmare,
1718 5022 1793 5091 qnod
1812 5023 1841 5077 iu
1861 5024 1920 5078 lim·

227 5102 328 5169 dinem,
345 5119 417 5156 nuno
433 5103 629 5155 liberationem
644 5120 663 5155 a
674 5105 854 5173 prasioribta
867 5108 960 5178 mcli'e,
977 5080 1153 5177 atqueibum
1186 5107 1307 5176 aliquem
1334 5106 1497 5161 infernalem
1526 5106 1728 5163 descenderint.
1772 5108 1819 5163 Sic
1845 5111 1919 5165 enim

227 5190 326 5242 eadem
349 5190 459 5242 ratione
488 5205 562 5241 nunc
584 5189 693 5251 nutu,
720 5207 793 5244 nunc
821 5193 910 5247 laetos
936 5195 1060 5259 feturas,
1086 5193 1226 5250 Pontificii
1248 5192 1407 5246 describunt
1434 5192 1510 5246 illum
1530 5191 1660 5255 limbum,
1687 5193 1763 5264 quod
1787 5195 1826 5248 eit
1842 5197 1920 5249 sinus

226 5281 276 5328 urst
287 5282 359 5329 certe
372 5273 626 5328 considerationem
639 5292 806 5343 poenarum,
818 5295 889 5346 quus
903 5290 1060 5349 creseunt,
1086 5280 1195 5343 infensi
1212 5280 1288 5331 intra
1305 5286 1398 5331 terroe
1417 5278 1540 5345 uacua,
1572 5277 1756 5333 Bellarminus
1776 5279 1823 5336 lib.
1842 5286 1865 5337 2.
1884 5280 1920 5336 de

227 5378 281 5414 non
296 5361 409 5430 penitus
429 5361 618 5427 sublaturum,
640 5363 692 5414 sed
715 5379 749 5416 en
763 5372 849 5431 parte
866 5364 1059 5431 mitioaturam
1085 5383 1166 5436 purg.
1192 5381 1216 5419 c.
1237 5370 1261 5418 ’1.
1289 5366 1319 5417 in
1337 5382 1391 5433 quo
1415 5364 1527 5416 animae
1549 5364 1782 5432 patriarcharum
1797 5384 1920 5434 poenam

226 5447 385 5509 tristitiam,
410 5463 493 5515 mam
511 5463 603 5500 secum
620 5449 809 5504 consideratio
829 5451 948 5504 ‹sreiimme
964 5402 1185 5517 felici-idemni
1201 5451 1381 5505 uestinuerint
1400 5449 1646 5503 deliberationem
1666 5467 1723 5519 per
1751 5452 1854 5505 Christi
1880 5454 1922 5506 ad

225 5534 293 5588 nris
319 5533 458 5599 adferret.
508 5531 629 5587 Thomas
661 5532 743 5588 aliam
771 5536 907 5593 rationem
936 5536 1195 5607 adducittinferos
1214 5539 1376 5591 descensum
1393 5534 1495 5603 cupide
1519 5537 1752 5604 exspectaverint,
1780 5538 1848 5605 quin
1864 5539 1920 5593 imo
