4074 6022
673 356 726 414 DE
744 354 990 415 MORTUORUM
1006 354 1330 416 RESURRECTIONE.
1788 370 1847 426 437

150 515 257 571 rabaei.
295 513 469 584 Epiphanius
495 515 523 572 d.
549 514 583 569 1.:
610 514 767 569 scarabaei
795 514 879 568 morti
901 511 989 565 vicini
1014 510 1087 577 situ,
1106 513 1191 580 quale
1213 519 1277 568 ante
1294 513 1381 568 odam
1399 513 1496 583 jacuit
1518 522 1543 568 et
1569 514 1654 582 quale
1675 515 1850 584 posivitum

113 604 120 620 ⁸
151 600 182 655 in
198 600 265 669 pila
282 601 415 655 00000000
432 616 463 655 se
477 601 555 672 ipsos
579 602 728 668 ovcrdtant,
746 599 833 654 talem
845 599 939 669 pilam
956 598 986 651 in
1011 597 1123 665 jacoba,
1147 605 1178 652 ut
1202 600 1377 654 testationem
1398 600 1541 670 plasticae
1567 608 1592 653 et
1617 600 1781 669 sepultarae
1806 616 1849 654 ca-

150 692 233 741 terra
257 686 423 756 sepelimtes
443 705 477 742 00
500 688 688 756 defodientes,
712 695 795 756 atquae
820 685 863 740 eia
885 701 918 739 ea
936 701 987 738 suo
1012 693 1142 752 epactam
1161 685 1286 740 animam
1311 687 1394 756 quasi
1419 688 1544 740 siendum
1564 685 1698 740 00000000
1722 693 1748 740 et
1767 692 1851 754 quast

152 771 280 841 ipsorum
298 771 414 825 humore
430 789 530 826 nurus
554 773 748 826 reviviscentes
765 772 985 843 comperiuntur.
1008 769 1072 838 jam
1089 777 1215 839 ereptam
1235 780 1284 826 etc.
1312 789 1374 827 mm
1394 773 1569 840 evipilaverit
1588 788 1690 840 corpses
1707 772 1850 825 redditum

152 857 342 913 0100000000.
377 856 550 928 Epiphanius
572 862 619 913 lt:
644 859 768 912 Loeseda
794 859 922 924 moritur,
940 857 989 909 ubi
1013 857 1115 927 officiis
1135 858 1196 925 eius
1217 859 1448 914 resurrectionem
1470 866 1642 912 mortuoram
1657 857 1709 911 tibi
1724 858 1851 927 affirmat

152 945 296 1013 qtmndam
321 945 369 998 sui
391 945 482 1013 sperus
508 947 651 1011 soetnram
670 944 810 1013 abjectam
833 944 863 997 in
882 950 987 997 0000000
1014 950 1063 996 cte.
1103 944 1200 998 Etiam
1225 961 1280 1014 por
1306 944 1455 1013 imaqinem
1483 944 1580 997 mortis
1601 944 1689 1012 fidem
1714 931 1850 1011 initiaris,

152 1028 267 1096 dofodit
285 1037 312 1082 et
331 1037 398 1099 post
423 1037 531 1099 tempus
559 1037 637 1084 terra
660 1030 759 1084 reddit
783 1045 831 1098 aa,
850 1043 921 1099 quae
940 1030 988 1080 de·
1013 1045 1090 1097 spem
1108 1031 1265 1100 meditaris,
1295 1031 1383 1086 discis
1403 1031 1476 1085 mori
1493 1037 1523 1084 et
1546 1030 1644 1098 vicera
1676 1028 1764 1083 (lisois
1780 1029 1850 1097 vipi-

148 1118 236 1183 sassa
251 1123 326 1172 eunt.
367 1119 393 1170 6.
434 1117 566 1185 Cicadae,
584 1133 692 1186 erucae,
709 1132 830 1184 muscae,
846 1115 987 1182 bonibpces
1013 1115 1076 1169 lare
1097 1117 1163 1170 dum
1188 1117 1305 1172 dormis.
1346 1115 1506 1171 Ludcvicus
1530 1115 1616 1171 Vives
1641 1115 1670 1168 in
1700 1113 1849 1171 introduct.

152 1209 201 1256 ete.
235 1201 343 1256 Plinius
368 1201 417 1256 lib.
446 1206 484 1258 11.
512 1207 561 1256 nat
587 1200 683 1258 histor.
708 1217 771 1272 cap.
797 1205 838 1256 30.
864 1216 987 1254 niueam
1014 1201 1050 1255 ad
1071 1201 1265 1273 sapient.cap.
1286 1208 1318 1256 l:
1339 1201 1580 1265 Quemadmodum
1593 1203 1629 1253 de
1647 1208 1725 1254 rivcte
1745 1201 1849 1255 ‹armi-

151 1287 314 1344 eestinctam
332 1288 383 1340 sub
397 1286 495 1356 tepido
512 1288 606 1341 mame
624 1287 790 1342 reviviscere
816 1286 910 1340 tradit.
932 1284 987 1338 Ba·
1014 1288 1072 1355 ist-i,
1086 1295 1189 1357 postea
1207 1287 1357 1356 eviqslasti,
1374 1287 1416 1341 sic
1433 1294 1532 1341 nostra
1552 1302 1675 1354 corpora
1696 1288 1850 1340 recordare

152 1371 231 1428 silius
254 1372 328 1427 hom.
369 1377 392 1428 8.
419 1371 559 1428 henaim:
597 1374 732 1441 Bombpa,
762 1374 864 1427 ommis
891 1351 1173 1439 qonur,idormitura
1201 1389 1258 1442 per
1290 1380 1414 1441 mortem,
1448 1373 1513 1428 liiiio
1544 1374 1694 1427 reddenda
1724 1372 1798 1425 vitae
1831 1389 1850 1426 a

152 1474 254 1514 murae
282 1458 385 1513 ancilis
416 1460 632 1514 resurrectionis
664 1462 809 1529 quandam
837 1458 987 1526 imoqinem
1017 1460 1137 1516 Christo.
1174 1459 1314 1516 Lutherus
1337 1460 1366 1514 in
1389 1476 1486 1514 comm.
1510 1477 1571 1529 cap.
1599 1464 1639 1515 15.
1665 1456 1765 1512 Genea.
1784 1463 1847 1512 tom.

147 1547 275 1616 praebet,
295 1544 346 1615 qui
363 1562 424 1599 cum
441 1545 611 1600 vermiculus
628 1547 674 1613 eit,
695 1549 725 1600 in
738 1562 849 1599 erucam
862 1543 986 1614 pmmum
1015 1551 1038 1600 2.
1056 1564 1085 1616 p,
1106 1549 1154 1601 53:
1175 1546 1265 1615 Apud
1280 1546 1469 1614 Anquetiaum
1494 1546 1589 1600 suavis
1612 1545 1733 1599 ¹aietorz'a
1757 1550 1848 1598 exstat

150 1631 278 1698 0000000,
296 1631 400 1685 driade
418 1631 505 1700 inid,
520 1632 724 1700 quodbombps
746 1630 918 1699 appellatur,
938 1645 987 1697 po·
1014 1634 1050 1686 de
1080 1634 1204 1700 quodam
1234 1631 1350 1700 medico,
1384 1632 1434 1701 qui
1463 1631 1612 1686 articulum
1632 1630 1849 1685 resurrectionis

150 1726 253 1772 stremo
270 1716 394 1772 columis
411 1716 532 1786 effipiam
555 1717 656 1771 induit.
697 1715 863 1770 Ambrosius
889 1714 938 1770 lib.
963 1721 986 1769 5.
1013 1725 1186 1772 mortuorum
1211 1725 1237 1771 et
1259 1719 1371 1771 animae
1397 1717 1635 1772 immortalitatem
1651 1716 1773 1786 putabat
1789 1731 1848 1770 esse
1907 1746 1912 1754 ·

66 1870 70 1877 ι
149 1804 274 1861 henaim.
294 1817 355 1873 cap.
376 1805 418 1859 23.
437 1803 467 1856 in
485 1801 615 1872 principa
635 1802 743 1856 Vermis
760 1801 879 1855 Indicae
891 1801 987 1863 fertur
1013 1803 1136 1858 dubiam.
1156 1804 1319 1858 Dormienti
1339 1804 1366 1858 ei
1383 1811 1503 1874 apparet
1519 1804 1725 1873 pulcherrimus
1736 1802 1849 1872 iuvenis

151 1891 277 1946 conuerti
299 1889 424 1959 prinmm
451 1889 481 1942 in
509 1889 629 1958 speciem
660 1888 750 1942 caulis
775 1895 858 1956 atque
877 1887 906 1940 in
925 1902 987 1939 eam
1014 1908 1048 1944 aa
1060 1891 1255 1958 familiariter
1269 1907 1329 1946 eum
1347 1892 1503 1962 alloquitur
1534 1898 1560 1945 et
1579 1891 1756 1959 interropat,
1785 1905 1851 1943 nean

152 1976 260 2031 mutari
275 1982 415 2041 nmmum,
433 1974 501 2028 inde
515 1991 650 2043 processu
666 1975 787 2042 quodam
799 1973 864 2039 fieri
880 1971 987 2039 00000-
1014 1978 1142 2032 nocuit!
1161 1978 1201 2031 ld
1212 1995 1274 2032 oum
1295 1979 1437 2032 dormiens
1454 1978 1505 2032 ille
1523 1984 1607 2045 nepat
1625 1984 1651 2030 et
1668 1984 1761 2030 tamen
1776 1977 1849 2040 fate·

152 2063 218 2132 lies,
243 2079 293 2116 ooo
322 2077 383 2116 eam
412 2065 503 2114 aaa
520 2062 646 2124 savam
661 2061 837 2128 laureacus
857 2058 988 2125 000000,
1014 2072 1069 2133 ur,
1086 2065 1270 2134 prosumus
1296 2073 1322 2118 a
1343 2065 1443 2118 000000
1463 2080 1544 2132 erim,
1583 2063 1730 2134 qomodo,
1759 2062 1850 2132 sapsa

152 2151 205 2203 sed
221 2149 295 2202 lara
312 2156 338 2202 et
364 2146 514 2203 latioribus
534 2146 618 2210 solies
644 2146 756 2201 videtur
774 2161 886 2215 pennas
909 2163 987 2198 assu·
1015 2151 1187 2219 adolcscens,
1204 2167 1247 2204 me
1266 2151 1354 2219 vidae,
1381 2168 1443 2204 curn
1461 2150 1538 2205 oculi
1564 2150 1607 2203 tui
1634 2164 1731 2203 somno
1759 2148 1852 2203 clausi

153 2250 228 2291 mera
242 2242 290 2293 eie.
323 2233 509 2288 C'bamatltott
527 2250 637 2304 quoque
654 2234 783 2287 diversas
801 2232 908 2301 species
925 2231 986 2297 fer·
1014 2240 1098 2292 eunt!
1116 2240 1255 2307 quomodo
1279 2238 1364 2291 audie
1386 2254 1437 2305 me,
1456 2255 1518 2291 eum
1535 2253 1619 2292 auree
1636 2244 1702 2290 tuae
1719 2250 1775 2289 nen
1794 2235 1851 2288 sint

153 2328 200 2376 tur
223 2322 304 2376 vario
327 2320 421 2376 colors
447 2319 561 2374 mentiri
583 2327 633 2374 etc.
655 2321 734 2374 Haec
753 2320 819 2373 ideo
839 2319 933 2383 libavi,
959 2324 989 2369 ut
1014 2332 1140 2394 apertae,
1158 2327 1210 2378 me
1227 2325 1376 2378 ammius!
1392 2332 1444 2377 εις,
1475 2328 1500 2378 3,
1517 2321 1696 2393 captam,
1712 2328 1739 2375 ,ι
1752 2320 1851 2388 puppe.

152 2410 194 2463 ad
211 2406 435 2462 comminutionis
448 2408 546 2474 fidem,
571 2407 690 2476 quaein
713 2405 917 2460 resurrectione
941 2404 988 2468 fu·
1015 2428 1061 2463 am
1085 2415 1253 2466 resectcrum
1276 2409 1480 2464 renascentiam
1501 2407 1556 2463 huc
1575 2407 1767 2463 accommodat
1784 2405 1850 2477 Epi·

153 2504 219 2550 arra
238 2502 287 2563 est,
307 2494 389 2547 etiam
408 2493 465 2547 ista
489 2491 615 2562 exempla
640 2509 691 2547 nos
709 2498 870 2561 provocent.
906 2488 988 2544 Levi·
1017 2494 1133 2564 phanias
1153 2495 1182 2549 in
1200 2501 1319 2550 ascensu..
1338 2493 1389 2550 coi
1411 2499 1485 2549 1000.
1517 2493 1683 2563 Siqnaeula,
1703 2492 1801 2564 inquit,
1820 2492 1850 2546 in

152 2599 205 2636 nus
223 2580 354 2636 Lemnius
373 2579 408 2635 de
426 2579 526 2635 occult,
545 2582 634 2632 natur.
654 2577 780 2632 miracul.
799 2577 861 2634 libr.
883 2582 907 2631 2.
927 2592 987 2646 cap.
1015 2582 1095 2637 nobis
1117 2581 1189 2646 fecit
1214 2583 1296 2635 Deus
1313 2597 1367 2650 per
1386 2595 1493 2650 unques
1510 2582 1605 2634 decem
1624 2585 1650 2633 et
1671 2580 1774 2644 desem,
1801 2579 1853 2648 qui

155 2673 204 2724 ii:
228 2668 261 2722 Ut
279 2684 311 2721 00
328 2665 520 2720 minutissimis
543 2674 664 2719 0000000
681 2665 763 2718 rebus
786 2663 917 2735 corporis
941 2663 989 2715 00·
1017 2671 1052 2722 de
1071 2667 1285 2722 resurrectionis
1304 2674 1419 2720 nostrae
1436 2682 1485 2735 spo
1505 2664 1691 2720 testimoniam
1706 2664 1850 2733 praebent,

153 2754 233 2809 mani
259 2753 402 2807 00000000
423 2750 625 2822 comprobetur,
651 2752 715 2820 quis
743 2768 799 2805 non
824 2747 989 2815 obeavavit,
1018 2756 1077 2809 sod
1098 2762 1125 2808 ee
1150 2754 1223 2808 vetut
1241 2771 1298 2823 per
1323 2770 1457 2807 eoronam
1489 2751 1593 2821 capilli
1615 2750 1849 2807 resurectionem

154 2859 188 2895 ee
210 2842 313 2895 cicada
331 2840 398 2908 jam
421 2838 514 2893 venda
538 2845 621 2908 atque
658 2839 827 2893 evolarente
860 2835 988 2905 proiecto
1016 2841 1182 2894 declaravit.
1220 2841 1297 2895 Nam
1323 2842 1401 2908 quod
1427 2839 1458 2892 in
1484 2837 1565 2893 nobie
1592 2843 1730 2890 mortuum
1750 2853 1851 2908 corpus

57 2928 73 2967 ¹·
89 2925 139 2968 ³5⁰·
153 2929 251 2982 esuuio
278 2925 416 2996 prosilire
435 2939 530 2979 recusa
550 2931 633 2994 atque
662 2925 738 2992 uqt'ie
758 2924 859 2978 intacti
881 2924 990 2992 panus?
1015 2926 1205 2990 violationibus
1224 2926 1347 2996 estpili,
1366 2925 1488 2994 sinqulie
1506 2924 1613 2978 uicibus
1633 2924 1733 2979 resecti
1751 2940 1851 2977 rursus

154 3030 187 3069 ev
203 3014 283 3084 sequi
299 3022 326 3067 et
344 3012 515 3067 morianas
535 3027 620 3066 uuas
642 3012 796 3082 papionem
818 3009 989 3078 picturatum
1013 3013 1159 3082 00000000
1182 3012 1396 3067 resurrectionis
1419 3026 1497 3081 spem
1521 3009 1688 3065 indicantes.
1724 3008 1789 3065 Huc
1808 3025 1850 3066 ra·

153 3119 189 3156 ac
205 3101 388 3156 volitantem!
407 3115 440 3152 en
449 3098 587 3167 somniate
606 3116 728 3152 muscam
747 3098 878 3152 alatam!
913 3095 989 3159 Quid
1014 3101 1080 3156 ferri
1098 3100 1181 3155 etism
1200 3104 1312 3170 potest,
1333 3098 1408 3170 quod
1425 3095 1600 3153 Camerarius
1620 3099 1692 3166 part
1713 3099 1735 3151 1.
1754 3094 1850 3151 subse·

153 3189 269 3257 00000γο
295 3185 472 3252 verviicralus,
499 3186 550 3256 qui
576 3187 670 3241 serim
688 3185 765 3254 0000,
790 3200 883 3240 nonne
905 3184 988 3253 siqua
1014 3186 1063 3242 cis.
1088 3203 1164 3258 oper.
1187 3203 1248 3257 cap.
1275 3191 1318 3242 73.
1346 3184 1420 3239 circa
1445 3183 1492 3237 fin.
1519 3199 1552 3238 ex
1576 3182 1710 3238 relatione
1733 3182 1849 3239 aliorum

153 3273 326 3331 ressaseentis
344 3273 419 3327 citae
439 3280 645 3337 commorutrat,
673 3274 741 3325 dum
759 3278 869 3326 manua
888 3270 987 3324 revivi—
1013 3279 1217 3340 commemorat,
1236 3272 1265 3326 in
1282 3270 1415 3342 Aegypto
1433 3286 1489 3325 non
1507 3269 1604 3340 procul
1622 3286 1640 3323 a
1657 3268 1849 3340 pyramidibus

58 3425 64 3434 ,
152 3363 228 3417 seit!
253 3369 303 3416 etc.
339 3358 416 3415 Inter
443 3359 535 3429 pisces
564 3359 677 3413 abinus
709 3356 863 3413 maritimus
888 3361 987 3427 captus
1014 3360 1043 3414 in
1061 3364 1136 3415 certo
1156 3356 1277 3430 quodam
1294 3348 1363 3420 1000,
1387 3356 1416 3411 in
1436 3371 1518 3428 quem
1544 3372 1638 3411 mense
1656 3354 1756 3410 Martio
1774 3361 1849 3410 certo

152 3456 181 3505 ot
200 3449 228 3503 in
247 3447 335 3502 multa
353 3447 443 3501 frusta
467 3445 632 3517 discerptus,
657 3444 686 3500 in
705 3460 780 3499 mare
804 3460 869 3500 vero
887 3443 986 3499 iterum
1013 3444 1225 3501 disconvenire
1249 3443 1339 3499 soleat
1362 3458 1465 3513 magns
1483 3442 1632 3497 multitudo
1649 3440 1791 3496 hominurn
1808 3443 1850 3494 ad

152 3535 293 3606 proJ'ectus
311 3548 374 3587 mox
401 3531 553 3587 secundum
572 3547 666 3587 omnes
685 3529 837 3601 particulae
856 3529 988 3585 coalescit
1013 3532 1166 3587 00000000
1183 3530 1415 3585 resurrectionem
1434 3529 1539 3593 carnis,
1565 3533 1598 3582 ut
1615 3526 1668 3597 ipsi
1685 3533 1795 3594 vocant,
1815 3542 1849 3582 ex

140 3638 186 3695 ,ac
204 3618 351 3675 reviviscit
1013 3617 1161 3689 sepulturis
1182 3616 1346 3688 apparentis
1370 3621 1399 3671 et
1422 3615 1500 3672 velut
1525 3613 1660 3686 paulatim
1679 3612 1850 3683 emergentia

57 3703 137 3753 “¹⁹¹⁰
189 3712 230 3763 ³4.
267 3705 300 3759 In
318 3702 456 3759 metuaris
468 3701 667 3764 rationalibus,
685 3701 714 3756 in
732 3698 890 3755 hominibffl
909 3705 987 3771 puta,
1014 3706 1150 3761 00ᾱο0000
1168 3703 1362 3760 defunctorum
1387 3719 1442 3758 non
1461 3701 1574 3771 quidem
1592 3700 1715 3772 integra,
1740 3699 1789 3754 scd
1807 3698 1848 3753 in·

57 3756 123 3797 ”¹⁵⁹⁸
152 3793 249 3849 itidem
267 3790 345 3845 veria
362 3796 501 3861 quaerunt
517 3786 727 3843 resurrectionis
745 3786 898 3858 praeludia
919 3787 986 3842 Pos-
1013 3791 1121 3848 terdum
1141 3805 1246 3856 manus,
1265 3789 1403 3845 interdum
1424 3787 1509 3860 pedes
1530 3787 1626 3851 videri,
1650 3801 1848 3856 nonnunquam

152 3885 217 3935 sunt
235 3882 328 3933 autem
344 3875 468 3932 rovocari
486 3875 578 3930 omnia
594 3874 631 3928 ad
651 3873 721 3929 dnus
734 3872 902 3945 principales
917 3872 986 3928 clas·
1013 3878 1145 3947 msjorem
1164 3875 1287 3946 corporis
1302 3879 1409 3947 partem
1427 3874 1605 3943 conspicuam
1624 3888 1693 3937 esso,
1708 3878 1736 3926 et
1754 3887 1849 3925 rursus

151 3984 205 4036 see,
222 3963 360 4037 quaedam
379 3961 452 4017 0000
477 3978 572 4018 eorum
598 3969 662 4014 sunt
679 3962 709 4015 in
732 3960 818 4026 noba,
849 3959 985 4029 quaedem
1015 3964 1067 4019 sub
1094 3967 1196 4019 terram
1219 3961 1295 4017 velut
1321 3978 1351 4017 se
1370 3960 1547 4016 abscondere.
1584 3958 1687 4013 Postea
1710 3957 1849 4029 ἐπίκρισιν

151 4069 216 4109 vero
232 4053 303 4116 firvnt
319 4068 338 4104 a
359 4049 445 4104 0000.
480 4048 525 4102 Ad
543 4047 661 4117 priorem
686 4046 802 4102 classem
825 4045 895 4100 haec
916 4046 985 4101 reio·
1013 4066 1091 4104 susm
1105 4048 1211 4103 addens
1231 4046 1389 4118 subjungit:
1421 4046 1518 4100 Utrum
1536 4044 1605 4097 0000
1623 4043 1801 4111 miraculose,
1818 4051 1850 4097 ut
1863 4044 1937 4087 xvsti
1950 4044 1995 4087 ὅθ·

150 4138 250 4195 reuda:
290 4143 312 4192 1.
331 4134 433 4193 iudaei
450 4139 610 4205 nugantur,
629 4133 659 4186 in
677 4133 759 4202 spina
778 4132 852 4188 dorsi
871 4131 985 4187 humani
1014 4133 1137 4187 leontinae
1156 4133 1204 4188 illi
1220 4131 1408 4200 stolidissimi,
1433 4131 1509 4198 (snit
1526 4130 1599 4182 anim
1619 4128 1686 4182 olim
1706 4128 1849 4198 Aeqpptus

150 4241 210 4280 csse
226 4221 368 4295 quoddam
386 4221 555 4284 ossiculum,
580 4218 655 4291 quod
681 4235 824 4290 nunquam
842 4218 985 4289 putrescit,
1012 4227 1037 4272 ot
1047 4237 1121 4273 nune
1134 4226 1174 4272 est
1186 4217 1428 4288 superstitionibus
1437 4216 1534 4283 pieria,
1550 4221 1640 4269 00000·
1653 4214 1848 4280 idololatriae)

150 4309 202 4365 etsi
223 4326 273 4379 por
290 4307 377 4363 mults
391 4321 526 4360 annorum
547 4303 625 4359 milia
641 4303 670 4358 in
688 4310 763 4360 terre
783 4304 919 4375 jacuerit,
943 4309 985 4359 at·
1013 4305 1227 4360 resurrectionis
1256 4311 1281 4356 ct
1309 4304 1427 4366 futurae
1459 4301 1533 4355 vitoe
1559 4300 1778 4369 commoratione,
1809 4318 1847 4354 an

150 4411 204 4467 qne
222 4410 255 4449 ex
275 4410 309 4450 oo
327 4393 418 4448 Deum
433 4396 612 4462 accepturum
631 4387 849 4445 resuscitationis
867 4389 985 4446 initium.
1013 4393 1167 4459 impostura
1199 4389 1344 4443 ctiabotiaa
1373 4387 1513 4453 accidant,
1540 4401 1572 4439 ea
1587 4385 1785 4455 phantasmate
1804 4387 1846 4441 vel

149 4481 204 4538 Sed
222 4481 358 4535 somnium
372 4478 442 4533 illud
460 4493 552 4548 neque
571 4481 609 4546 τῷ
628 4475 717 4547 λόγῳ,
738 4491 830 4546 noque
849 4477 882 4552 τῇ
902 4482 984 4549 πείρᾳ
1009 4478 1185 4546 plumatios,
1206 4476 1278 4530 sisset
1292 4475 1424 4544 plerique
1445 4479 1600 4535 autumat,
1628 4480 1659 4525 ut
1677 4488 1764 4540 neque
1782 4489 1845 4527 con·

148 4566 276 4638 probant.
311 4569 336 4621 2.
357 4564 398 4622 Ut
421 4564 451 4618 in
474 4580 571 4618 somno
599 4566 725 4631 00000000,
750 4561 789 4616 its
814 4561 843 4616 in
867 4564 983 4631 eviqila·
1010 4566 1125 4627 firmare
1152 4561 1332 4631 aspernantis,
1359 4576 1446 4630 neq-ia
1476 4561 1507 4613 iu
1530 4557 1625 4613 animo
1646 4567 1687 4613 cst
1707 4559 1846 4625 repellere,

148 4654 223 4707 tione
247 4669 280 4706 ea
300 4668 396 4705 somno
425 4649 652 4706 resurrectionem
682 4647 865 4720 praefigurari
892 4656 984 4719 patres
1011 4651 1051 4704 ita
1071 4666 1103 4703 ev
1121 4649 1234 4718 ispanio
1258 4665 1310 4701 suo
1330 4647 1446 4717 quisque
1470 4647 1565 4699 000000
1580 4646 1626 4700 rel
1642 4646 1735 4698 aridae
1752 4645 1844 4709 rislam

150 4737 305 4809 complutos
322 4739 457 4802 asserunt,
476 4734 600 4788 membre
621 4732 834 4802 comparationis
857 4733 983 4803 exposui·
1045 4741 1086 4792 35.
1121 4734 1168 4789 Ad
1185 4734 1299 4790 classem
1318 4732 1496 4804 postcrivrem
1513 4730 1655 4802 pertinent
1672 4737 1749 4784 artes
1768 4729 1845 4799 ingo·

149 4842 212 4880 mus
232 4823 261 4878 in
275 4828 356 4881 tract.
379 4827 400 4877 l.
420 4817 448 4892 ξ.
472 4826 511 4876 17.
537 4817 726 4874 Tertullianus
751 4818 786 4873 de
811 4819 904 4874 anima
923 4836 983 4890 cap·
1011 4821 1056 4877 nio
1070 4827 1099 4877 et
1117 4820 1254 4875 industria
1278 4818 1400 4873 humans
1424 4819 1560 4873 inventae.
1598 4822 1622 4872 1.
1639 4815 1766 4870 binaria
1792 4830 1844 4867 000-

151 4917 195 4968 43.
212 4929 238 4981 p.
258 4914 321 4966 288:
342 4907 462 4962 Soranus
478 4906 509 4960 in
523 4904 658 4974 publicae
675 4911 702 4959 et
720 4905 873 4959 communis
886 4907 984 4960 martie
1011 4907 1152 4962 callorum.
1189 4905 1324 4976 Origenes
1351 4904 1414 4958 dial.
1435 4908 1459 4957 3.
1482 4903 1517 4958 de
1536 4901 1748 4958 resurrectione:
1782 4902 1844 4955 Tua

150 4997 295 5069 effinqitur
313 4994 464 5065 exemplar.
504 4991 598 5049 Voluit
613 4991 686 5046 enim
704 4994 786 5048 Deru
803 4999 830 5045 et
849 4992 925 5048 alias
943 4993 985 5046 ni·
1011 4995 1141 5064 opinione
1169 4992 1293 5046 laminas
1318 4993 1380 5045 Deo
1405 4989 1544 5056 fortiores
1568 5005 1628 5042 esse
1655 4989 1847 5051 ostenduntur,

149 5083 191 5137 ta
220 5082 280 5136 eine
312 5078 519 5150 evemplaribus
544 5078 575 5132 in
592 5094 645 5132 sua
663 5077 848 5146 dispositione
871 5079 985 5133 molitus
1010 5086 1036 5137 et
1056 5097 1158 5134 varrum
1176 5085 1218 5132 est
1240 5076 1398 5132 &rectoris
1412 5075 1644 5147 pronuntiatum:
1677 5072 1753 5135 aaa
1766 5075 1847 5142 apud

144 5168 349 5238 paradiqmatc
370 5165 523 5220 Platonico
535 5163 652 5233 plenius
672 5161 790 5216 bamam
805 5163 849 5218 uel
866 5166 986 5219 manime
1011 5166 1134 5221 bomines
1157 5171 1221 5217 sunt
1246 5162 1448 5232 impossibilia,
1472 5163 1552 5230 apud
1578 5162 1671 5213 Deum
1693 5159 1846 5227 possibilia

149 5254 229 5309 initii
262 5271 297 5307 ac
332 5252 398 5318 finis
434 5249 527 5304 lineas
556 5248 683 5319 quotidie
712 5248 854 5304 nobiscum
890 5266 983 5318 apere,
1010 5259 1090 5321 eunt,
1125 5248 1258 5319 quoniam
1278 5248 1403 5302 bominac
1422 5249 1516 5301 einum
1542 5246 1578 5299 ab
1598 5262 1676 5314 aqua
1693 5244 1846 5314 sciunqunt
1882 5257 1885 5262 ·

150 5359 264 5395 uranum
293 5339 445 5410 porriqens
477 5335 547 5402 Jidei
574 5335 695 5400 sardius
718 5336 905 5406 adjuvandae
929 5353 985 5405 per
1011 5340 1058 5393 essi
1076 5344 1137 5392 arte
1155 5343 1181 5389 et
1196 5334 1322 5405 scientia,
1343 5342 1540 5404 arpentumque
1558 5333 1594 5385 ab
1613 5348 1679 5386 aare
1696 5339 1842 5401 separans,

150 5424 288 5494 imaqines
302 5431 328 5477 et
342 5422 500 5494 parabolas
518 5420 591 5474 sicut
605 5437 763 5476 samonum
782 5421 824 5475 ita
844 5429 871 5476 et
882 5437 985 5478 rerum.
1011 5423 1124 5491 aliaque
1139 5422 1228 5490 plura
1255 5421 1421 5489 hujusmodi
1444 5424 1548 5473 norunt
1573 5433 1725 5472 recanere.
1766 5419 1846 5471 Deus

150 5510 291 5577 Proponit
308 5510 396 5579 iqitar
415 5509 467 5562 tibi
477 5524 579 5578 eorpus
597 5507 690 5562 amica
703 5508 733 5561 oi
748 5507 860 5577 saporus
877 5507 985 5578 elisum,
1011 5515 1113 5575 autem,
1147 5506 1196 5576 qui
1210 5506 1317 5560 viribrse
1335 5506 1454 5560 invictus
1473 5511 1499 5560 et
1518 5504 1721 5575 insuperabilis
1738 5503 1847 5565 artifes

150 5597 260 5652 blanda
292 5594 395 5666 quietis
425 5595 591 5650 nonantule
623 5600 814 5665 0000000000,
843 5592 984 5651 immobile
1010 5600 1036 5649 et
1053 5593 1151 5663 opifer
1165 5592 1298 5661 emamus,
1313 5591 1362 5646 eui
1377 5596 1535 5661 alinaqrm,
1554 5597 1633 5646 terra
1647 5590 1844 5654 obsecundant,
