4074 6022
268 279 328 337 316
870 271 994 331 Locus
1015 266 1219 328 VTOESIMUS
1238 270 1385 330 SEXTUS

268 427 412 482 Dinerunt
429 427 518 482 omnis
529 428 656 497 populus
673 430 715 482 ad
735 429 867 484 Samuel:
897 428 958 483 Ora
969 444 1027 495 pro
1045 442 1103 479 ser·
1131 433 1219 492 nunt,
1246 443 1304 497 per
1321 446 1405 497 qssam
1417 428 1591 498 plantarunt
1610 430 1688 495 Deo,
1715 428 1814 483 saluus
1834 443 1897 482 esse
1913 445 1972 483 nos

267 514 310 568 cs‘s
334 513 391 567 tuis
413 516 455 568 ael
471 515 634 569 Dominum.
659 533 686 574 v.
704 520 747 571 23.
786 516 949 584 Respondet
969 513 1101 568 Samuel:
1127 513 1238 581 poterit
1273 512 1353 569 Haec
1372 513 1506 569 Claudius
1533 513 1581 568 ille
1606 515 1683 585 apud
1707 515 1811 570 Jonam
1836 513 1969 570 Anam-

268 599 365 653 Ets'am
384 616 435 668 epo
453 601 526 654 absit
544 601 621 670 mihi,
638 609 669 654 ut
683 618 795 673 peccem
808 602 942 667 Domino,
960 609 1102 654 utcessem
1130 615 1243 654 nensem
1262 601 1297 656 de
1316 601 1420 655 cultu
1412 601 1563 672 imaginum
1583 601 1632 657 lib.
1655 607 1679 656 2.
1696 602 1746 656 ιο1
1769 607 1828 658 151.

269 702 353 739 orare
369 704 425 755 pro
442 687 527 744 uobis
565 687 671 744 Eodem
689 687 770 742 modo
788 692 931 757 exponunt
941 704 981 757 pu
995 691 1101 741 veteres
1164 690 1222 740 113.
1259 691 1282 741 2.
1319 692 1342 742 2.
1361 686 1485 742 Maccab.
1512 685 1574 743 ult:
1601 687 1734 741 Judas'
1721 704 1752 739 ιιι
1771 687 1880 741 ursione
1900 685 2029 778 qua-²¹

268 771 458 842 chrysostom
485 775 514 829 1))
549 774 715 830 1.Τ1)ιιιιι1
747 779 769 828 1.
788 773 882 828 homil.
906 779 936 828 1·
964 778 989 828 sl
1006 778 1102 827 τοίνυν
1129 772 1196 824 dam
1221 773 1291 826 cidit
1311 774 1412 827 Oniam
1437 775 1599 842 pontificem
1621 781 1648 827 ιι
1663 774 1821 828 Jeremiam
1843 774 1970 846 prophe·
1981 739 2029 832 ι1ιι

165 924 168 930 .
267 845 346 918 οὗτοι
364 850 397 927 ἦν
415 863 466 915 νῦν
484 863 529 913 aut
550 863 635 914 ταῦτα
653 861 763 930 ilrysr
782 861 810 913 si
830 860 876 914 hic
893 862 1009 927 Moyses
1029 876 1103 912 nunc
1129 865 1194 926 tam,
1221 860 1271 928 qui
1279 860 1345 928 J'am
1362 861 1496 926 obierant,
1514 869 1627 915 mantes
1646 877 1705 931 pro
1724 861 1837 931 populo
1855 862 2017 945 Junci„
1981 851 2028 882 ¹¹⁰

267 953 336 998 esset
356 952 382 999 st
402 946 471 1000 haec
492 946 605 1015 ἀίιιιιι,
623 947 695 1001 nihil
713 947 810 1016 utique
831 953 1033 1014 assequeretur.
1063 946 1103 997 Et
1130 961 1216 998 orum
1256 945 1480 1016 Respondemus:
1515 954 1538 1002 1.
1563 946 1635 1002 liber
1655 954 1698 1002 est
1715 946 1910 1018 apocryphus,
1938 905 2017 1002 utpm

268 1031 384 1085 Samuel
404 1048 520 1100 quoque,
538 1032 589 1100 qui
607 1040 634 1085 et
653 1033 713 1101 ipse
731 1049 777 1086 eos
795 1033 952 1101 aliqreanslo
971 1030 1103 1084 liberauit
1127 1031 1297 1085 ostendimus
1317 1032 1443 1102 superius
1463 1032 1491 1103 ς’.
1505 1038 1565 1088 224.
1607 1033 1746 1105 Urgemus
1761 1032 1965 1087 confessionem

266 1124 318 1172 ets.
350 1119 451 1186 Itaque
475 1119 503 1171 si
526 1119 573 1172 illi
590 1119 656 1187 jam
683 1126 804 1187 starent,
829 1118 902 1172 nihil
920 1120 1101 1186 proficerent.
1129 1117 1216 1188 ipsius
1247 1116 1375 1189 Gregorii
1403 1119 1500 1190 Magni
1530 1119 1652 1190 episcopi
1678 1118 1798 1173 Romani
1831 1118 1894 1173 libr.
1929 1125 1968 1174 19.

267 1201 417 1276 Gregorius
442 1204 490 1259 lib.
510 1210 532 1260 9.
559 1206 652 1262 moral
679 1221 738 1275 cap.
760 1211 791 1260 9:
816 1205 891 1269 Qrsid
914 1212 953 1258 est
976 1205 1007 1257 in
1027 1204 1102 1274 diffi-
1130 1203 1273 1258 moralium
1286 1220 1345 1275 cap.
1364 1211 1403 1261 13.
1429 1207 1476 1259 De
1489 1222 1546 1274 qua
1560 1222 1600 1272 re,
1619 1205 1717 1276 inquit,
1735 1205 1970 1260 noninorclinats

267 1291 370 1343 cssltate
398 1292 574 1360 deprecandi
590 1293 710 1359 Moysen
728 1299 755 1345 et
775 1292 935 1346 Samuelem
956 1292 1102 1353 deducere,
1129 1291 1253 1359 aqimus,
1282 1292 1310 1344 si
1334 1307 1367 1344 ec
1388 1292 1470 1346 libris
1488 1310 1545 1346 non
1562 1292 1718 1357 canonicis,
1744 1293 1798 1345 sed
1815 1299 1910 1346 teman
1929 1293 1970 1344 ad

113 1387 192 1429 xrur.
208 1388 252 1431 rto.
265 1376 323 1430 ussi
340 1378 466 1447 apertius
483 1378 627 1441 indicare,
657 1378 726 1447 quia
752 1378 814 1445 eius
833 1379 908 1445 irae,
940 1393 1028 1446 neque
1046 1377 1101 1441 illi,
1129 1377 1354 1443 aedificationem
1374 1378 1507 1432 ecclesiae
1527 1378 1612 1431 editis
1632 1379 1820 1432 testimonium
1828 1379 1969 1448 profera-

266 1465 294 1516 si
310 1465 465 1527 adstarent,
486 1465 656 1533 obsistnent,
679 1464 729 1535 qui
747 1465 855 1517 ideirco
867 1481 926 1532 pro
940 1462 1040 1517 amices
1060 1463 1101 1514 in·
1129 1481 1203 1531 mus,
1232 1464 1312 1532 cujus
1337 1463 1406 1518 dicti
1430 1463 1572 1517 evidentia
1594 1469 1686 1518 motus
1709 1462 1847 1537 hlelchior
1871 1463 1968 1519 Canus

267 1551 402 1604 tercenire
428 1551 533 1604 certius
557 1557 679 1619 possent,
706 1551 776 1619 quia
803 1550 883 1618 apud
910 1548 983 1602 hunc
1016 1548 1101 1602 inter·
1129 1547 1175 1604 lib.
1199 1554 1224 1604 2.
1248 1548 1369 1603 locorum
1394 1566 1456 1619 cap.
1479 1555 1518 1604 10.
1544 1548 1657 1618 fatetur,
1680 1549 1851 1618 Greqorium
1877 1550 1968 1603 libros

267 1639 365 1690 cedere
390 1645 416 1689 et
438 1654 494 1705 pro
512 1637 635 1690 inimicis
653 1637 791 1690 solerent!
815 1633 916 1689 Glossa
934 1633 1052 1690 interlin.
1073 1639 1101 1688 et
1130 1635 1364 1689 Maccahaeorum
1389 1653 1408 1689 a
1432 1651 1538 1690 canone
1556 1636 1713 1689 removisse.
1751 1635 1791 1688 At
1809 1633 1967 1706 Gregorius

265 1723 388 1777 Thomas
406 1723 502 1777 itidem
520 1722 555 1776 ad
574 1729 676 1777 statum
690 1722 794 1791 Moysis
812 1727 840 1775 et
855 1719 990 1776 Samuelis
1004 1721 1034 1773 in
1047 1720 1100 1773 hac
1127 1717 1182 1773 fuit
1205 1720 1329 1790 pontifex
1350 1720 1499 1775 Romanus.
1536 1721 1612 1791 Ergo
1635 1720 1773 1791 judicium
1797 1721 1860 1791 ejus
1883 1721 1965 1775 insal-

264 1811 322 1862 uita
340 1809 470 1864 referunt.
511 1814 535 1865 6.
548 1807 668 1873 Quidam
690 1808 868 1878 respondent,
890 1824 1000 1862 sensum
1016 1805 1100 1876 hujus
1127 1805 1212 1860 libile.
1262 1805 1352 1877 Urget
1371 1798 1556 1862 Bellarminus
1574 1806 1721 1860 concihum
1741 1806 1965 1878 carthaginense

269 1895 321 1950 loci
339 1911 399 1950 esse
417 1911 495 1964 eum,
512 1896 540 1948 si
556 1912 628 1948 nunc
647 1900 755 1947 starent
774 1911 871 1947 eoram
889 1910 931 1947 me
949 1893 1042 1961 aliqui
1058 1893 1098 1944 in·
1130 1891 1181 1945 111.
1208 1891 1236 1945 in
1254 1909 1310 1963 quo
1329 1892 1392 1946 libri
1413 1892 1641 1948 Maccahaeorum
1660 1892 1800 1946 canonicis
1817 1909 1965 1947 amausen-

265 1983 357 2048 sipnes
376 1982 439 2044 uiri,
459 1982 557 2051 quales
570 1981 637 2034 alim
650 1989 731 2035 erant
746 1982 861 2048 Moyses
873 1987 898 2033 et
914 1979 1038 2046 Samuel,
1059 1987 1098 2032 ta-
1127 1982 1180 2044 tur,
1195 1978 1244 2031 sed
1256 1978 1454 2048 respondemus
1466 1978 1557 2033 verbis
1571 1979 1700 2048 Cajetani
1713 1978 1742 2030 in
1754 1994 1852 2036 comm.
1866 1976 1965 2034 histor.

266 2084 327 2120 rnen
351 2068 422 2120 nihil
446 2067 620 2134 obtinebunt,
648 2066 694 2120 cui
720 2065 884 2136 expositioni
903 2065 1019 2135 opponit
1038 2064 1098 2119 Bel·
1126 2062 1161 2118 V.
1181 2064 1227 2121 T.:
1258 2066 1302 2118 Ne
1333 2065 1453 2118 turberis
1483 2065 1600 2128 nauitie,
1631 2065 1658 2117 si
1686 2064 1794 2117 alicubi
1819 2065 1964 2134 repereris

264 2153 399 2208 larmiuus
419 2151 647 2223 chrysostomum
669 2151 762 2206 homil.
784 2158 806 2207 1.
832 2150 869 2205 ad
886 2150 983 2205 Thess.
1000 2149 1097 2205 Hiero·
1125 2150 1212 2204 libros
1232 2150 1313 2214 illas,
1342 2150 1463 2219 Judith,
1494 2151 1612 2216 Tobiae,
1645 2151 1887 2204 Maccahaeorum
1914 2158 1964 2206 etc.

265 2256 380 2311 nymum
397 2240 426 2293 in
445 2256 541 2294 comm.
561 2237 586 2294 h.
607 2239 625 2293 1.
651 2244 681 2293 et
697 2237 863 2308 Gregorium
889 2236 937 2290 lib.
956 2243 980 2293 9.
1004 2237 1097 2291 moral.
1125 2238 1198 2290 inter
1215 2238 1367 2291 canonicos
1384 2238 1537 2307 supputari
1552 2237 1595 2290 sel
1616 2237 1646 2291 in
1664 2237 1756 2289 sacris
1775 2237 1909 2291 conmliis
1921 2239 1965 2291 rel

263 2344 324 2396 cap.
351 2331 389 2382 12.
414 2325 461 2396 qui
492 2324 622 2391 doceant,
657 2325 750 2377 Deum
774 2324 857 2394 loqui
878 2325 913 2377 de
940 2324 1002 2392 ipso
1031 2338 1097 2376 uero
1125 2322 1155 2376 in
1179 2322 1269 2377 sacris
1292 2324 1461 2380 doctoribus.
1503 2324 1579 2376 Nam
1607 2325 1649 2376 acl
1671 2323 1843 2391 Hieronymi
1863 2323 1965 2378 limam

263 2413 363 2479 Mopse
385 2420 409 2465 et
423 2411 561 2465 Samuele.
594 2410 648 2465 Sed
666 2409 801 2464 noshaud
817 2410 897 2464 inviti
911 2409 1096 2477 concedimus,
1125 2410 1288 2462 reducenda
1307 2417 1372 2462 sunt
1391 2418 1450 2463 tam
1467 2411 1553 2463 uerba
1572 2411 1756 2464 conciliarum
1767 2427 1852 2478 quam
1866 2411 1964 2464 docta

263 2498 298 2553 de
318 2499 377 2568 ipso
396 2496 495 2567 Moyse
514 2513 548 2551 ac
567 2497 694 2552 Samuele
712 2496 806 2552 Deum
824 2496 915 2566 loqui,
936 2501 967 2550 ut
984 2495 1020 2549 sit
1037 2513 1097 2551 sen·
1123 2513 1195 2559 rum,
1220 2503 1246 2548 et
1264 2496 1351 2564 J‘ucta
1375 2497 1437 2564 sJ'us
1460 2496 1626 2549 seutentiam
1645 2496 1716 2549 libri
1743 2495 1791 2549 illi
1815 2503 1842 2549 et
1865 2497 1895 2549 si
1913 2497 1964 2565 qui

263 2602 324 2653 sus,
355 2583 378 2636 si
403 2583 448 2637 vel
468 2583 585 2637 maxime
610 2582 722 2653 Moyses
743 2599 777 2638 ac
797 2582 922 2651 Samuel,
954 2582 1001 2653 qui
1028 2582 1096 2636 iram
1124 2581 1179 2634 clii
1203 2583 1233 2635 in
1252 2597 1358 2634 canone
1379 2582 1494 2637 Dillius
1512 2582 1633 2649 similes,
1662 2597 1718 2634 non
1738 2588 1803 2634 sunt
1821 2583 1963 2649 carenni,
1976 2582 2029 2625 ¹¹¹¹

264 2686 353 2724 meam
379 2668 579 2723 ardentissimis
606 2669 662 2722 suis
689 2668 818 2738 precibus
843 2668 989 2740 aliquoties
1013 2684 1096 2738 apo·
1124 2667 1217 2720 idest
1242 2668 1391 2735 recoleres
1408 2669 1449 2721 ad
1465 2670 1611 2732 firmanda
1630 2684 1676 2737 ea,
1709 2684 1782 2738 quae
1799 2676 1864 2721 sunt
1882 2670 1963 2737 tirtsi,

263 2756 330 2826 pulo
357 2754 511 2809 lsraiilitico
536 2758 708 2816 ιιιιιιιιιιιι,
739 2770 832 2808 coram
860 2759 1030 2808 mactarent
1064 2769 1097 2807 ae
1122 2759 1238 2821 possunt
1264 2760 1356 2806 tamen
1381 2753 1441 2807 clici
1458 2753 1602 2822 canonici,
1634 2753 1667 2806 id
1685 2761 1725 2806 est
1743 2754 1894 2821 reputares
1920 2756 1963 2808 ad

263 2860 314 2913 pro
327 2840 431 2913 populo
448 2841 664 2911 deprecarentur
675 2840 725 2906 (ita
737 2855 857 2910 namque
871 2838 1000 2895 Hebraea
1011 2840 1097 2895 verba
1124 2839 1350 2901 aedificationem
1371 2839 1516 2908 fidelium,
1544 2846 1638 2908 utpote
1663 2840 1694 2892 in
1720 2856 1828 2894 canons
1844 2840 1963 2894 Biblias

264 2932 340 2995 ·thti*
365 2943 408 2994 0⁸
420 2926 501 2982 reddi
510 2942 591 2996 posse
600 2924 778 2980 manifestum
787 2928 851 2993 est),
863 2925 932 2979 nihil
945 2926 1096 2997 quidquam
1124 2927 1165 2978 ad
1178 2926 1230 2979 hac
1247 2927 1352 2994 recepti
1367 2933 1394 2978 et
1411 2926 1584 2982 arsctorisati.
1616 2930 1640 2981 2.
1661 2925 1751 2982 ludas
1769 2925 1959 2981 Maccahaens

264 2998 357 3070 tamen
377 2997 431 3068 hoc
450 3019 575 3081 tempore
587 3010 769 3081 impetrarent
780 3013 816 3065 oh
829 3011 1004 3081 desperatam
1017 3012 1096 3066 istius
1124 3011 1260 3066 somnium
1289 3012 1389 3065 recitat
1419 3027 1453 3066 aa
1486 3011 1719 3082 nascuncuntur
1749 3011 1887 3083 ejusmodi
1920 3012 1962 3067 in·

262 3099 359 3171 populi
383 3098 516 3153 malitiam
540 3113 574 3152 ac
593 3096 781 3167 pertinaciam.
824 3103 846 3151 1.
870 3096 1043 3152 ΟοιιῙιιὶιιιιιι
1062 3099 1096 3152 si·
1125 3098 1215 3163 ducit,
1241 3103 1273 3152 ut
1291 3097 1392 3152 milites
1413 3097 1448 3152 ad
1468 3113 1593 3169 pugnam
1613 3098 1762 3168 animaret,
1790 3114 1847 3153 nou
1865 3104 1962 3154 sutem

264 3185 355 3241 milem
390 3184 482 3238 locum
512 3181 706 3254 propheticum
735 3182 837 3237 Erech.
864 3189 909 3252 14,
940 3199 965 3236 r.
987 3188 1031 3240 14:
1064 3184 1098 3237 Si
1125 3201 1182 3239 rem
1201 3199 1266 3239 vere
1283 3188 1391 3254 gestam
1410 3191 1528 3244 enarrat.
1566 3190 1589 3241 3.
1606 3184 1687 3249 Quod
1707 3186 1743 3240 de
1758 3186 1962 3253 Jladioaurso

261 3272 371 3337 fuerim
386 3271 443 3324 uiri
461 3277 519 3324 tres
537 3269 587 3324 isti
603 3269 635 3322 in
650 3268 743 3323 medio
763 3269 838 3335 eius,
864 3269 962 3338 Noah,
988 3270 1097 3323 Daniel
1125 3290 1150 3327 r.
1173 3276 1247 3327 16))
1273 3271 1397 3326 icamia
1413 3271 1506 3328 ludas
1525 3270 1697 3327 Maccabaeo
1715 3271 1820 3328 tradito
1839 3271 1962 3342 additur,

262 3366 290 3413 et
321 3358 393 3422 Job,
423 3357 481 3426 ipsi
509 3357 540 3409 in
566 3355 685 3425 justitia
712 3373 765 3409 sua
794 3356 951 3410 liberabunt
973 3358 1097 3410 aninam
1125 3357 1283 3429 symbohce,
1295 3363 1393 3427 utpote
1402 3360 1460 3412 κατ’
1481 3356 1551 3429 ὄναρ
1565 3365 1683 3428 gestum,
1697 3363 1739 3414 est
1754 3359 1960 3429 accipiendum,

261 3463 356 3514 suam,
390 3443 463 3497 dicit
492 3443 643 3499 Dominus.
672 3459 700 3498 v.
722 3447 760 3497 16.
801 3443 871 3497 Tres
900 3443 957 3496 uiri
986 3444 1042 3509 isti,
1071 3444 1098 3496 si
1124 3444 1192 3498 alias
1211 3442 1305 3498 inferri
1327 3450 1429 3514 posset,
1449 3449 1559 3499 muetos
1578 3445 1607 3498 in
1623 3444 1701 3500 coelo
1720 3461 1781 3499 esse
1795 3445 1900 3516 gladiis
1914 3461 1961 3499 sc-

255 3529 368 3595 'fuerint
381 3531 412 3584 in
429 3529 522 3584 medio
541 3530 610 3598 ejus,
626 3528 688 3583 uico
708 3544 768 3596 eqo,
792 3529 863 3583 dicit
880 3530 1031 3594 Dominus,
1051 3546 1095 3583 ne·
1124 3530 1236 3584 cinctos.
1278 3529 1354 3600 Ergo
1372 3530 1456 3585 etiam
1470 3529 1553 3597 illud,
1576 3531 1650 3601 quod
1670 3532 1705 3586 de
1725 3529 1814 3587 Ouiae
1834 3536 1864 3586 et
1880 3534 1960 3589 lere-

260 3633 313 3686 que
339 3616 414 3681 tilios
442 3631 530 3685 neqrm
559 3616 638 3680 filias
667 3632 736 3668 suas
764 3614 931 3684 liberabunt,
960 3616 1017 3685 ipsi
1041 3617 1098 3670 soli
1124 3616 1195 3670 miae
1222 3615 1419 3672 intercessione
1447 3618 1596 3687 praecedit.
1647 3624 1672 3674 4.
1699 3617 1763 3674 Non
1786 3619 1960 3690 exprimitur,

261 3702 461 3758 liberabuntur.
510 3702 545 3756 In
575 3718 657 3773 quem
693 3701 783 3757 locum
825 3701 865 3756 sic
894 3709 1096 3758 commentatur
1124 3702 1198 3773 quod
1215 3702 1301 3758 Onias
1324 3708 1352 3756 et
1373 3703 1508 3760 Jeremias
1532 3703 1656 3775 singulas
1681 3704 1907 3760 circumstantias
1932 3712 1961 3760 et

260 3788 466 3844 Theodoretus:
497 3789 615 3843 Nullam
640 3789 749 3842 ueniam
772 3797 988 3858 consequentur,
1016 3806 1049 3842 ne
1069 3791 1096 3842 si
1123 3787 1258 3859 speciales
1275 3788 1370 3859 populi
1390 3789 1563 3844 calamitates
1582 3791 1717 3845 noverint.
1759 3789 1856 3847 bNec
1867 3791 1960 3847 Judss

216 3900 223 3912 ·
260 3874 372 3944 quidem
395 3882 421 3927 et
439 3874 496 3927 Job
521 3882 547 3926 et
570 3874 715 3927 Daniel
702 3892 732 3927 m
756 3875 827 3944 ipsis
850 3875 956 3929 inventi
971 3877 1094 3944 fuerint
1122 3873 1319 3939 Maccabaeae,
1348 3892 1400 3930 nec
1430 3877 1567 3931 exercitus
1595 3875 1695 3931 Oniam
1723 3877 1768 3932 vel
1796 3877 1960 3948 Jeremiam,

259 3962 297 4016 Et
315 3960 409 4015 Sixtus
428 3957 558 4014 Senensis
584 3958 631 4014 lib.
650 3965 672 4016 8
693 3959 850 4015 biblioth'
842 3978 871 4015 ιιι
891 3961 972 4016 solut.
992 3962 1092 4033 object.
1121 3961 1170 4016 sed
1189 3960 1389 4016 dominatorem
1408 3961 1548 4017 coelorum
1565 3963 1696 4018 invocant
1719 3979 1746 4018 r.
1766 3967 1809 4018 22.
1852 3969 1876 4019 6.
1897 3964 1960 4035 My·

259 4048 290 4102 in
307 4045 356 4103 lib.
374 4043 485 4100 Daniel.
505 4061 571 4116 pag.
584 4050 649 4100 649:
668 4046 805 4114 Loquitur
818 4048 905 4115 juata
920 4048 1092 4116 hypothesin,
1121 4046 1218 4101 sticum
1237 4047 1320 4118 hujus
1339 4063 1438 4102 somnrr
1449 4048 1705 4119 interpretationem
1720 4049 1858 4120 eJusmodr
1870 4050 1961 4104 tradrt

258 4143 288 4188 ut
317 4134 506 4201 Hieronymus
532 4132 651 4201 seponit
681 4131 714 4184 id
743 4140 783 4186 ιιι
813 4134 841 4186 si
866 4135 938 4188 tales
965 4136 1092 4204 tantique
1121 4132 1229 4205 glossa,
1247 4150 1318 4206 quae
1338 4135 1541 4189 invocationem
1559 4140 1719 4190 sanctorum
1734 4136 1828 4206 potius
1848 4137 1960 4193 sverm

256 4219 399 4288 suerint'
386 4238 416 4273 sn
433 4219 486 4272 hac
503 4219 562 4272 cita
577 4219 745 4288 peccatrice,
768 4236 824 4272 non
840 4220 1000 4274 liberabunt
1016 4221 1093 4285 filios
1123 4219 1236 4289 Siquis
1254 4221 1415 4289 quaesierit,
1435 4220 1534 4291 inquit,
1550 4229 1643 4275 atrum
1661 4222 1731 4275 haec
1747 4222 1819 4276 cisio
1839 4223 1881 4276 aa
1900 4240 1960 4293 my·

259 4316 308 4361 aut
326 4307 411 4373 filias.
451 4304 558 4361 Eodem
578 4303 660 4358 modo
678 4304 791 4373 exponit
807 4304 934 4360 Pererius
953 4306 982 4361 in
995 4323 1092 4363 comm.
1120 4306 1233 4359 sterium
1249 4307 1370 4376 aliquod
1388 4307 1496 4370 referri
1507 4307 1607 4376 possit,
1634 4308 1687 4361 hoc
1703 4307 1735 4360 ni
1749 4308 1854 4376 fallor,
1877 4310 1908 4362 in
1925 4326 1960 4364 sa

260 4392 362 4449 Genea.
380 4398 405 4450 6.
436 4390 509 4446 Loci
528 4388 696 4457 Ezechielis,
721 4389 827 4461 inquit,
852 4390 897 4445 hic
926 4400 966 4445 est
989 4410 1093 4463 amaus,
1120 4393 1223 4446 sentire
1244 4399 1349 4461 potest,
1376 4393 1454 4461 quod
1472 4393 1561 4447 Onias
1586 4397 1722 4448 sacerdos
1745 4397 1959 4451 scandatalem

260 4494 345 4547 usque
365 4493 398 4532 ea
416 4494 477 4530 sum
498 4476 622 4530 Judaeis
642 4478 782 4546 offensus,
794 4484 826 4531 nt
845 4478 872 4532 si
890 4480 975 4534 Noah
992 4489 1093 4535 cetera
1120 4480 1262 4549 siqnifieat
1281 4479 1409 4533 ordinem
1428 4486 1454 4532 ιι
1471 4479 1615 4532 Jeremias
1628 4480 1778 4551 propheto,
1797 4480 1851 4550 qui
1867 4483 1958 4536 intsr·

262 4564 330 4632 quin
346 4562 391 4616 cir
411 4562 481 4616 mihi
497 4563 682 4632 qratissimus,
701 4562 815 4618 haberet
831 4565 922 4630 tilium
936 4566 966 4619 in
981 4568 1033 4621 isto
1041 4587 1093 4638 po·
1116 4573 1247 4635 pretatur
1266 4565 1389 4620 oscelsus
1403 4565 1530 4633 Domini,
1558 4565 1651 4635 ipsum
1664 4566 1819 4619 Dominum
1832 4574 1859 4621 et
1871 4577 1959 4638 captet

256 4650 328 4721 pulo
348 4647 470 4717 mihique
495 4649 685 4718 supplicaret,
716 4666 772 4703 non
795 4666 883 4704 essem
898 4668 959 4706 eum
978 4655 1092 4707 maudi-
1120 4653 1259 4722 mprimat
1274 4653 1494 4723 prophetarum,
1515 4654 1550 4706 ds
1568 4669 1622 4721 quo
1640 4652 1756 4720 Moyses
1774 4653 1858 4706 dicit:
1883 4655 1958 4710 Pro·

260 4743 347 4790 turres.
381 4734 426 4789 De
451 4732 602 4788 virentium
625 4735 712 4807 igitur
731 4736 875 4806 precibus,
898 4754 954 4793 non
968 4739 1004 4794 de
1023 4757 1094 4794 mor·
1118 4740 1230 4809 phetam
1248 4740 1395 4792 suscitabit
1414 4741 1492 4794 rabis
1511 4740 1659 4803 Dominus,
1678 4742 1714 4794 ds
1732 4756 1787 4808 qno
1806 4740 1958 4795 lohannes

261 4830 371 4878 tuorum
389 4826 463 4875 statu
485 4820 634 4892 utrobique
646 4821 790 4894 Scriptura
802 4822 986 4893 loquitur
971 4825 1093 4882 &Clau-
1120 4826 1265 4895 apostolus
1293 4827 1324 4879 in
1353 4825 1475 4894 epistola
1503 4844 1574 4879 suar
1615 4825 1793 4879 Advocatum
1824 4826 1959 4881 habentus

260 4908 322 4963 dius
347 4905 527 4962 Taurinensis
549 4907 695 4977 episcopus
722 4907 854 4964 adverms
878 4909 1092 4967 Theodemirum
1120 4914 1200 4981 apud
1218 4912 1335 4965 Patrem
1354 4912 1452 4964 Jesam
1468 4910 1609 4965 Christum
1621 4912 1733 4980 justum
1753 4916 1804 4966 etc.

261 4993 417 5050 abbatem
409 5011 439 5047 ιι)
456 4991 587 5064 apologia
604 5000 798 5063 argumentum
810 4994 937 5051 ruvertrt
958 4998 1035 5060 Quid
1052 5007 1093 5053 est
1154 5004 1214 5056 444
1262 5003 1287 5056 3.
1318 4998 1405 5069 Apoc.
1431 5004 1454 5053 b.
1494 4998 1600 5068 Viqinti
1621 5004 1742 5068 quatuor
1765 4998 1895 5053 seniores
1925 5002 2029 5055 inssi

259 5082 414 5144 dicernat
409 5078 584 5147 suerint'
572 5097 603 5131 sn
618 5081 712 5134 medio
731 5081 793 5150 eJ'us
812 5082 876 5136 Noe·
898 5090 924 5137 st
940 5084 1050 5138 Daniel
1067 5093 1093 5139 et
1118 5085 1195 5140 coela
1213 5102 1309 5138 coram
1325 5084 1425 5138 throno
1441 5083 1500 5137 Dei
1522 5084 1705 5155 procidentes
1722 5084 1823 5138 haben
1837 5085 1958 5153 phialas
1969 5061 2029 5158 liii.

256 5168 326 5232 Joh,
351 5167 385 5219 id
411 5173 452 5219 est
473 5165 501 5218 si
521 5171 617 5219 tantae
641 5166 814 5235 sanctitatis,
848 5176 943 5221 tantae
958 5170 1092 5238 justitiae
1118 5188 1222 5226 aureas
1237 5172 1341 5240 plenas
1359 5173 1615 5238 odoramentorum,
1639 5186 1712 5240 quae
1728 5178 1793 5223 sunt
1811 5173 2029 5254 ammaum
1995 5163 2028 5201 ¹¹¹⁰

257 5253 383 5324 tantique
398 5251 495 5306 meriti
509 5259 581 5321 mni,
601 5251 702 5321 qaanti
717 5253 903 5324 illifuerunt,
920 5273 976 5310 non
989 5256 1091 5309 libera·
1117 5268 1294 5323 sanemrum,
1316 5260 1335 5316 i
1357 5275 1378 5313 s.
1398 5258 1609 5312 intercessiones
1626 5273 1681 5327 pro
1699 5257 1879 5324 infirmorum
1897 5267 1955 5312 sta·
1969 5215 2029 5315 priua

258 5340 325 5394 bunt
341 5339 437 5409 filium
459 5344 511 5394 ets.
547 5340 628 5394 Haec
649 5340 766 5409 idcirco,
784 5350 815 5394 ut
831 5357 911 5394 nemo
930 5343 1030 5397 merito
1047 5344 1091 5398 uel
1118 5345 1233 5400 bilitate.
1279 5344 1405 5399 Eundem
1439 5346 1531 5399 locum
1566 5349 1650 5415 urget
1677 5343 1805 5397 Βιιιιιιιιι
1835 5342 1907 5397 de
1899 5362 1956 5398 mr.

257 5425 454 5480 intercessione
472 5432 634 5481 sanctorum
651 5429 787 5498 confidat,
814 5428 882 5497 quia
899 5428 957 5482 aas
974 5432 1091 5485 eandem
1117 5436 1206 5486 sanct.
1221 5449 1249 5502 p.
1270 5437 1310 5486 11.
1346 5431 1570 5502 Respondemus:
1591 5436 1613 5487 1.
1628 5429 1746 5487 Sauctm
1764 5444 1829 5484 cum
1842 5429 1956 5485 Christo

256 5514 354 5582 Men,
383 5512 537 5580 iustitiam,
560 5513 823 5583 remistanium,
851 5533 935 5584 mam
952 5515 1001 5572 illi
1017 5525 1092 5572 ena«
1115 5516 1318 5590 triumphantes
1344 5517 1374 5572 iu
1395 5533 1498 5590 genere
1523 5534 1576 5590 pro
1597 5516 1714 5574 scolene
1739 5532 1821 5573 orare
1843 5533 1879 5574 ex
1903 5517 1958 5575 hoc
