4104 6014
889 290 1100 351 cenonas.
1778 306 1839 377 219

147 464 257 520 sperare
276 455 452 520 peccatorum
475 449 661 515 ablutionem,
684 448 787 520 quippe
812 465 895 521 quam
921 439 995 529 total
1011 455 1137 516 aeterna,
1170 467 1220 503 cur
1249 456 1363 522 propter
1392 451 1508 507 eandem
1534 467 1589 506 non
1621 451 1801 508 liberaremur
1829 470 1846 525 a

147 532 293 604 Scriptura
312 552 394 598 sacra¹
407 536 443 589 ad
462 535 546 607 hujus
566 535 639 589 vitae
652 551 762 589 cursum
782 551 815 588 ac
832 531 979 588 terminum
1010 535 1105 602 poeuis
1142 543 1318 605 peccatorum
1353 537 1572 608 temporalibus?
1627 538 1657 594 Si
1695 536 1842 608 baptisatis

149 621 299 692 restringit.
330 621 515 676 Damascenus
529 620 576 678 lib.
590 627 614 677 2.
627 621 662 677 de
672 621 739 678 orth.
752 620 799 676 fid.
812 637 836 674 c.
850 625 880 675 4:
903 618 982 680 Quod
1009 629 1122 690 propter
1135 621 1238 677 Christi
1255 622 1473 679 satisfactionem
1493 625 1642 680 remittitur
1659 630 1688 679 et
1705 622 1796 696 ctilps,
1816 631 1845 680 et

152 706 210 771 suit
228 707 336 777 angelis
355 727 449 776 casus,
466 709 499 760 id
515 708 670 762 bominibus
688 724 763 761 mors
783 714 830 761 est.
866 710 889 760 6.
910 703 982 759 Scri·
1010 723 1101 776 poena
1125 725 1181 762 non
1212 709 1300 764 solum
1326 718 1452 781 aeterna,
1484 711 1534 765 ssd
1562 711 1645 766 etiam
1676 711 1844 781 temporalis,

151 797 234 862 ptura
252 792 302 846 soli
320 792 450 863 sanguini
469 793 571 848 Christi
597 793 626 848 in
649 793 734 847 verbo
753 788 889 861 evangelii
907 796 935 844 et
953 789 981 841 in
1011 809 1060 846 cur
1085 811 1148 849 vere
1171 796 1378 865 poenitentibus
1404 803 1431 852 et
1450 797 1479 850 in
1499 795 1640 852 Christum
1668 797 1845 852 credentibus

149 885 322 933 sacramento
341 878 476 950 baptismi
493 897 543 951 per
560 880 642 935 fidem
658 878 737 933 uobis
756 878 887 949 adsperso
907 883 935 930 et
954 873 981 927 in
1010 895 1065 933 non
1089 881 1261 951 contingeret
1279 882 1376 937 eadem
1404 889 1432 937 et
1455 899 1543 954 aeque
1569 883 1652 954 plena
1671 901 1703 938 ac
1722 883 1846 954 perfecta

153 980 332 1019 sacracoena
346 964 832 1020 nobiscdbibendumerhibitovim
844 960 983 1034 purgandi
1011 965 1120 1034 peccati
1146 967 1289 1022 remissio?
1333 974 1357 1025 8.
1379 965 1408 1024 Si
1432 976 1496 1040 post
1525 971 1633 1040 peccati
1660 963 1845 1025 remissionem

151 1051 260 1122 peccati
273 1051 379 1115 tribuit,
398 1050 525 1124 nuspiam
542 1069 606 1107 vero
623 1051 784 1124 purgatorio
802 1049 913 1103 auidam
926 1046 985 1120 igni
1012 1051 1209 1121 persolvendas
1228 1053 1319 1109 adhuc
1339 1063 1444 1109 restant
1465 1072 1571 1125 poenae
1591 1055 1769 1126 temporales,
1797 1058 1846 1112 cur

153 1137 238 1193 hasce
254 1145 347 1209 partes
367 1139 524 1193 demandat.
555 1138 686 1211 Quisquis
697 1154 763 1210 ergo
775 1153 825 1207 per
843 1135 927 1189 fidem
945 1139 986 1187 est
1012 1137 1071 1191 sola
1101 1140 1192 1193 anima
1222 1140 1332 1195 easdem
1366 1141 1394 1194 in
1434 1142 1595 1212 purgatorio
1625 1141 1761 1196 sustinet?
1795 1159 1845 1196 our

151 1226 179 1278 in
193 1223 310 1288 Christo,
334 1224 488 1280 illemerito
508 1232 536 1280 et
550 1225 675 1280 efficacia
691 1223 834 1295 sanguinis
849 1219 950 1277 Christi
969 1238 986 1273 a
1013 1223 1116 1279 eisdem
1135 1242 1190 1280 non
1209 1225 1356 1296 subjicitur
1379 1227 1462 1282 etiam
1479 1245 1593 1299 corpus,
1621 1229 1694 1299 quod
1713 1227 1767 1282 fuit
1786 1229 1844 1283 ani·

151 1311 269 1381 peccatis
288 1310 440 1365 absolvitur
458 1328 490 1365 ac
504 1320 652 1382 purgatur3
671 1311 797 1382 quisquis
817 1308 876 1363 sine
892 1307 987 1380 poeni·
1013 1327 1074 1365 mae
1098 1311 1240 1382 peccantis
1270 1314 1424 1383 organum?
1477 1313 1506 1370 Si
1535 1315 1656 1386 corporis
1686 1315 1845 1386 purgationi

151 1396 237 1451 tentia
254 1404 282 1452 et
295 1396 351 1452 fide
368 1397 397 1451 in
413 1396 554 1452 Christum
567 1397 683 1465 decedit,
702 1413 736 1451 ne
749 1393 854 1449 minimi
875 1394 985 1464 quidem
1014 1395 1156 1451 sufficiunt
1173 1415 1286 1468 poenae,
1306 1415 1375 1469 quas
1394 1400 1423 1453 in
1440 1399 1493 1454 hac
1511 1400 1569 1454 vita
1582 1401 1707 1465 sustinet,
1728 1418 1777 1455 cur
1789 1418 1845 1455 non

152 1489 269 1559 peccata
279 1484 466 1538 remissionem
483 1489 546 1555 post
556 1480 628 1538 hanc
642 1483 728 1537 vitam
747 1497 858 1553 sperare
875 1479 985 1550 poterit.
1013 1481 1173 1537 sufficerent
1190 1484 1302 1539 eaedem
1321 1485 1357 1538 ad
1382 1487 1575 1558 purgationem
1593 1485 1721 1542 animae?
1770 1493 1794 1544 9.
1815 1487 1845 1543 Si

10 1562 71 1603 iffi
85 1560 139 1603 ³⁴⁰·
188 1576 246 1626 283.
282 1571 380 1624 Altera
396 1570 466 1625 ratio
485 1571 612 1625 desumta
626 1578 668 1624 est
685 1585 702 1623 a
718 1569 810 1623 debito
826 1584 985 1636 poenarum
1012 1568 1119 1622 animae
1135 1568 1163 1621 in
1181 1569 1512 1641 purgatoriotemporplis
1525 1587 1629 1641 poenae
1648 1570 1771 1626 debitum
1784 1570 1844 1628 Deo
1886 1596 1891 1612 ·

10 1614 70 1656 22

13 1666 100 1706 uestro
153 1656 354 1726 temporalium.
401 1654 470 1730 Cum
498 1657 717 1710 reconciliantur
736 1659 796 1708 Deo
814 1661 984 1723 peccatores,
1013 1655 1198 1724 persolventes
1208 1673 1258 1725 per
1266 1655 1401 1728 suffragia
1418 1657 1540 1710 vivorum
1552 1664 1580 1711 et
1592 1657 1778 1729 indulgentias
1788 1659 1843 1713 Ro·

14 1728 139 1809 pana-m·
152 1761 207 1796 non
237 1742 388 1796 dimittitur
412 1760 519 1812 semper
547 1761 608 1795 cum
636 1750 752 1810 peccato
783 1742 868 1794 etiam
888 1756 984 1808 poena
1011 1740 1085 1794 mani
1098 1739 1232 1809 pontificis
1245 1758 1277 1795 ex
1291 1741 1385 1796 eodem
1398 1741 1508 1796 liberari
1519 1750 1643 1813 possunt,
1657 1745 1844 1801 misericordia

16 1835 89 1914 ,effi
152 1829 322 1898 temporalis.
359 1828 400 1882 As
420 1837 512 1898 potest
536 1829 600 1893 fieri
616 1836 642 1883 et
658 1845 741 1897 saepe
762 1828 807 1896 fit,
831 1835 861 1879 ut
880 1828 908 1878 in
926 1834 984 1878 toto
1010 1824 1149 1895 pontificis
1160 1827 1248 1896 major
1258 1835 1285 1880 st
1295 1825 1434 1881 efficacior
1445 1829 1498 1882 erit
1509 1846 1592 1901 quam
1604 1830 1690 1900 ipsius
1700 1831 1753 1886 Dei
1766 1833 1843 1889 mise-

153 1918 210 1970 rita
234 1917 339 1986 aligur's
370 1934 425 1969 non
451 1915 626 1981 satisfecerit
648 1914 732 1986 plene
756 1931 812 1982 pro
836 1913 984 1981 temporali
1009 1910 1136 1979 ricordia,
1158 1929 1207 1982 per
1223 1911 1295 1966 hanc
1315 1914 1387 1967 euim
1401 1913 1523 1968 debitum
1538 1914 1607 1969 illud
1620 1917 1771 1972 condonari
1789 1936 1844 1973 nou

151 2002 203 2055 illa
217 2020 319 2072 poena.
356 2002 437 2072 Ergo
462 1999 620 2055 necessario
641 1999 729 2054 statui
746 2000 826 2052 debet
845 2006 980 2068 purgato·
1009 1996 1106 2065 potuit,
1125 2013 1176 2068 per
1195 1997 1270 2051 illam
1291 2014 1355 2053 vero
1375 1998 1483 2053 debitor
1502 1999 1648 2055 abeodem
1667 2001 1808 2062 liberatur.

151 2088 238 2157 rium,
261 2089 292 2141 in
323 2106 378 2158 quo
403 2105 511 2157 poenas
537 2088 706 2157 temporales
731 2085 825 2139 adlsuc
851 2085 982 2138 residuas
1045 2086 1102 2137 284.
1138 2082 1235 2138 Tertia
1259 2085 1329 2138 ratio
1348 2085 1495 2139 deducitur
1518 2104 1536 2138 a
1554 2089 1692 2140 communi
1709 2091 1841 2158 opinione
1855 2098 1901 2143 tt
1915 2115 1978 2148 com·

151 2175 252 2228 toleret.
307 2173 532 2245 Respondemus:
580 2177 601 2228 1.
645 2171 815 2227 ostendimus
855 2170 982 2241 superius
1010 2171 1131 2222 omnium
1157 2173 1287 2238 gentium.
1335 2171 1537 2241 Purgatorinm
1571 2174 1643 2227 enim
1677 2177 1841 2244 confitentur
1855 2158 1963 2254 ffp‘fflm

152 2256 177 2337 ξ.
198 2264 256 2317 200.
280 2259 401 2314 remissis
427 2258 549 2332 peccatis
575 2258 657 2312 etiam
682 2274 785 2328 poenas
809 2257 918 2328 proprie
943 2257 982 2311 sic
1010 2254 1148 2319 Hebraei,
1176 2256 1379 2325 Mulsumetani,
1408 2260 1541 2329 perutiles,
1568 2261 1643 2329 iique
1669 2267 1726 2315 tom
1746 2265 1840 2334 pbilo-
1855 2261 1956 2357 {affl

151 2347 239 2400 dictu
258 2344 421 2416 condonari,
449 2344 521 2398 falsa
545 2352 589 2398 est
613 2344 699 2414 igitur
719 2343 875 2415 argumenti
895 2342 982 2414 hypo·
1009 2345 1099 2412 sophi,
1118 2363 1202 2413 quam
1216 2352 1327 2417 poitae.
1356 2345 1580 2417 Respondemus:
1600 2353 1621 2402 i.
1640 2348 1746 2418 mirum,
1767 2352 1842 2422 quod
1958 2343 1964 2357 ⁹

151 2433 242 2487 thesis.
292 2437 314 2487 t.
335 2432 390 2486 Pro
423 2431 501 2487 nulla
526 2431 635 2501 peccati
656 2447 759 2500 poena,
789 2431 846 2484 sive
872 2429 899 2482 in
923 2430 982 2492 hac,
1010 2428 1193 2484 Bellarminus
1213 2449 1267 2486 non
1282 2430 1426 2486 addiderit*
1439 2431 1638 2488 confessionem
1657 2436 1844 2509 diabolorum,

151 2518 208 2573 sive
232 2519 260 2571 in
286 2519 381 2572 futura
407 2517 464 2571 vita
489 2533 539 2570 nos
564 2517 617 2587 ipsi
647 2515 806 2570 satisfacere
829 2533 983 2585 possumus,
1012 2514 1059 2586 qui
1080 2524 1108 2569 et
1126 2516 1179 2587 ipsi
1199 2516 1234 2572 de
1254 2519 1415 2588 purgatorio
1434 2518 1574 2574 testificati
1593 2529 1666 2576 sunt.
1692 2520 1843 2581 Lombard.

154 2606 219 2675 quia
237 2604 381 2676 quodlibet
401 2612 555 2675 peccatum,
585 2602 667 2656 etiam
693 2602 844 2662 minimum,
864 2610 984 2655 meretur
1012 2600 1076 2656 hist.
1098 2607 1154 2658 153.
1189 2610 1400 2674 commemorat,
1432 2605 1598 2674 Odilonem,
1629 2625 1691 2660 cum
1720 2609 1845 2665 ululatus

151 2692 271 2746 infinitas
289 2708 405 2763 poenas,
430 2699 458 2746 et
476 2689 527 2744 soli
548 2686 656 2744 Christo
680 2688 750 2742 haec
771 2688 893 2759 dignitas
911 2704 982 2741 com·
1012 2689 1179 2741 wernonem
1209 2690 1364 2741 audivisset
1387 2689 1599 2759 plangentium,
1629 2696 1705 2761 guod
1733 2680 1844 2749 animae

152 2780 235 2849 petit,
274 2778 348 2848 quod
379 2794 429 2847 pro
461 2776 585 2847 pcccatis
619 2775 718 2829 nostris
750 2782 778 2829 et
809 2782 983 2845 peecatorum
1013 2774 1209 2842 defunctorum
1228 2789 1260 2826 es
1280 2775 1452 2843 purgatorio
1476 2794 1530 2844 per
1556 2779 1712 2847 orationes,
1744 2781 1845 2834 musas

152 2875 305 2921 nostrorum
339 2864 434 2933 poenis
463 2862 622 2924 satisfacere
652 2861 773 2931 potuerit
801 2876 833 2916 ao
862 2859 984 2932 perfecte
1012 2868 1038 2913 et
1057 2859 1245 2928 eleemosynas
1263 2859 1454 2928 eriperentur,
1480 2863 1635 2917 instituisse
1651 2866 1757 2931 festum
1773 2885 1843 2920 com-

153 2953 234 3006 etiam
253 2948 426 3005 satisfecerit.
474 2952 498 3005 3.
522 2947 700 3002 Calamitstes
721 2946 785 3002 illae
812 2945 984 3016 temporales,
1012 2947 1221 3000 memorationis
1249 2948 1455 3012 defunctorum.
1504 2953 1528 3002 2.
1559 2949 1616 3003 Cur
1649 2951 1845 3021 praetermittit

154 3056 223 3111 quas
241 3039 317 3093 Deus
343 3035 527 3091 reconciliatis
553 3034 721 3105 quandoque
747 3033 876 3104 imponit,
900 3049 985 3106 quae·
1013 3050 1175 3088 consensum
1202 3033 1428 3102 origenistarum
1447 3041 1475 3091 et
1495 3035 1612 3090 aliorum
1635 3036 1843 3108 haereticorum,

154 3140 209 3197 que
233 3141 389 3192 poenarum
421 3121 530 3177 nomine
559 3121 716 3193 generalius
743 3128 859 3190 accepto
884 3119 984 3190 indigi·
1013 3121 1061 3192 qui
1081 3120 1176 3175 itidem
1196 3120 1230 3175 de
1256 3122 1422 3192 purgatione
1445 3128 1622 3192 peccatorum
1646 3130 1843 3194 postmortem
1862 3153 1984 3211 mm·

154 3217 255 3280 tantur,
274 3228 328 3265 non
342 3210 495 3265 extendunt
507 3225 537 3263 se
549 3208 623 3263 ultra
640 3206 724 3277 hujus
739 3207 813 3261 vitae
829 3207 985 3271 terminum,
1014 3207 1100 3260 multa
1138 3204 1295 3261 finxerunt?
1348 3212 1372 3262 3.
1403 3207 1562 3262 Communis
1596 3208 1645 3262 illa
1674 3209 1767 3280 opinio
1799 3228 1845 3266 ex·

154 3297 202 3353 sed
227 3315 289 3351 cum
308 3297 361 3352 hac
379 3298 436 3351 vita
455 3295 602 3361 liniuntur,
631 3295 697 3365 quia
720 3300 783 3363 post
811 3291 894 3361 hujus
913 3292 987 3344 vitae
1013 3300 1186 3348 coecatorum
1207 3292 1399 3361 Judoeomn,
1426 3292 1649 3364 blasphemorum
1669 3297 1844 3353 Monumeta·

153 3389 262 3454 tempus
280 3384 405 3438 succedit
421 3384 585 3451 aeternitas,
610 3389 642 3435 ut
659 3381 785 3450 superius
802 3379 857 3433 fuit
876 3378 985 3432 demon·
1014 3399 1112 3433 norum
1130 3389 1158 3434 et
1177 3378 1410 3433 idololatricorum
1426 3380 1573 3446 gentilium
1590 3388 1632 3434 set
1650 3382 1742 3451 potius
1761 3400 1843 3456 argu·

155 3477 279 3525 atratum.
327 3477 351 3526 4.
373 3469 403 3525 si
428 3470 502 3540 quod
526 3484 676 3538 poenarum
700 3466 891 3536 temporalium
912 3465 986 3518 debi-
1015 3475 1137 3521 mentum
1171 3467 1269 3520 erroris
1297 3483 1379 3535 quam
1410 3466 1548 3535 veritatis,
1575 3474 1606 3521 ut
1630 3454 1756 3538 superius
1785 3488 1844 3525 mo·

155 3567 212 3612 turn
232 3557 324 3611 adhuc
339 3563 476 3626 superest,
502 3553 570 3608 illud
596 3569 676 3608 omne
696 3553 724 3606 iu
744 3559 830 3607 morte
850 3551 986 3605 communi
1015 3552 1132 3606 unimus.
1170 3551 1281 3623 Excipit
1308 3551 1504 3616 Bellarminus,
1530 3554 1733 3617 confessionem
1762 3557 1844 3610 illam

155 3644 201 3698 illo
231 3652 347 3698 naturae
370 3648 515 3712 corruptae
542 3638 635 3695 debito
660 3638 832 3709 persolvitur.
877 3637 989 3706 Excipit
1011 3639 1175 3708 purgatorii
1199 3639 1350 3708 provenire
1381 3657 1399 3691 a
1427 3639 1531 3692 lumine
1562 3640 1693 3693 onerati
1719 3643 1844 3697 omnibus

158 3731 348 3795 Bellarminus,
367 3739 482 3782 mortem
498 3744 555 3781 esse
571 3745 690 3795 poenam
704 3725 818 3793 peccati
828 3724 987 3791 originalis,
1014 3726 1170 3779 tonsinibus
1204 3725 1353 3793 communi,
1390 3742 1422 3778 es
1455 3744 1509 3794 quo
1543 3727 1627 3780 etiam
1653 3728 1846 3798 intelligimus,
1921 3766 1923 3773 ·

154 3820 218 3871 sileo
232 3835 289 3885 pro
313 3816 469 3869 actrsalilus
495 3813 594 3867 dehere
618 3812 739 3865 inveniri
757 3811 845 3865 aliam
857 3827 986 3880 poenam.
1015 3829 1072 3865 csse
1092 3815 1198 3874 Deum,
1228 3819 1255 3865 et
1274 3828 1332 3864 esse
1357 3828 1468 3880 poenas
1486 3819 1512 3865 et
1536 3815 1670 3881 praemia
1691 3824 1757 3886 post
1774 3816 1845 3869 hanc

155 3903 241 3974 Atqui
272 3918 304 3956 ex
322 3900 492 3956 Salmeronio
522 3898 695 3963 audivimus,
727 3897 808 3952 etiarn
837 3896 987 3951 actualium
1014 3901 1099 3951 uitam
1130 3901 1323 3967 exspectanda.
1374 3900 1439 3950 Cam
1469 3899 1541 3952 enirn
1570 3900 1713 3953 uideamus
1744 3919 1777 3956 ec
1801 3903 1845 3969 iis,

156 3997 331 4061 peccatorum
370 3989 501 4059 reliquias
533 4003 583 4059 per
613 3985 786 4039 infirmitates
817 3992 845 4038 et
879 3983 988 4037 dolores
1016 3986 1065 4054 gui
1080 3986 1203 4051 migrant
1221 4001 1254 4036 ee·
1272 3985 1326 4037 bae
1352 3984 1424 4051 vita,
1453 3985 1528 4038 alios
1551 4002 1608 4040 esse
1638 3986 1722 4040 ualde
1750 3988 1843 4057 bonos,

156 4077 249 4130 mortis
269 4076 424 4146 expurgari.
470 4072 529 4128 Nec
556 4071 696 4143 originalis
721 4069 809 4125 solum
836 4069 987 4124 sedetiam
1014 4073 1089 4125 alios
1107 4071 1190 4124 valde
1203 4070 1301 4137 mdes,
1318 4071 1390 4123 ulios
1403 4071 1584 4124 mediocriter
1596 4072 1680 4125 bonos
1698 4082 1724 4125 et
1741 4073 1844 4127 medio-

156 4161 306 4216 actualium
325 4167 502 4231 peecatorum
520 4176 610 4230 poena
629 4167 671 4212 est
688 4173 761 4211 mors
775 4155 943 4225 temporalis.
957 4163 989 4208 ut
1015 4160 1100 4212 critcr
1119 4158 1223 4223 malos,
1236 4155 1403 4224 judicamus
1420 4157 1552 4209 naturali
1567 4157 1685 4224 lumine,
1706 4175 1765 4211 esse
1780 4168 1845 4231 post

153 4267 187 4303 ex
205 4248 379 4303 evidentibus
409 4247 567 4318 Scripturas
586 4245 667 4298 dictis
693 4247 811 4300 constat.
854 4241 989 4312 Disputat
1015 4247 1088 4300 lane
1118 4245 1204 4296 eitam
1236 4258 1343 4310 poenos
1381 4251 1509 4295 asterrsas
1546 4260 1599 4311 pro
1638 4244 1721 4296 ualde
1754 4245 1845 4308 malis,

154 4335 213 4405 ipse
232 4333 416 4388 Bellarminus
442 4333 458 4386 l.
480 4339 502 4391 i.
532 4334 567 4387 de
591 4336 700 4403 purgat.
727 4346 751 4385 e.
771 4334 794 4385 8.
813 4337 927 4381 mortem
946 4330 988 4381 la·
1012 4329 1146 4400 praesrtim
1165 4337 1281 4382 aeterna
1304 4345 1358 4396 pro
1378 4328 1462 4381 salem
1482 4328 1574 4396 boram,
1599 4346 1633 4382 ac
1651 4346 1761 4398 poeseos
1781 4340 1845 4385 tem·

155 4421 242 4474 tronis
264 4420 446 4473 durissimum
468 4419 594 4488 potuisse
616 4419 694 4487 juste
718 4416 747 4468 in
771 4415 889 4482 plenam
906 4415 987 4466 satis·
1013 4418 1148 4488 pororias
1168 4423 1192 4468 et
1208 4432 1264 4483 per
1290 4430 1338 4466 aas
1357 4415 1505 4466 transitum
1524 4416 1565 4467 ad
1579 4417 1709 4483 praemia
1723 4436 1780 4488 pro
1801 4418 1845 4483 iis,

154 4508 306 4573 factionem
323 4498 476 4575 reputari.¹
505 4511 529 4559 5.
550 4501 621 4572 Eos,
641 4502 688 4574 qui
707 4501 736 4555 in
754 4499 809 4554 fide
827 4498 891 4552 hine
908 4497 987 4551 deee-
1016 4504 1067 4571 qui
1085 4511 1150 4555 suut
1165 4501 1344 4554 mediocriter
1364 4501 1430 4552 boni
1448 4500 1490 4553 vel
1509 4501 1587 4553 mali.
1624 4499 1845 4573 Respondemus:

157 4592 236 4654 dunt,
253 4606 307 4645 non
320 4606 469 4661 poenarum
481 4588 725 4658 persolvendarum
737 4584 831 4640 debito
844 4584 988 4653 obstringi,
1020 4595 1041 4644 l.
1073 4588 1166 4642 lumen
1199 4586 1325 4641 naturale
1352 4585 1380 4639 in
1410 4584 1475 4640 fidei
1500 4586 1623 4641 articulis
1653 4588 1737 4644 debet
1768 4593 1845 4662 sequi

158 4678 206 4731 sed
237 4678 274 4731 ad
303 4693 416 4747 pacem,
452 4675 573 4746 quietem
608 4682 637 4730 et
667 4673 800 4747 gaudium
838 4671 989 4743 pervenire,
1016 4675 1158 4744 praevium
1187 4674 1278 4726 lumen
1302 4673 1409 4743 getiae
1435 4673 1464 4725 in
1491 4673 1575 4729 verbo
1593 4691 1754 4746 accensum,
1777 4678 1846 4733 alias

161 4763 279 4834 Spiritus
296 4768 546 4830 sanetustestatur,
565 4760 630 4816 huic
646 4762 765 4833 Spiritus
779 4761 868 4814 sancti
882 4758 989 4828 judicio
1017 4761 1100 4815 facile
1120 4760 1179 4813 abit
1202 4761 1229 4811 in
1258 4758 1400 4826 tenebras,
1424 4775 1488 4812 cnm
1513 4776 1563 4829 per
1586 4768 1731 4832 peccatum
1751 4764 1847 4819 misere

160 4868 193 4905 uc
210 4851 366 4906 testimonio
383 4866 439 4903 uon
458 4847 563 4901 debent
580 4847 712 4918 praeferri
730 4846 857 4917 argutiae
875 4842 989 4899 rationis
1017 4847 1053 4901 sit
1084 4845 1268 4901 obfuscatum.
1320 4845 1426 4899 Lumen
1458 4852 1573 4900 naturae
1603 4847 1677 4903 valet
1706 4849 1734 4901 in
1765 4848 1847 4903 rebus

161 4937 304 4991 humanae.
353 4939 376 4990 6.
402 4933 431 4988 Si
460 4931 595 4986 rationem
623 4933 766 4989 consulere
791 4933 906 4986 velimus
928 4931 1198 4996 eum=naturalibus,
1216 4939 1246 4985 at
1262 4930 1453 5002 purgatorium
1472 4948 1505 4985 ex
1523 4931 1671 5003 hypothesi
1690 4934 1844 4989 Pontificio·

161 5023 341 5090 Bellarmiuo‚
367 5020 516 5075 absurdum
542 5019 581 5073 illi
604 5020 695 5090 potius
722 5018 875 5084 videbitur,
900 4996 1079 5079 Deumlrum
1100 5023 1142 5073 est
1171 5017 1303 5071 articulus
1333 5015 1406 5070 tidei.
1455 5018 1521 5072 dam
1554 5036 1619 5074 vero
1650 5019 1713 5075 fidei
1738 5022 1846 5078 ardcnli

159 5108 274 5164 remissa
299 5108 383 5178 culpa
406 5106 497 5161 adhuc
515 5103 641 5175 infligere
662 5120 795 5176 poenam,
820 5120 883 5157 cum
901 5119 991 5173 poena
1002 5084 1005 5157 l
1017 5105 1128 5176 proprie
1144 5103 1185 5159 sic
1203 5103 1271 5156 dicti
1290 5102 1414 5156 discendi
1433 5111 1497 5158 sunt
1512 5120 1544 5158 ex
1563 5105 1658 5160 divina
1675 5106 1847 5163 revelatione.

160 5214 215 5250 non
246 5195 299 5249 nisi
329 5195 365 5249 ob
399 5193 509 5263 culpam
542 5189 700 5262 infligatur3
731 5190 822 5244 Deum
854 5163 1005 5242 remitterel
1018 5197 1041 5248 2.
1058 5190 1101 5245 Ex
1130 5189 1233 5244 lumine
1264 5196 1381 5242 naturae
1412 5187 1544 5244 destituto
1570 5190 1648 5246 verbi
1679 5193 1741 5247 luce
1768 5194 1846 5247 multi

160 5298 262 5351 poenas
279 5287 405 5335 aeternas
424 5285 452 5333 et
469 5294 522 5331 non
538 5277 678 5330 remittere
695 5291 799 5344 poenas
817 5272 990 5344 temporales,
1017 5278 1202 5349 collegerunt,
1219 5291 1324 5346 poenas
1342 5273 1476 5329 malorum
1492 5293 1548 5330 non
1567 5274 1627 5330 fore
1645 5284 1780 5347 aeternas,
1798 5280 1846 5334 sed

161 5384 225 5421 cum
243 5367 265 5422 is
293 5367 341 5438 qui
364 5366 502 5418 condonat
525 5363 647 5418 debitum
668 5362 772 5431 majus,
802 5376 857 5413 non
875 5375 990 5414 cousue-
1017 5362 1129 5417 tandem
1148 5361 1232 5416 linem
1250 5360 1407 5429 habituras,
1424 5359 1454 5413 id
1472 5360 1545 5414 enim
1563 5360 1617 5414 luci
1638 5361 1751 5417 rationis
1769 5363 1845 5420 ride·

161 5453 232 5507 verit
255 5453 364 5523 erigere
392 5450 492 5504 miuus.
541 5457 564 5505 t.
593 5448 621 5501 Si
647 5451 760 5515 propter
787 5445 888 5502 Christi
913 5446 991 5500 satis·
1017 5455 1063 5504 tur
1090 5447 1178 5520 magis
1205 5463 1366 5518 congraum.
1415 5450 1440 5503 ³.
1468 5445 1630 5518 Scriptura,
1660 5447 1689 5501 in
1715 5464 1771 5521 qua
1800 5450 1847 5505 lux

161 5538 311 5594 tuchonem
346 5537 495 5594 liberamur
528 5552 547 5591 a
580 5531 687 5606 peccati
719 5532 803 5602 culpa
837 5540 866 5586 et
901 5547 991 5602 poena
1021 5533 1141 5605 Spiritus
1169 5532 1259 5590 uncti
1288 5533 1418 5604 refulget
1450 5548 1544 5590 omnes
1572 5532 1696 5589 homines
1720 5534 1751 5590 iu
1776 5533 1847 5591 duas
