4104 6014
878 223 931 281 na
956 220 1096 279 aaran.
1772 235 1830 294 ta

132 392 205 448 qnae
222 378 309 435 rerba
325 378 469 452 'I'bargnm
487 379 668 436 Obuldaicnm
686 380 727 434 sie
744 378 870 450 exponit:
887 376 968 432 Justi
993 375 1088 429 omnia
1106 376 1184 445 locu,
1207 379 1249 431 ud
1273 394 1347 446 auae
1374 378 1578 432 ascendebam
1596 394 1690 432 omues
1707 379 1831 433 homiues

130 461 233 533 sciant,
246 467 565 536 quadripeccaaeriat
584 467 739 537 reputandi
748 466 805 519 siut
816 481 875 535 pro
893 480 965 518 mor·
992 469 1056 514 uste
1089 461 1197 516 t'tristi
1225 464 1465 519 resurrectionem.
1517 463 1592 536 Ergo
1621 481 1654 520 ex
1679 464 1826 536 hypothesi

130 549 186 602 mu
203 549 234 602 ia
252 551 347 606 seculo
358 554 473 619 saturo.
517 553 612 614 Quare
630 560 727 606 caveat
743 552 800 604 eibi
814 569 834 604 a
846 557 964 620 peccato
992 545 1198 602 Pontificiorum
1216 549 1300 604 etiam
1318 550 1355 604 ad
1374 550 1565 620 purgatorium
1584 559 1659 606 recte
1673 567 1825 607 accommo-

130 637 283 704 etquasdo
295 647 498 708 peccaverunt,
518 641 716 709 poeniteutiam
735 645 828 708 opimi.
857 637 963 690 Pecca-
991 632 1087 701 datur,
1104 633 1133 687 in
1152 649 1215 688 eum
1234 651 1298 690 vero
1317 635 1357 690 sic
1376 641 1577 690 commentatur
1598 636 1829 709 Olympiodorust

130 727 206 774 tores
224 737 291 775 ocra
308 725 381 777 aiiii
400 725 466 778 boui
482 727 583 794 sciunt,
601 726 669 794 quia
681 743 736 780 aaa
754 726 867 778 studeat
886 723 964 776 beau
991 719 1160 785 ininferna
1177 738 1240 773 cum
1252 722 1397 789 practicae
1417 723 1595 791 operationes
1615 740 1674 778 esse
1690 742 1745 777 aaa
1761 743 1826 795 pou·

131 807 271 875 matam,
288 816 315 862 et
333 810 484 864 ideoasbil
500 811 592 865 sciunt
610 811 676 865 boui
692 812 733 863 ad
749 810 871 863 amulam
887 809 964 869 festu
990 804 1061 872 aiat,
1086 807 1137 873 qui
1154 807 1195 859 ibi
1207 815 1328 876 propter
1347 815 1465 878 patratu
1484 809 1602 876 flapitia
1628 818 1692 862 suat
1715 812 1828 883 repudi,

131 909 211 962 m,
230 901 256 946 et
271 912 329 949 aon
348 903 390 950 est
407 898 447 948 eis
467 913 571 949 merces
588 896 661 950 beau
675 903 741 966 post
757 903 871 948 mortem
890 894 963 962 ipso·
991 891 1032 942 ad
1059 891 1093 944 id
1115 895 1307 946 tautummodo
1334 893 1426 946 delati
1440 884 1519 947 'suat
1543 896 1575 948 iu
1604 896 1764 966 infernum,
1798 904 1829 951 ut

128 996 204 1044 sum,
232 981 301 1049 auio
324 981 460 1035 obliuioni
476 984 547 1037 datu
567 991 608 1037 est
624 983 760 1036 messoria
778 997 874 1035 eorum
893 981 965 1033 iuter
991 978 1114 1030 caasa
1131 986 1316 1049 torqueantur
1328 980 1485 1049 suppliciis.
1517 980 1551 1038 R.
1565 980 1696 1037 Salomon
1714 982 1744 1036 in
1761 1000 1827 1039 eun·

124 1067 228 1135 justos.
260 1066 330 1119 Post
348 1075 462 1121 monem
481 1086 561 1121 suam
576 1068 658 1137 impii
673 1067 842 1121 nonhabeat
859 1066 965 1120 utilite·
992 1062 1055 1117 dem
1082 1063 1121 1118 sic
1149 1070 1364 1120 commentatur:
1395 1067 1462 1120 Noa
1486 1075 1527 1119 est
1547 1085 1631 1136 opus,
1658 1087 1713 1137 quo
1734 1071 1829 1139 possis

130 1159 181 1203 tem
199 1151 297 1216 ullam,
315 1151 398 1205 etiam
417 1170 513 1221 amor,
532 1154 617 1207 otiam
636 1154 748 1221 odium,
767 1154 853 1205 etiam
871 1168 965 1205 asma
990 1150 1145 1217 justificari
1168 1151 1197 1202 ia
1222 1150 1345 1219 insano,
1369 1160 1395 1206 et
1413 1153 1486 1220 qaid
1499 1154 1605 1223 poterit
1623 1154 1703 1208 borao
1720 1157 1836 1221 faeere,

130 1235 199 1289 latio
218 1237 343 1308 morsm
366 1238 457 1308 perta
483 1240 519 1292 de
541 1240 653 1294 mundo.
697 1239 737 1290 Et
759 1255 814 1290 aaa
836 1246 876 1291 eet
894 1237 966 1307 ipsis
991 1243 1022 1288 ut
1046 1235 1128 1288 iiliac
1156 1253 1185 1289 se
1219 1226 1343 1291 liberet!
1383 1237 1490 1292 Similia
1513 1238 1652 1293 habentur
1669 1239 1697 1293 in
1720 1239 1827 1294 Midras

128 1321 191 1374 uilu
208 1323 364 1377 commuuio
385 1324 451 1376 boui
473 1341 535 1376 cum
556 1324 646 1392 justis
669 1323 700 1375 ia
725 1323 819 1377 seculo
840 1329 966 1391 cadara,
992 1318 1072 1375 Misle
1090 1321 1170 1377 Prov.
1195 1328 1241 1390 lt,
1264 1340 1290 1378 v.
1310 1327 1352 1381 tl.
1398 1322 1460 1377 Huc
1477 1323 1623 1378 referenda
1640 1325 1734 1379 omniu
1753 1325 1826 1381 Scri·

129 1423 217 1476 usqae
236 1408 321 1462 etiam
348 1409 438 1462 situm
461 1412 635 1462 commodam
659 1426 692 1462 ea
718 1409 768 1473 iis,
797 1424 870 1477 asae
887 1416 966 1477 pasta
991 1412 1090 1475 pturae
1108 1407 1197 1477 dicta,
1226 1425 1298 1479 quae
1318 1409 1352 1463 de
1378 1409 1487 1464 inferno
1507 1418 1607 1481 agunt,
1632 1411 1732 1465 inillis
1754 1413 1827 1467 enim

129 1501 192 1546 suut
209 1496 240 1546 ia
264 1495 360 1549 swale
385 1495 544 1566 praesenti,
564 1494 735 1565 percipiunt.
771 1493 965 1561 (Bellarminus
992 1493 1115 1547 iniamus
1150 1493 1316 1548 describitur
1351 1511 1405 1549 non
1432 1501 1464 1549 ut
1500 1512 1596 1551 carcer
1629 1499 1827 1568 temporarius,

131 1578 178 1634 lib.
198 1583 224 1639 2.
242 1579 279 1634 de
302 1596 384 1652 purg.
414 1597 437 1636 c.
462 1586 499 1636 15.
527 1580 644 1650 excipit,
672 1597 824 1634 samaeas
848 1596 908 1634 ease
931 1581 965 1633 de
992 1579 1041 1633 sed
1055 1588 1225 1649 perpetuas,
1252 1596 1284 1633 ex
1305 1598 1360 1650 quo
1378 1598 1433 1635 non
1450 1588 1529 1651 patet
1545 1582 1582 1636 ad
1602 1583 1687 1636 vitam
1707 1591 1736 1638 et
1753 1584 1827 1639 salu-

128 1666 310 1735 rasataim
326 1668 414 1736 udae,
445 1669 523 1736 cuod
549 1668 654 1720 mortui
677 1684 734 1721 aaa
758 1668 864 1734 sciant,
896 1666 967 1735 qaid
992 1671 1048 1719 tem
1068 1665 1182 1720 reditus.
1217 1666 1285 1723 Luc.
1309 1672 1347 1730 tu,
1368 1685 1393 1720 r.
1414 1672 1451 1722 26.
1470 1686 1601 1736 mapsam
1620 1669 1734 1723 chasma
1753 1669 1826 1725 inter

129 1759 233 1821 ocatur
256 1754 292 1806 de
308 1753 406 1821 rebem,
427 1770 502 1823 orsus
517 1754 562 1807 istc
580 1754 765 1823 ratimarum.
806 1753 966 1823 Responde·
992 1749 1088 1804 beatos
1101 1755 1131 1806 et
1144 1752 1337 1822 eos,qnisunt
1350 1758 1379 1806 in
1392 1753 1509 1822 inferno,
1526 1756 1668 1818 firmatam
1683 1764 1731 1823 ert,
1746 1756 1824 1822 atti,

129 1855 202 1892 mns:
223 1837 326 1892 Latina
342 1838 439 1903 versio,
461 1855 533 1909 quae
549 1855 600 1909 per
612 1839 757 1895 concilium
770 1838 964 1893 Tridentinnm
992 1837 1043 1903 qui
1054 1837 1150 1890 uoluat
1162 1855 1195 1890 ea
1208 1839 1323 1901 iaferao
1337 1841 1461 1892 transire
1474 1840 1516 1891 ad
1526 1839 1630 1905 beatos,
1643 1857 1698 1893 rica
1709 1845 1827 1912 possint,

129 1923 205 1978 factu
221 1928 265 1978 est
282 1922 437 1979 Pontificiie
456 1925 624 1990 anthentica,
643 1930 773 1980 notanter
792 1925 868 1993 dicit,
887 1926 966 1993 quod
992 1939 1026 1974 ac
1041 1922 1204 1991 aripertus
1220 1925 1332 1990 inferni
1349 1924 1434 1976 semet
1451 1925 1593 1992 inpressas
1611 1933 1666 1995 est,
1685 1942 1827 1998 nunquam

129 2028 184 2063 son
202 2010 322 2064 taceam
338 2019 450 2079 partem
471 2012 500 2063 in
521 2011 573 2064 acc
598 2012 691 2066 secuto
717 2012 866 2079 inopere,
889 2011 967 2079 quaed
992 2021 1025 2059 ex
1046 2023 1079 2061 eo
1100 2007 1278 2077 eluctabitur,
1295 2023 1348 2062 nec
1364 2024 1415 2078 per
1426 2015 1534 2078 portum
1556 2010 1630 2065 vitae
1647 2011 1827 2082 ingredietur,

129 2097 179 2148 aab
196 2096 256 2150 sols
272 2096 391 2165 amiur.
431 2095 507 2167 Ergo
534 2112 590 2149 non
608 2103 651 2151 est
668 2094 881 2151 communicatio
900 2110 964 2165 ope·
992 2091 1059 2161 quia
1084 2093 1184 2147 clasma
1209 2101 1250 2146 est
1271 2095 1377 2162 jaaaa.
1410 2095 1508 2149 Mattb.
1540 2099 1589 2165 25,
1615 2113 1641 2149 v.
1673 2103 1712 2151 10.
1749 2096 1826 2153 Cous.

129 2198 190 2236 nrm
217 2187 246 2236 et
275 2181 471 2253 suffragiorum
497 2182 569 2237 inter
597 2181 721 2237 viventes
750 2189 779 2236 st
809 2179 964 2238 defunctos.
991 2177 1181 2248 Augustinum
1200 2186 1242 2236 99.
1263 2180 1343 2249 epist
1368 2180 1404 2234 ad
1424 2180 1510 2236 Evod.
1536 2181 1584 2235 ubi
1604 2179 1697 2234 multis
1716 2183 1826 2252 probet,

11 2266 64 2312 ινιι.
72 2271 118 2314 ιιι.
129 2267 208 2321 Idem
227 2283 261 2321 ex
286 2268 461 2337 oppositione
486 2268 611 2322 vivorum
637 2283 671 2321 ac
690 2273 859 2322 mortuorum
879 2265 964 2320 facile
990 2281 1091 2318 nomen
1109 2264 1208 2320 inferni
1227 2266 1354 2336 nuspiam
1370 2266 1399 2321 in
1413 2267 1562 2336 Scriptnris
1577 2267 1662 2321 sacris
1680 2267 1709 2321 in
1722 2267 1826 2323 bonnm

11 3568 47 3597 ι·
77 3567 91 3595 ⁰
131 3558 318 3614 conditionem
337 3558 499 3630 degentium
516 3559 546 3613 in
566 3559 674 3615 inferno
692 3558 858 3615 describunt
894 3557 965 3612 Cum
1060 3593 1159 3658 Lama
1172 3592 1232 3644 Da·

19 3671 62 3699 ons
132 3645 205 3699 enim
230 3645 309 3698 εἰιιιιι
326 3644 441 3714 qnidam
460 3645 624 3709 intermisit
640 3646 846 3717 purgatorium,
876 3644 966 3698 itaut

10 3727 29 3803 ζ,
54 3721 79 3803 'ff
131 3731 160 3784 in
179 3748 237 3786 una
249 3731 402 3803 eademque
424 3732 556 3803 voragine
579 3733 770 3803 purgatorium
797 3737 826 3788 et
842 3731 965 3786 infernus

129 2353 302 2424 intelligitur.
336 2353 434 2412 Mattb.
455 2361 479 2421 5,
492 2371 517 2408 v.
531 2359 580 2409 tu:
598 2356 664 2409 Nou
681 2355 768 2408 scida
783 2355 965 2420 meladense
992 2350 1104 2419 accipis

127 2440 301 2510 persolveris
332 2447 482 2494 emremum
511 2443 706 2510 quadrantem.
745 2457 771 2500 e.
801 2445 847 2505 25,
879 2457 905 2493 r.
934 2444 963 2495 8:
1030 2442 1086 2494 tas.
1125 2443 1149 2493 3.
1168 2436 1363 2508 Purgatorium
1378 2442 1486 2507 pugnat
1509 2453 1573 2493 cum
1592 2439 1661 2503 fidei
1678 2440 1857 2510 analogia&
1871 2449 1959 2497 Pugna

128 2525 241 2578 Fatuae
258 2525 383 2594 cispiaco
408 2527 505 2579 diasat
528 2526 716 2594 sapientibus,
743 2528 809 2579 date
829 2525 910 2580 uobis
928 2527 973 2578 de·
990 2524 1057 2594 quia
1075 2522 1229 2594 complures
1250 2523 1316 2578 fidei
1346 2524 1477 2578 articulos
1494 2524 1660 2590 labefactat,
1681 2532 1778 2595 utpote
1799 2533 1821 2584 l.
1837 2501 1954 2600 libell&

128 2611 191 2664 aleo
213 2619 320 2679 cuma,
346 2610 415 2680 quia
441 2610 590 2681 lampadae
612 2620 727 2666 scarae
744 2614 965 2681 maiapauutur,
990 2610 1142 2663 articula-m
1160 2612 1196 2663 de
1216 2612 1274 2663 Dei
1291 2612 1498 2664 misericordia.
1541 2612 1583 2665 Ea
1609 2612 1682 2667 enim
1702 2613 1732 2665 in
1751 2611 1824 2668 Scri·
1837 2600 1934 2694 fflffi

129 2697 176 2751 sed
196 2714 221 2751 v.
238 2703 263 2753 a.
283 2698 433 2767 prudentes
453 2699 638 2769 respondent,
657 2714 692 2752 ae
711 2700 788 2764 forte
806 2717 863 2751 aaa
881 2700 963 2767 saffi-
989 2696 1077 2765 pturis
1096 2696 1182 2750 sacris
1199 2696 1279 2749 nobis
1297 2697 1338 2750 sic
1356 2698 1539 2766 describitur,
1558 2698 1631 2769 quod
1652 2699 1688 2752 eit
1707 2699 1825 2768 sincera,
1837 2704 1866 2744 ⁴¹⁰
1881 2705 1924 2746 aa

128 2783 187 2835 ciat
204 2784 282 2837 stabas
302 2793 329 2837 et
344 2785 430 2840 oeta.
460 2784 545 2840 Marc.
565 2790 590 2854 3,
609 2804 635 2842 v.
648 2790 695 2841 29:
717 2784 772 2846 Qui
790 2785 963 2854 blaspbema-
990 2782 1062 2836 seria
1081 2788 1109 2836 et
1134 2781 1273 2853 perfecta,
1303 2782 1344 2837 ita
1367 2788 1398 2836 ut
1419 2799 1469 2853 per
1494 2801 1527 2838 ac
1550 2791 1663 2854 propter
1682 2802 1742 2839 eam
1761 2802 1825 2840 vere
1838 2757 1929 2855 xiiij

129 2870 199 2922 uerit
211 2870 242 2923 ia
261 2870 400 2942 Spiritum
418 2878 551 2936 eoactum,
569 2889 625 2925 aoa
643 2872 754 2925 babebit
771 2871 963 2925 remissionem
990 2867 1195 2938 poenitentibus
1212 2869 1368 2922 remittatur
1388 2885 1443 2922 non
1461 2869 1549 2923 solam
1568 2870 1659 2940 culpa,
1678 2871 1825 2925 sedetiam

128 2956 159 3009 ia
175 2964 327 3010 auersum.
369 2956 412 3010 Ex
435 2957 537 3026 quibus
562 2957 604 3011 sie
624 2957 782 3014 inferimus:
809 2957 839 3012 si
864 2957 964 3011 mortni
990 2970 1093 3023 poena,
1123 2953 1152 3007 id
1176 2956 1251 3025 quod
1271 2962 1379 3009 constat
1398 2971 1431 3010 ex
1452 2955 1585 3026 parabola
1604 2956 1706 3010 Claieti
1724 2957 1824 3011 Mettis.

128 3058 183 3096 non
202 3045 320 3112 possunt
339 3041 432 3112 juvari
451 3040 593 3113 suffragiis
617 3043 756 3109 virorum,
782 3042 887 3097 frustra
905 3041 962 3097 ani·
993 3045 1038 3110 18,
1067 3057 1093 3092 v.
1114 3044 1155 3095 m.
1188 3039 1234 3094 nbi
1266 3057 1345 3095 servo
1370 3040 1488 3095 debitori
1512 3058 1566 3095 non
1591 3043 1679 3095 solum
1697 3042 1823 3097 debitum

128 3127 227 3181 mabus
262 3127 293 3181 in
325 3127 487 3198 purgatorio
520 3127 685 3183 sudantibus
714 3146 776 3200 spes
808 3129 907 3184 veniae
936 3133 964 3183 et
990 3125 1117 3191 donatur,
1132 3126 1278 3181 sedetiam
1292 3142 1381 3197 poena
1395 3126 1674 3182 carcerisrelaratur.
1702 3127 1821 3198 Prosper

129 3213 227 3268 mlutis
258 3214 417 3268 avivorum
443 3214 547 3269 meritis
570 3216 774 3286 exspectandae
791 3215 964 3287 proponitur.
992 3213 1021 3266 in
1043 3219 1173 3268 sentent:

130 3297 186 3354 Sed
202 3317 297 3354 verum
310 3300 396 3370 prius.
416 3300 491 3371 Ergo
504 3304 533 3355 et
542 3301 687 3371 posterius.
712 3300 790 3366 Quae
798 3301 965 3372 proadstru-
1060 3300 1107 3352 Eu
1125 3306 1183 3354 toto
1196 3299 1306 3352 ueniam
1321 3299 1440 3352 dubitet
1456 3316 1512 3352 aaa
1525 3299 1696 3356 dimidiabit.

129 3384 356 3458 0¹1d5⁸³¹¹fffflssll⁸
364 3384 526 3456 “ffefflflimr
535 3404 586 3442 ⁸¹¹⁰
595 3387 656 3442 ¹0⁰⁰
664 3388 965 3459 Ρθῦῗθθθψθῦᾱθῦωῐ·
991 3403 1024 3456 In
1045 3402 1186 3457 veteribus
1212 3402 1366 3457 canonibus
1393 3408 1422 3457 et
1438 3401 1538 3473 glossis
1555 3403 1687 3458 recitatur
1703 3403 1750 3458 bic
1768 3420 1827 3458 ver·

53 3517 69 3545 x
170 3477 224 3530 tsi.
260 3477 286 3530 9.
298 3472 429 3544 Denique
449 3490 511 3527 cnm
530 3473 584 3528 illis
604 3473 764 3544 Scripturas
783 3473 873 3543 dictis,
894 3487 966 3544 quae
991 3488 1109 3543 ,icum

1241 3591 1338 3659 pietas
1354 3591 1464 3644 oesiam
1481 3610 1537 3645 aaa
1554 3593 1724 3647 dimidiabit.

992 3695 1082 3750 Gloss.
1102 3711 1124 3749 c.
1143 3692 1301 3748 sceleratior
1320 3693 1383 3749 dist
1405 3698 1430 3748 3.
1444 3693 1481 3748 de
1500 3695 1609 3764 poenit:

130 3822 283 3886 statuatur,
310 3819 373 3872 ideo
391 3817 427 3872 ad
445 3818 552 3873 animas
572 3819 601 3872 in
624 3817 787 3889 purgatorio
805 3822 963 3872 aestuantes
1060 3799 1118 3851 Μ
1135 3797 1218 3860 aaa,
1237 3791 1288 3849 Μ
1304 3803 1390 3850 mum
1409 3804 1434 3851 ¹⁶
1453 3797 1627 3865 latrtfflm
1646 3799 1732 3855 Mili·

130 3902 229 3956 merito
248 3903 438 3974 applicantur,
462 3921 535 3975 quse
553 3904 588 3958 de
605 3908 681 3959 statu
700 3903 861 3976 degentium
878 3901 907 3955 in
924 3901 964 3955 in·
991 3899 1206 3971 Cbrysostomus
1233 3898 1336 3952 Psalm.
1365 3904 1411 3954 50:
1446 3899 1499 3953 uos·
1529 3900 1758 3970 misericordiae,
1788 3902 1829 3954 ibi

129 3987 208 4042 terno
229 3986 373 4059 Scriptura
391 3990 541 4060 praedicat
580 3990 682 4045 Psalm
703 3994 734 4054 6,
753 4007 779 4044 v.
798 3995 829 4045 6:
849 3990 915 4043 Noa
935 3988 965 4041 ia
988 4002 1098 4057 poenae
1115 3987 1193 4041 aaa
1210 4003 1266 4039 aaa
1290 3994 1337 4040 est.
1382 3985 1459 4049 Quae
1477 3987 1549 4038 caim
1567 3987 1635 4040 baec
1651 3986 1962 4051 soretmise·¹V¹1·²⁸³·

128 4082 216 4128 morto
231 4077 368 4129 memoria
377 4076 429 4145 tui,
446 4076 477 4129 ia
495 4076 611 4146 informo
626 4076 689 4144 quis
705 4075 880 4140 confitebitur
891 4073 944 4126 tibi
951 4074 965 4126 i
991 4073 1134 4141 ricordia,
1161 4074 1189 4126 ei
1208 4075 1287 4126 Deae
1304 4072 1417 4140 cuipam
1442 4072 1553 4141 quietem
1573 4073 1736 4136 remitteret,
1757 4091 1826 4143 poe·

129 4158 231 4215 Glossa
261 4160 352 4215 ordin.
384 4160 414 4216 in
444 4169 532 4218 morte
563 4169 638 4217 reete
672 4161 872 4232 interpretatur
900 4167 965 4230 post
992 4178 1059 4214 uam
1087 4167 1196 4227 autem,
1217 4159 1262 4212 oei
1279 4166 1352 4212 certe
1376 4166 1490 4227 partem
1504 4174 1616 4229 poenae
1641 4159 1829 4228 irrependum

129 4254 258 4316 morum,
277 4246 346 4317 quia
362 4246 487 4319 loquitur
504 4248 608 4320 psaltes
629 4248 664 4303 de
683 4253 758 4302 statu
776 4263 887 4313 eorum,
917 4245 965 4317 qui
992 4248 1049 4301 riti
1063 4248 1157 4300 adam
1180 4246 1358 4300 reseruarett
1400 4244 1456 4299 Pro
1487 4260 1542 4314 quo
1567 4243 1659 4299 adbuc
1684 4244 1728 4298 vel
1749 4245 1826 4299 satis·

108 4323 194 4402 'post
219 4339 337 4388 mortem
367 4333 397 4386 in
419 4334 557 4390 infernam
583 4333 770 4401 descendunt,
799 4332 860 4388 illos
880 4336 966 4403 negat
992 4334 1077 4389 faedo
1096 4332 1217 4404 exigitur
1242 4331 1287 4385 vel
1314 4346 1405 4401 poena
1426 4330 1575 4401 infligitur,
1603 4329 1672 4384 illud
1705 4331 1829 4386 nondum

132 4420 194 4472 Dea
220 4420 360 4484 cossiart,
382 4420 413 4474 id
436 4427 479 4476 est
494 4420 585 4477 Deum
609 4420 725 4475 laudare
754 4426 782 4475 et
801 4418 965 4490 glorificare.
993 4420 1075 4490 plene
1092 4435 1126 4473 ac
1145 4422 1266 4489 perfecte
1285 4417 1435 4471 remissum.
1471 4415 1517 4470 Sic
1529 4415 1658 4485 creditor,
1676 4417 1724 4488 qui
1744 4432 1762 4470 a
1781 4417 1829 4472 de-

130 4505 218 4576 Atqui
236 4503 259 4557 si
278 4504 307 4559 in
325 4505 522 4562 infernonnlla
541 4514 583 4564 est
596 4505 649 4562 Dei
667 4506 806 4573 memoria,
825 4504 965 4576 quomodo
992 4506 1082 4561 bitore
1110 4521 1159 4559 suo
1182 4503 1399 4558 satisfactionem
1418 4503 1462 4557 rel
1482 4519 1515 4555 ex
1539 4507 1613 4570 toto,
1639 4503 1681 4557 vel
1700 4520 1733 4558 ex
1751 4510 1830 4574 parte

130 4592 159 4644 in
187 4590 347 4662 purgatorio
379 4589 525 4663 finguntur
553 4608 613 4648 esse
643 4593 752 4647 ammae
781 4590 906 4645 fidebam
932 4606 966 4643 sc
992 4592 1130 4662 postulat,
1153 4607 1209 4643 non
1229 4594 1320 4660 potest
1339 4588 1393 4642 dici
1413 4593 1499 4642 totum
1517 4587 1603 4643 debiti
1624 4605 1759 4642 summam
1780 4589 1829 4642 mi-

130 4675 183 4731 Dei
200 4674 329 4743 liliorum,
347 4675 413 4745 tide,
433 4694 483 4748 spe
499 4678 656 4733 etcaritate
668 4683 783 4733 ornatae
796 4693 830 4731 ac
849 4675 966 4748 proinde
992 4694 1053 4733 sero
1080 4675 1200 4730 debitori
1225 4675 1403 4730 condonasse.
1445 4674 1511 4728 dam
1534 4691 1599 4728 vero
1619 4672 1698 4730 Deus
1712 4691 1746 4730 ex
1764 4691 1830 4747 gra-

129 4762 214 4816 etiam
231 4762 322 4817 Dsam
340 4761 548 4834 glorificantes?
587 4765 691 4820 Psalm.
710 4770 752 4832 49,
773 4783 799 4824 r.
821 4770 864 4820 15:
886 4763 967 4817 Sicut
992 4763 1066 4818 tuita
1092 4760 1281 4816 misericordia
1304 4767 1418 4830 propter
1443 4758 1595 4829 perfectam
1621 4759 1723 4815 Christi
1750 4760 1829 4815 eatis·

125 4865 235 4917 pecora
260 4848 290 4902 ia
317 4850 432 4914 inferno
459 4859 615 4918 pausatur,
648 4870 725 4906 mors
755 4854 888 4922 depascet
912 4867 964 4904 eos.
991 4849 1143 4905 factionem
1168 4852 1347 4918 peccatorum
1373 4845 1469 4900 debita
1492 4861 1556 4901 rere
1575 4846 1781 4916 poenitentibus
1800 4852 1831 4901 et

130 4935 274 5006 Quotquot
309 4934 397 5007 igitur
429 4935 460 4988 in
488 4935 626 4992 infernum
656 4938 846 5007 descendunt,
884 4934 966 4991 morti
991 4937 1020 4991 in
1038 4934 1179 4990 Christum
1198 4930 1376 4987 credentibus
1401 4931 1482 5001 plene
1502 4948 1536 4985 sc
1552 4931 1677 5002 perfecte
1704 4932 1827 4986 remittit

131 5028 260 5075 aeternae
284 5027 351 5075 sant
373 5029 402 5077 et
426 5029 541 5076 manent
564 5022 691 5092 obnoxii,
712 5040 765 5079 nee
788 5039 912 5093 unquam
929 5022 965 5076 ad
991 5021 1067 5093 Ergo
1087 5037 1138 5075 nec
1152 5017 1369 5072 satisfactionem
1388 5016 1425 5072 ab
1446 5016 1500 5071 illis
1520 5018 1615 5089 exigit,
1635 5034 1687 5072 nec
1707 5032 1826 5088 poenam

130 5107 216 5161 vitam
234 5105 349 5162 eluctari
367 5115 490 5179 merant
529 5106 604 5164 Ecct
622 5113 654 5178 9,
681 5125 707 5164 r.
731 5115 776 5165 10:
802 5108 868 5162 Noa
887 5126 965 5178 opus,
993 5107 1132 5181 quendam
1159 5105 1228 5177 ipsis
1258 5103 1369 5175 infligit
1427 5104 1508 5160 Conf.
1540 5110 1620 5160 tract.
1653 5105 1689 5158 de
1722 5104 1828 5173 poenit.

130 5211 180 5246 aec
197 5193 288 5259 ratio,
314 5211 366 5247 aec
382 5193 539 5265 sapientia,
558 5207 608 5246 aee
626 5194 746 5247 scientia
768 5202 809 5247 est
826 5195 906 5263 apud
923 5194 965 5246 ia·
993 5191 1021 5267 ξ
1042 5200 1099 5250 121.
1144 5195 1171 5245 2.
1196 5190 1356 5245 Articulum
1379 5192 1415 5243 de
1440 5191 1499 5244 Dei
1516 5191 1643 5259 justitia.
1687 5189 1729 5244 Ea
1754 5189 1931 5244 enimtcum

128 5285 219 5347 teras,
237 5299 292 5351 quo
310 5289 340 5335 ta
353 5298 505 5350 properas.
540 5277 594 5334 Hic
613 5280 690 5334 locus
706 5286 779 5336 teste
798 5280 966 5336 Bellarmino
992 5300 1047 5337 non
1074 5277 1223 5350 permittit,
1252 5283 1285 5330 ut
1312 5276 1427 5331 remissa
1456 5276 1540 5346 culpa
1569 5274 1661 5330 adhuc
1690 5274 1828 5346 irrogetur
1840 5250 1938 5341 2:⁰32?

57 5429 59 5433 ἲ
130 5367 177 5422 lib.
198 5373 220 5425 2.
244 5367 279 5422 de
302 5368 464 5438 purgatorio
492 5384 516 5422 c.
534 5372 557 5423 2.
581 5382 638 5421 non
657 5366 718 5437 egit
736 5366 771 5423 de
788 5368 903 5432 inferno
923 5368 966 5420 ia·
992 5383 1091 5439 poena.
1129 5365 1207 5419 Inter
1221 5362 1332 5433 culpam
1350 5369 1379 5417 et
1399 5378 1517 5434 poenam
1536 5369 1579 5417 est
1594 5367 1730 5432 perpetua
1743 5351 1935 5433 ,maurotus
1975 5405 1979 5411 .

129 5456 250 5521 feriore,
272 5455 324 5508 ced
346 5455 382 5506 de
405 5454 521 5519 inferas
537 5454 568 5508 ia
587 5468 704 5521 amere,
724 5460 755 5507 ut
771 5453 966 5522 complectitur
993 5453 1057 5508 dam
1077 5451 1184 5514 relatio,
1204 5448 1278 5504 unde
1290 5448 1434 5520 Scriptura
1451 5464 1532 5504 sacra
1549 5464 1600 5519 per
1618 5463 1704 5502 unum
1717 5448 1830 5517 peccati

182 5547 287 5592 usura
300 5546 350 5589 aa.
368 5545 426 5588 vm
1457 5556 1488 5615 ¹0
