4104 6014
256 209 317 269 pp
835 196 958 256 nocue
975 193 1179 256 vionsluus
1198 198 1345 255 sexrue

254 356 338 409 deam
362 361 389 407 et
417 351 555 421 solidam,
583 352 666 421 eripit
694 353 807 407 dmum
821 368 909 411 more
928 367 1090 422 pauperum
1120 365 1224 407 sacrae.
1259 352 1315 408 Sed
1331 352 1377 407 hic
1401 352 1479 409 locus
1498 353 1667 425 apostolicus
1684 353 1779 410 maltis
1802 353 1957 410 omunia·

253 440 423 494 manorum
443 455 476 492 ea
504 437 649 492 assuitus
671 445 698 490 et
719 437 863 509 stipitibus
886 454 1001 506 eamque
1024 437 1093 504 tepit
1117 435 1194 492 tibus
1211 454 1246 493 sc
1264 436 1475 494 difficultatibus
1495 439 1695 511 circmseptus
1714 447 1765 496 est.
1803 440 1881 512 Ergo
1898 456 1956 495 non

252 526 340 590 foeno
360 533 386 580 et
403 525 524 595 simula
554 525 618 578 Hac
629 525 728 593 posita
738 524 925 579 similitudine
938 525 1091 592 finpamas,
1117 528 1210 593 potent
1226 524 1427 596 esse-genuine
1451 528 1480 580 et
1505 527 1619 596 proprie
1645 527 1726 583 sedes
1755 526 1896 599 domas
1920 526 1956 580 de

255 613 367 682 utrique
387 612 485 665 domm
506 611 639 665 adsilui
654 611 764 680 ipnem,
789 609 943 664 valebimus
963 609 1091 677 priorem
1116 611 1286 679 purgatorio.
1335 610 1499 665 Assumtum
1533 611 1668 682 probatur
1704 617 1764 666 tum
1799 629 1832 668 ex
1861 611 1956 668 vorbis

254 698 327 753 nihil
341 699 455 767 penitas
472 697 567 763 laedi,
591 705 618 750 et
637 698 665 750 si
683 696 852 750 architectus
871 695 946 749 intas
958 697 1090 765 sortasse
1116 694 1268 765 Augustini
1287 694 1335 750 lib.
1354 695 1389 750 de
1413 694 1461 755 lid.
1487 703 1516 751 et
1534 696 1640 766 operib.
1671 714 1695 752 o.
1719 704 1766 753 15:
1792 697 1956 766 Dilipenter

254 783 305 853 sit,
333 784 465 839 similiter
492 782 564 837 nihd
588 783 661 852 pati.
706 783 748 836 At
768 782 957 851 posteriorem
979 783 1091 835 domm
1117 789 1226 848 oportet
1256 783 1418 850 attendere,
1448 786 1586 851 quornedo
1621 785 1791 854 accipienda
1828 785 1866 838 sit
1899 784 1955 838 aa

253 870 410 924 uidebimus
434 869 566 923 condiano
590 868 682 937 ipnem
709 868 855 935 concipere
879 874 905 920 et
928 867 1004 920 brem
1026 874 1091 918 tem·
1116 867 1239 934 apostoli
1264 868 1357 921 Pauli
1384 869 1523 923 sententia
1550 869 1641 944 plone
1667 872 1709 923 ad
1735 871 1950 941 intellipsndam

249 971 323 1025 pore
341 961 429 1009 totam
443 953 585 1019 consumi,
614 960 640 1007 et
658 953 686 1006 si
712 953 880 1006 architectus
905 952 981 1005 intres
1008 952 1091 1004 citet
1117 951 1262 1016 difficilis,
1290 954 1340 1006 uhi
1365 955 1423 1023 cit,
1452 954 1480 1006 si
1505 955 1569 1023 quis
1594 963 1687 1009 aedem
1705 956 1842 1023 aedificat
1867 972 1954 1026 super

253 1040 321 1094 nelit
334 1041 430 1093 salmes
448 1040 563 1108 epredi,
581 1038 749 1105 uidebimus,
765 1054 827 1090 enm
841 1038 917 1091 scire
935 1054 992 1091 non
1006 1053 1090 1106 posse
1113 1038 1331 1101 fundamentum
1357 1039 1427 1108 hoc,·
1458 1045 1487 1093 et
1517 1039 1603 1110 paulo
1630 1046 1694 1110 post
1720 1046 1849 1095 numerat
1879 1040 1954 1095 hunc

253 1127 312 1180 nisi
324 1142 378 1197 per
397 1125 498 1195 ipnem,
516 1124 547 1177 in
567 1141 621 1193 qao
641 1124 766 1177 transitu
785 1140 841 1176 non
860 1123 972 1190 quidem
990 1123 1090 1174 morie·
1116 1122 1207 1176 locum
1231 1123 1305 1177 inter
1327 1141 1375 1193 ee,
1404 1126 1441 1178 de
1466 1126 1566 1193 quihus
1590 1125 1694 1180 Petras
1721 1126 1806 1191 dcet,
1835 1142 1897 1180 esse
1923 1127 1954 1179 in

253 1218 314 1280 tur,
347 1213 399 1263 sed
426 1218 519 1264 tamen
545 1210 633 1263 harha
657 1217 683 1262 et
706 1208 810 1277 capilli
831 1225 888 1262 non
912 1209 1090 1275 cpredientur
1116 1209 1231 1276 scriptis
1250 1208 1341 1263 Pauli
1366 1212 1508 1278 quaedam
1533 1211 1677 1264 intellecta
1695 1211 1842 1275 difficilia
1865 1227 1890 1265 c.
1914 1216 1952 1266 il.

253 1296 319 1350 hinc
336 1296 500 1361 incolumes,
523 1296 581 1349 nisi
601 1297 728 1360 fortasse
742 1295 799 1362 fiat
816 1293 984 1346 miraculum
1004 1294 1090 1346 trium
1115 1293 1190 1358 dicit,
1208 1311 1238 1348 se
1255 1296 1341 1348 malle
1360 1296 1436 1349 alios
1453 1297 1686 1365 intellipentiores
1705 1306 1788 1366 atque
1809 1297 1952 1352 doctimoe

249 1398 411 1450 puerorum,
432 1382 482 1451 qui
499 1383 529 1434 in
542 1384 667 1450 fornace
679 1379 857 1448 Balplonicu
877 1395 933 1431 non
951 1379 1089 1431 combure·
1115 1380 1151 1433 de
1177 1381 1238 1448 ejas
1261 1382 1448 1448 explicatione
1482 1384 1602 1447 audire,·
1631 1388 1691 1436 tum
1724 1399 1758 1437 ex
1779 1383 1953 1438 confessione

254 1468 363 1524 hanmr.
413 1466 446 1520 ln
473 1466 655 1538 explicatione
683 1471 775 1520 textus
802 1471 824 1520 t.
847 1482 898 1533 per
924 1465 1090 1518 architector
1115 1464 1202 1535 ipsius
1224 1467 1399 1535 Bellarmini,
1438 1476 1519 1537 neta,
1543 1468 1647 1538 inquit,
1674 1470 1766 1522 meam
1792 1471 1875 1522 istam
1892 1485 1952 1523 esse

254 1550 516 1622 superaedificantes
541 1557 623 1623 putat
645 1551 765 1622 intelligi
791 1567 873 1621 posse
898 1567 992 1603 omnes
1012 1551 1088 1603 Chri-
1115 1568 1245 1604 anamea
1257 1554 1458 1622 difficillimie;
1476 1561 1536 1608 tum
1549 1569 1581 1608 ex
1596 1553 1816 1610 consideratione
1828 1554 1952 1608 omnium

252 1638 369 1707 suanos,
386 1638 496 1693 interim
514 1644 608 1692 tamen
628 1635 717 1707 magis
737 1635 873 1690 literalem
891 1636 1088 1707 expositionem
1115 1636 1300 1691 membrorum
1330 1638 1359 1691 in
1382 1638 1480 1705 specie.
1527 1638 1574 1694 Sic
1592 1640 1666 1695 enim
1683 1639 1868 1694 Bellarminus
1888 1639 1952 1693 sno

254 1739 392 1794 esseque
409 1740 460 1794 per
478 1721 642 1776 architectos
660 1740 717 1777 non
735 1721 789 1775 nisi
810 1723 939 1775 doctores
963 1729 989 1774 et
1002 1736 1088 1790 prae·
1112 1721 1221 1794 jungit:
1242 1722 1369 1793 Quinque
1383 1733 1448 1778 sant
1462 1725 1547 1793 hujus
1560 1726 1820 1792 locidifficahates.
1849 1726 1952 1778 Pmma

255 1809 399 1863 dicatores
428 1807 568 1876 evanpelii
599 1807 800 1878 intelliguntur.
848 1813 873 1864 2.
897 1807 953 1861 Per
981 1808 1089 1872 funchs·
1116 1810 1186 1877 quid
1227 1810 1405 1879 intellipatur
1444 1827 1501 1878 per
1543 1812 1707 1865 architectos
1713 1831 1724 1878 ,·
1768 1811 1953 1879 Aupustinas,

255 1903 376 1948 mentam
389 1891 673 1965 intelligitOhristam
693 1893 826 1962 oprimis
839 1894 1090 1961 praedicatoribus
1116 1893 1344 1965 Chrpeostomus,
1374 1898 1580 1965 Theodoretus,
1608 1898 1833 1966 Theophplactus
1851 1905 1879 1951 et
1900 1898 1953 1950 Oe·

256 1981 468 2043 annuntiatam,
494 1979 590 2050 quales
614 1984 694 2034 erant
717 1977 844 2049 apostoli.
879 1977 997 2034 Nomine
1016 1979 1091 2041 auri,
1116 1982 1259 2035 eumenius
1278 1991 1395 2050 cessent,
1413 2000 1505 2036 omnes
1519 1984 1698 2038 Christianos
1711 1984 1756 2037 hic
1773 1983 1810 2036 ab
1823 1983 1954 2052 apostolo

256 2067 376 2136 arpenti,
384 2065 514 2134 lapidum
519 2066 711 2132 pretiosorum
718 2063 870 2118 doctrinam
880 2064 975 2118 utilem
981 2071 1010 2119 et
1018 2063 1090 2119 salu-
1116 2068 1177 2120 dici
1193 2068 1377 2136 architectos,·
1396 2070 1594 2137 Hieronymus,
1611 2069 1789 2136 Ambrosius,
1809 2068 1953 2134 Sedulhoe,

255 2159 344 2207 mem
356 2151 473 2205 aliorum
484 2150 717 2221 praedicatorum,
733 2151 781 2220 qui
794 2166 841 2205 eos
855 2150 964 2215 docent,
976 2149 1024 2220 qui
1030 2150 1089 2219 jam
1116 2153 1294 2215 Anchelmas,
1317 2155 1448 2219 Thomas,
1466 2156 1623 2222 Dionysiae
1637 2155 1851 2218 Carthsaianas,
1863 2156 1955 2220 Ipsa·

255 2237 337 2293 iidem
349 2237 727 2307 receperuntetdooentnon
740 2235 994 2301 solumverbo,sed
1007 2235 1090 2290 edam
1116 2256 1181 2303 aas,
1213 2240 1368 2307 Caietcnas
1399 2248 1426 2292 et
1451 2241 1507 2294 alii
1527 2241 1603 2294 solos
1628 2241 1768 2310 eranpdii
1787 2256 1954 2308 praecones.

255 2324 389 2395 exemplo.
421 2323 538 2379 Nomine
558 2323 641 2393 lipni,
666 2325 747 2391 foeni
766 2339 801 2377 ac
818 2323 942 2392 stipulae
960 2321 1092 2392 iutelligit
1116 2325 1216 2379 Altera
1229 2325 1391 2392 difficultas
1410 2333 1449 2378 est
1466 2327 1600 2394 pravior,
1616 2327 1687 2394 quid
1706 2326 1884 2395 intellipatar
1901 2343 1955 2394 per

254 2410 409 2466 docuinam
428 2426 483 2464 non
506 2408 619 2480 quidem
644 2408 811 2464 haereticam
833 2408 878 2463 vel
901 2407 1016 2476 malem,
1041 2407 1090 2462 sed
1115 2411 1350 2477 fundamentum,
1368 2430 1484 2479 amum,
1501 2420 1660 2480 arpentum,
1675 2411 1790 2481 lapides
1804 2413 1956 2482 pretiosos,

253 2504 347 2553 nmen
374 2495 526 2563 curiosam,
562 2493 704 2562 inutilem,
735 2510 969 2564 supervacaneam
995 2509 1089 2547 eorum
1116 2497 1211 2565 tipna,
1234 2498 1351 2562 foenum
1371 2505 1397 2550 et
1414 2498 1543 2567 stipulas.
1580 2498 1627 2551 De
1644 2513 1677 2551 eo
1696 2490 1745 2550 s'ea
1763 2504 1830 2551 sant
1847 2505 1957 2552 senun-

253 2581 484 2654 praedioatorum.
505 2580 554 2651 qui
566 2580 603 2635 sd
618 2580 792 2635 catholicum
808 2579 941 2651 populum
955 2578 1089 2634 catholice
1116 2583 1181 2638 tiae.
1222 2583 1436 2650 chrysostomus
1461 2592 1489 2637 et
1519 2584 1743 2652 Theephplactus
1759 2585 1872 2638 nomine
1883 2585 1957 2652 fun·

254 2669 460 2727 concionantur.
479 2667 528 2722 sed
539 2666 646 2737 absque
663 2683 697 2720 eo
710 2667 804 2722 fructu
818 2673 847 2720 et
857 2665 986 2728 utilitate,
1006 2681 1089 2735 quum
1117 2669 1243 2722 dementi
1273 2668 1433 2738 intellipant
1463 2671 1547 2733 fidae
1565 2686 1674 2733 traam,
1704 2670 1756 2722 sed
1786 2669 1955 2737 informem,-

254 2754 333 2809 Deun
350 2753 475 2825 requirit,
496 2753 537 2807 ita
553 2761 659 2807 utnon
679 2752 768 2807 solum
788 2751 847 2806 sine
864 2767 966 2822 magno
983 2749 1090 2817 merito,
1115 2755 1225 2808 nomine
1242 2754 1310 2807 ascri
1323 2757 1448 2824 arpenti,
1473 2754 1605 2823 lapidum
1628 2756 1835 2823 pretiosorum,
1866 2772 1956 2823 opera

254 2839 407 2896 sedetiam
432 2856 488 2894 non
511 2839 571 2894 sine
595 2838 720 2910 peccatis
745 2836 900 2892 venialibus
925 2836 1088 2890 concionen-
1116 2840 1197 2907 bana,
1209 2840 1321 2893 nemine
1335 2842 1414 2909 lipni,
1429 2842 1518 2905 foeni,
1537 2841 1659 2910 stipulae
1674 2849 1792 2910 peccata
1808 2841 1953 2895 nsortalia.

254 2933 307 2983 tur.
341 2931 365 2982 ³.
378 2925 432 2989 Per
450 2927 527 2980 diem
539 2925 660 2979 Domini
676 2923 844 2978 revelantem
865 2940 899 2976 ac
911 2921 1088 2976 manifestan-
1115 2925 1282 2979 Ambrosias
1300 2926 1531 2994 etHieronpmus
1548 2928 1659 2980 nomine
1675 2928 1856 2989 fundamenti
1873 2927 1956 2980 intel·

254 3020 310 3069 tem
330 3012 433 3084 accipit
452 3012 525 3068 diem
545 3010 635 3066 ultimi
650 3009 759 3080 judicii.
796 3016 820 3064 4.
841 3007 896 3062 Per
914 3009 1019 3076 ipnem,
1041 3009 1087 3079 qui
1114 3012 1205 3078 lipunt
1224 3011 1367 3064 Christum
1386 3029 1436 3065 seu
1453 3013 1524 3076 fidei
1548 3013 1808 3082 praedicationem,
1842 3013 1954 3067 nemim

253 3101 283 3154 in
302 3099 347 3154 die
366 3097 479 3152 Domini
498 3098 717 3167 uniuscujusque
735 3112 805 3165 opus
823 3094 969 3164 probabit,
990 3093 1088 3148 intelli·
1115 3096 1196 3157 auri,
1226 3097 1352 3164 arpenti,
1394 3097 1525 3165 lapidum
1561 3097 1754 3166 pretiosorum
1795 3098 1954 3152 catholicas

253 3185 377 3258 gendum
400 3200 460 3238 esse
484 3182 582 3236 statuit
610 3182 703 3253 ignem
727 3181 814 3235 severi
841 3188 870 3235 ct
896 3180 967 3250 justi
987 3179 1089 3249 judicii
1115 3181 1318 3250 appositiones,
1337 3183 1448 3235 nomine
1466 3183 1552 3250 lipni,
1570 3184 1657 3252 foeni
1674 3192 1700 3236 et
1724 3183 1861 3254 tepulae,
1884 3185 1954 3251 dop-

253 3271 322 3340 Dei,
344 3270 392 3341 qui
418 3286 472 3323 non
495 3274 539 3324 eni
563 3268 634 3340 ignis
654 3284 776 3339 purgans
800 3267 844 3320 vel
864 3265 1015 3336 'affligam
1040 3265 1088 3318 sed
1116 3275 1190 3320 urata
1219 3268 1371 3322 haeretica.
1423 3269 1600 3337 Aapustinus
1631 3270 1743 3324 nomine
1773 3271 1955 3328 fundamenti

253 3356 374 3426 probans
393 3362 422 3410 et
439 3355 607 3410 examinans.
653 3360 677 3410 5.
696 3352 825 3424 Denique
848 3368 898 3421 per
921 3352 1030 3422 ignem,
1053 3351 1089 3404 de
1115 3352 1247 3421 intellipit
1263 3354 1348 3416 fidem
1367 3355 1466 3421 uiuam,
1484 3355 1594 3408 nornine
1612 3355 1692 3422 auri,
1712 3355 1826 3423 arpenti
1842 3355 1953 3424 etlapi·

254 3459 309 3514 quo
327 3441 436 3510 dicitur,
450 3442 511 3511 ipse
530 3449 622 3494 aedem
638 3440 734 3492 saluas
751 3440 820 3506 eret,
837 3439 878 3490 sic
896 3446 987 3491 tanuen
1007 3437 1091 3505 pari
1116 3440 1182 3493 dam
1204 3437 1396 3506 pretiosorum
1427 3456 1516 3508 opera
1539 3441 1814 3509 supererepationis,·
1840 3443 1953 3496 nomine

249 3547 304 3598 per
322 3529 428 3596 ipnem,
453 3526 585 3597 intelligit
613 3542 731 3596 poenam
758 3524 880 3595 aliquam
898 3522 1086 3594 purgatorium
1114 3524 1201 3592 lipni,
1230 3525 1312 3588 foeni
1342 3532 1368 3577 et
1391 3524 1513 3594 stipulae
1537 3526 1701 3579 omissiones
1725 3527 1909 3582 consiliorum
1927 3537 1953 3583 et

254 3623 283 3672 et
300 3614 488 3686 temporalem,
509 3613 545 3666 ad
565 3628 648 3684 quam
668 3617 731 3681 post
749 3617 865 3665 mortem
883 3610 1089 3679 adjudicantur,
1116 3612 1247 3679 affectam
1265 3611 1405 3678 quendam
1425 3611 1570 3664 carnalem
1595 3613 1636 3664 ad
1660 3613 1732 3665 bona
1751 3612 1837 3679 hujus
1854 3615 1954 3668 mundi

254 3702 302 3772 qui
332 3702 361 3755 iu
384 3698 493 3769 Judicio
522 3697 683 3768 particulari
713 3696 891 3751 inveniuntur
927 3696 1090 3750 aedificasse
1116 3697 1224 3750 luitum
1244 3697 1365 3763 quidem,
1387 3698 1438 3749 scd
1458 3697 1509 3764 qui
1527 3696 1653 3750 dolorem
1673 3697 1783 3763 adfert,
1801 3715 1863 3750 cum
1881 3699 1953 3752 hona

253 3786 375 3858 lignum,
397 3783 508 3838 foenum
528 3789 578 3837 aut
598 3782 744 3852 stipulum,
770 3781 798 3834 id
817 3788 859 3836 est
875 3788 906 3835 nt
924 3798 979 3834 uuo
998 3780 1089 3834 dicam
1116 3783 1172 3836 illa
1201 3782 1373 3837 arrrrttuatar.
1425 3780 1583 3851 Greporius
1615 3791 1642 3835 et
1672 3783 1727 3837 alii
1752 3799 1807 3852 per
1841 3802 1953 3853 aarum

252 3871 347 3941 verbo,
364 3868 564 3941 purgatorium.
1116 3874 1262 3935 arpentum
1292 3876 1341 3923 ctc.
1375 3868 1447 3922 bona
1481 3884 1587 3938 opera,·
1619 3886 1674 3938 per
1704 3869 1856 3938 stepuhsm,
1888 3872 1952 3935 fce-

289 3962 349 4013 254.
382 3955 606 4027 Respondemus:
634 3958 656 4008 1.
671 3952 714 4008 Ex
739 3953 806 4009 locis
829 3952 991 4024 Scripturas
1019 3955 1088 4027 ligu-
1116 3972 1181 4007 num
1200 3962 1249 4009 etc.
1268 3960 1388 4024 peccata
1414 3953 1540 4007 venialia
1562 3955 1714 4024 accipiunt.
1758 3955 1962 4015 Thmdoretas.

255 4043 322 4099 rutis
344 4059 378 4097 ac
400 4040 596 4113 metaphoricis
623 4057 679 4095 non
698 4047 815 4111 possunt
837 4040 867 4094 in
884 4040 1007 4096 articulis
1025 4041 1089 4098 fidei
1116 4048 1142 4094 et
1163 4040 1346 4093 Oecumenius
1358 4056 1413 4109 per
1433 4057 1546 4107 aarum,
1572 4048 1718 4108 arpentum
1736 4040 1822 4094 honos
1839 4044 1953 4096 auda-

255 4129 312 4200 peti
332 4133 496 4199 argumenta
520 4125 691 4197 apodictica,
710 4126 764 4180 nini
787 4126 849 4197 ipss
875 4125 1018 4196 Scriptura
1035 4145 1089 4182 me·
1116 4144 1176 4188 res,
1187 4143 1241 4195 per
1258 4125 1381 4193 stipulas
1399 4126 1489 4178 malos
1507 4125 1655 4179 auditores
1673 4126 1850 4195 inlellipaai,
1869 4146 1953 4197 qiam

255 4215 402 4287 taphorsm
420 4212 486 4269 alibi
501 4211 575 4268 clare
594 4219 623 4267 et
635 4212 781 4282 perspicue
799 4217 928 4282 exponat.
960 4213 1089 4284 Lyrauru
1116 4211 1315 4282 expositionem
1344 4211 1454 4273 refellit
1488 4212 1737 4277 Ghrpsostomas.'
1767 4212 1953 4269 Bellarminiu

255 4301 284 4355 in
299 4317 360 4371 cap.
385 4307 406 4356 l.
431 4298 531 4355 Heba:
558 4299 637 4352 Licet
657 4299 808 4370 Scriptura
836 4299 936 4352 lrabeat
955 4300 1088 4368 nrultipli·
1116 4298 1226 4352 nomine
1252 4298 1436 4362 fursdamcnti
1461 4296 1593 4368 intelligit
1629 4297 1770 4351 Christum
1801 4316 1820 4351 a
1848 4299 1954 4366 primis
2026 4339 2030 4343 ,

256 4405 313 4440 cem
331 4404 455 4451 emerim,
481 4403 537 4439 non
559 4391 651 4437 tamen
668 4384 750 4437 hahet
768 4384 873 4449 efficat
896 4378 1088 4453 arpumentarn
1113 4383 1362 4452 praedicatoribus
1385 4384 1596 4451 arenantiatam,·
1615 4385 1726 4436 reornine
1745 4386 1825 4448 auri,
1852 4403 1952 4454 arpen·

255 4474 314 4526 nisi
325 4490 379 4542 per
392 4490 502 4526 sensum
514 4472 664 4538 literalem,
681 4471 750 4539 quia
762 4471 793 4523 in
805 4480 968 4539 arpumento
980 4489 1089 4540 seraper
1117 4472 1140 4522 ti
1157 4477 1205 4523 etc.
1226 4470 1383 4523 doctrinam
1401 4469 1498 4524 utilem
1511 4476 1537 4523 et
1554 4470 1709 4522 edmarum
1727 4471 1851 4524 aliorum
1864 4488 1952 4540 prae·

255 4566 327 4612 esset
358 4559 597 4626 aequiuocationis
632 4557 677 4610 uel
710 4557 934 4625 amphibolopiae
964 4559 1090 4622 fallacia
1117 4557 1289 4619 dicatorum,
1310 4556 1360 4625 qui
1379 4571 1426 4609 eos
1453 4558 1568 4622 docem,
1593 4558 1644 4624 qai
1657 4556 1717 4623 jam
1729 4558 1821 4623 fldem
1840 4573 1951 4627 recepe·

251 4653 372 4713 propter
392 4661 521 4698 emonam
538 4643 782 4712 multiplicitatem.
832 4642 955 4699 Thomas
974 4657 1043 4714 part.
1070 4653 1088 4701 t.
1116 4650 1191 4711 runt,
1209 4650 1236 4695 et
1254 4645 1354 4697 docent
1371 4643 1529 4697 aonsolam
1545 4644 1637 4712 aerbo,
1655 4644 1707 4696 sed
1718 4642 1803 4696 etiam
1818 4645 1951 4713 eaensplo.

255 4747 283 4803 q.
305 4735 327 4785 l.
346 4735 398 4787 nrt.
420 4736 464 4786 10:
485 4731 569 4785 Solius
590 4748 687 4784 sensus
709 4730 835 4784 literulis
854 4737 893 4783 est
912 4741 1088 4799 arpumcnta·
1117 4726 1237 4782 Nomine
1256 4729 1342 4796 lipni,
1368 4730 1490 4798 stipulae
1508 4738 1559 4788 etc.
1580 4730 1738 4783 doctrinam
1759 4748 1815 4782 nou
1833 4731 1952 4785 haereti·

255 4817 336 4872 tirus.
367 4815 550 4870 Bellarminua
568 4817 616 4871 lib.
634 4821 657 4871 3.
676 4816 711 4872 de
729 4816 806 4872 verb.
825 4815 877 4871 Dei
897 4833 921 4870 c.
941 4821 966 4872 3.
986 4813 1014 4887 ,ὅ
1034 4819 1089 4872 Sed
1117 4832 1186 4878 cam,
1204 4817 1256 4867 sed
1272 4825 1364 4868 tamen
1382 4815 1532 4884 msera,
1550 4816 1685 4884 inutilem,
1703 4832 1952 4884 supervacaneam,

255 4909 491 4974 quanquametc.:
510 4900 789 4956 Convenitinternos
803 4902 1029 4969 etadsursarios,
1058 4921 1090 4957 ea
1118 4901 1199 4967 cujus
1229 4908 1323 4954 tamen
1354 4901 1596 4970 interpretationis
1625 4909 1768 4955 auctmem
1792 4920 1827 4955 ac
1853 4905 1953 4957 ducem

255 4990 316 5044 sole
334 5006 417 5042 sensa
441 4988 553 5042 literali
567 4991 628 5057 peti
644 4989 742 5042 debere
765 4997 929 5054 arpamenta
948 4989 1090 5053 efficacia.
1102 4973 1106 5073 i
1117 4987 1252 5040 neminem
1270 5003 1304 5040 err
1319 4988 1487 5055 antiquitate
1501 4988 1633 5042 nominat.
1664 4987 1795 5058 Vosquez
1807 4987 1837 5043 in
1854 4988 1953 5048 Thon.

254 5073 342 5145 Atqm
372 5074 449 5128 locus
476 5072 521 5128 hic
545 5072 715 5143 apostolicus
743 5077 817 5129 totus
844 5079 885 5127 est
904 5072 1040 5144 figuratus
1057 5071 1136 5153 acii.
1157 5079 1178 5128 l.
1197 5072 1268 5141 disp.
1289 5078 1352 5129 147:
1372 5075 1452 5127 Haec
1471 5076 1563 5141 cerba,
1582 5075 1705 5144 lipnam,
1717 5078 1847 5145 foenum,
1865 5079 1954 5146 stipa

256 5158 478 5231 metaphoricus,
510 5159 565 5215 imo
585 5158 760 5230 allegoricus.
806 5158 890 5230 Ergo.
937 5164 961 5214 l.
993 5159 1090 5216 Omnis
1117 5160 1177 5226 lae,
1211 5168 1308 5229 aperte
1338 5161 1500 5228 sipnificant
1532 5171 1648 5230 peccata
1678 5162 1812 5217 venialia.
1849 5163 1954 5219 Saurea

256 5244 322 5300 fidei
340 5245 473 5300 ordeolus
500 5243 586 5301 habet
603 5244 752 5314 munirem
778 5261 812 5300 ae
829 5245 969 5315 proprium
988 5246 1090 5314 sedern
1117 5252 1181 5300 tom
1201 5252 1225 5301 4.
1252 5245 1281 5299 in
1298 5245 1398 5301 'l'honu
1423 5247 1495 5318 disp.
1515 5253 1556 5302 45.
1581 5255 1647 5302 nect
1669 5255 1691 5303 l.
1710 5266 1757 5307 nu.
1778 5255 1825 5304 15:
1852 5250 1955 5320 Aliqui

114 5342 184 5384 xvn.
195 5339 243 5382 m.
257 5330 286 5384 in
304 5348 360 5402 qna
377 5331 469 5386 verbis
484 5329 616 5401 propriis,
635 5329 718 5384 claris
734 5347 768 5385 ac
786 5330 940 5401 perspicuis
958 5332 1089 5401 proponi·
1117 5332 1186 5384 haec
1202 5332 1288 5385 uerba
1304 5333 1482 5400 depereatis
1495 5336 1659 5388 mortalibus
1676 5344 1824 5404 emanant,
1835 5344 1862 5390 et
1880 5336 1955 5391 hanc

256 5424 307 5471 tur.
341 5417 423 5472 Ratio
440 5418 544 5487 pendet
566 5433 599 5470 ex
619 5415 790 5486 perfectione
814 5424 843 5473 et
859 5415 914 5470 line
931 5416 1091 5488 scripturae
1120 5418 1319 5486 aperitionem
1346 5419 1490 5472 roonradlis
1517 5422 1683 5474 testimoniis
1707 5423 1867 5476 l'arrianur
1889 5441 1954 5479 con·
