4104 6014
869 222 922 280 Da
938 222 1079 283 MORTE.
1784 242 1825 299 47

134 380 222 435 culosi
241 381 333 452 operis
356 397 455 437 causas
482 398 516 437 ac
532 380 756 437 circumstantias
773 385 851 436 extra
867 379 968 433 limites
1000 386 1066 435 sunt
1082 381 1229 439 luminaria
1246 383 1427 455 microcosmi,
1444 386 1517 442 sicut
1533 386 1583 452 sol,
1601 385 1668 442 luna
1685 391 1715 443 et
1730 387 1828 444 stellae

135 467 212 522 verbi
230 467 419 539 scrupulosius
436 467 584 541 inquirere,
601 473 630 524 et
645 468 719 540 quod
735 468 814 523 Deus
831 466 970 522 occsdtum
997 469 1192 540 macrocosmi,
1219 471 1354 543 incipiant
1384 472 1513 544 caligare.
1563 472 1635 531 Gen.
1665 478 1714 544 lt,
1739 491 1765 530 s.
1794 479 1827 530 l:

135 572 195 611 esse
217 555 319 625 voluit,
351 556 381 611 in
403 556 494 611 lucem
519 555 686 627 producere,
720 554 795 625 quod
820 553 969 625 singulare,
999 555 1098 609 Sensit
1114 556 1199 610 Isaac
1223 564 1250 612 st
1264 559 1459 627 caligaverant
1478 560 1555 615 oculi
1580 561 1642 629 ejus
1676 568 1703 616 st
1730 561 1827 615 videre

138 641 175 698 sd
210 642 363 697 communis
396 659 492 698 cursus
527 641 639 714 regulas
674 657 805 696 revocare
835 637 1053 695 audebit?·non
1065 649 1207 712 poterunt.
1248 649 1269 700 1.
1291 643 1360 717 Reg.
1383 652 1422 713 ll,
1442 664 1469 701 s.
1487 652 1520 701 l:
1549 646 1627 701 Alio
1644 664 1701 702 non
1715 654 1828 717 poterut

136 736 161 785 5.
189 728 426 800 Distinguendum
449 729 534 784 etiam
558 728 629 784 inter
654 745 715 797 eos,
746 727 793 799 qui
817 726 969 792 aChristo,
996 729 1103 796 cidere,
1123 729 1192 798 quia
1209 729 1404 805 reliquosront
1420 733 1498 787 ocssli
1513 733 1575 803 sisse
1590 750 1667 802 prce
1684 741 1826 789 ammoto.

137 814 280 886 prophetis
298 818 327 869 et
343 813 476 885 apostolis
492 814 648 870 resuscitati
664 815 750 883 fuere,
771 820 799 871 et
815 813 969 878 interillos,
996 813 1116 878 Quidam
1146 817 1336 887 metaphoram
1365 818 1538 876 transferunt
1562 819 1599 876 ad
1619 836 1664 874 res
1688 819 1829 890 adversm,

136 901 184 973 qni
211 917 275 955 cum
300 898 412 956 Christo
442 906 605 972 resurgente
635 900 765 956 dicuntur
790 900 970 956 resurrexisse
996 907 1028 956 ut
1046 901 1084 956 sit
1101 919 1214 972 sensus,
1230 905 1393 976 priusquam
1410 906 1525 961 veniant
1550 912 1675 977 tempora
1693 906 1785 963 histis
1800 914 1907 964 etxvn.
1921 919 1953 963 ra

136 987 233 1043 Matth.
251 991 292 1053 27,
311 1003 338 1042 s.
357 991 400 1042 52.
438 984 483 1042 De
502 985 559 1040 illis
577 987 760 1055 verisimilius,
780 985 854 1059 quod
866 987 971 1042 fuerint
996 987 1122 1058 adversa,
1138 994 1171 1044 ut
1188 989 1336 1046 videantur
1353 991 1406 1046 tibi
1425 1008 1479 1047 nec
1496 991 1651 1057 luminaria,
1666 1008 1719 1048 nec
1731 993 1828 1048 stellae

136 1072 235 1128 iterum
265 1071 381 1139 mortui,
411 1071 447 1125 de
477 1070 521 1125 his
550 1071 624 1128 idem
662 1072 761 1128 statuit
794 1072 969 1144 Augustinus
995 1075 1097 1140 lucere,
1116 1075 1182 1147 quia
1202 1076 1347 1147 Scriptura
1366 1077 1578 1149 prosperitatem
1596 1094 1661 1133 cum
1679 1078 1753 1145 lues,
1777 1079 1828 1134 ad·

137 1159 216 1229 epist
240 1164 281 1214 99.
305 1157 345 1213 ad
362 1157 515 1221 Evodinm,
545 1157 771 1229 Theophylactus
797 1159 826 1212 in
845 1176 906 1228 cap.
928 1165 970 1213 27.
996 1160 1152 1217 versitatem
1181 1178 1245 1217 curn
1273 1163 1394 1218 tenebris
1421 1163 1547 1220 conferre
1565 1165 1651 1229 solet,
1680 1164 1729 1218 sed
1752 1163 1827 1235 prior

139 1244 239 1299 Matth.
266 1244 389 1316 Brigitta
410 1243 459 1299 lib.
479 1249 502 1301 6.
521 1261 547 1300 c.
567 1250 609 1300 64.
631 1245 705 1316 quod
733 1243 840 1298 scilicet
858 1251 969 1315 peracto
996 1246 1187 1319 interpretatio
1234 1248 1413 1321 sequentibus
1463 1250 1553 1323 magis
1599 1250 1740 1321 congruit)
1792 1266 1826 1304 cc

136 1330 338 1386 testificationis
367 1348 433 1386 suae
454 1332 490 1387 de
509 1331 619 1386 Christo
643 1330 736 1386 officio
753 1331 852 1386 iterum
871 1330 970 1385 mortui
996 1343 1144 1404 antequam
1169 1344 1349 1391 reuertuntur
1372 1338 1457 1391 nubes
1477 1346 1545 1407 post
1558 1337 1686 1407 pluuium
1703 1335 1766 1403 (hoc
1783 1352 1828 1391 ac·

137 1418 254 1486 fuerim,
274 1434 346 1488 quae
364 1418 503 1472 sententia
521 1418 620 1471 nititur
637 1417 690 1472 hac
709 1417 869 1488 hypothesi,
895 1417 970 1487 quod
997 1420 1053 1491 cipi
1075 1426 1166 1490 potest
1189 1420 1225 1476 de
1248 1421 1469 1479 exhalationibus
1491 1440 1526 1478 ac
1550 1422 1699 1494 vaporibus
1724 1438 1759 1477 ex
1778 1421 1826 1476 im·

137 1503 338 1559 resurrexerint
355 1502 391 1558 ad
409 1503 496 1557 vitam
520 1504 671 1560 mortalem.
718 1503 773 1559 Sed
798 1502 1149 1562 verisimilior¹hecillitate
1171 1508 1317 1564 ventriculi
1343 1516 1371 1565 et
1396 1509 1464 1565 vitio
1488 1508 1674 1564 concoctionis
1699 1508 1729 1562 in
1747 1506 1828 1562 senili

138 1597 181 1646 est
207 1590 345 1646 sententia
375 1588 525 1662 Epiphanii
559 1590 667 1646 haeres.
699 1597 741 1649 75.
770 1590 910 1645 Ambrosii
941 1589 970 1644 in
983 1532 1088 1648 lassate
1108 1594 1292 1650 crebrioribus
1314 1595 1418 1651 acfere
1435 1595 1581 1664 continuis,
1601 1611 1674 1666 quae
1684 1593 1828 1649 matonam

138 1676 239 1733 Psalm.
262 1682 284 1733 1.
305 1684 333 1731 et
351 1677 482 1741 aliorum,
505 1677 581 1747 quod
605 1677 802 1732 resurrexerint
827 1677 864 1730 ad
885 1677 970 1730 vitam
983 1645 986 1709 l
999 1679 1178 1749 suppeditant
1199 1680 1432 1736 destillationibus
1452 1680 1568 1750 cerebri,
1586 1696 1620 1735 ex
1633 1680 1734 1752 quibus
1746 1696 1827 1751 porro

138 1761 320 1818 immortalem
349 1768 378 1817 et
405 1779 469 1816 cum
486 1762 598 1819 Christo
624 1764 652 1818 in
672 1762 852 1818 adscensione
880 1761 971 1817 coelos
998 1771 1152 1835 sequuntur
1162 1766 1396 1835 catharri,tussis,
1409 1766 1559 1823 difficultas
1576 1767 1764 1838 respirationis
1776 1771 1828 1823 ete

139 1848 257 1921 ingressi
276 1849 339 1913 sint,
357 1849 388 1903 id
406 1849 481 1921 quod
501 1865 534 1904 ex
552 1848 646 1919 phrasi
665 1848 854 1920 evangelistae
873 1829 972 1919 probas
999 1851 1055 1904 Sed
1076 1856 1105 1905 ct
1123 1851 1231 1906 coelum
1249 1851 1361 1907 senibus
1380 1857 1494 1923 propter
1519 1858 1594 1908 visus
1613 1852 1829 1908 imbecillitatem

137 1936 227 1991 vimus
256 1935 285 1990 in
310 1934 397 1989 herm.
423 1934 459 1989 de
484 1951 558 2006 pass.
578 1951 640 2006 cap.
662 1941 702 1991 18.
727 1953 755 2005 p.
775 1940 834 1992 855.
870 1934 972 1990 Confer
998 1942 1135 2006 perpetuo
1171 1937 1281 1993 videtur
1316 1938 1426 2003 nebulis
1462 1956 1495 1994 ac
1532 1939 1634 2010 pluviis
1671 1938 1828 1993 obductum

140 2021 305 2092 Cajetauum
324 2020 353 2074 in
371 2037 396 2077 c.
414 2027 455 2076 27.
470 2021 571 2076 Matth.
589 2027 618 2076 et
629 2021 752 2076 Blasium
769 2021 804 2076 de
818 2020 924 2091 Viegas
942 2020 971 2074 in
1000 2022 1119 2086 Quidam
1136 2024 1321 2093 metaphorice
1334 2025 1475 2096 accipiunt
1487 2026 1522 2082 ds
1533 2024 1721 2081 vicissitudine
1733 2023 1830 2095 gaudii

139 2108 254 2180 Apocal.
273 2126 301 2179 p.
322 2113 364 2163 27.
999 2126 1033 2164 ac
1059 2109 1190 2166 tristitiae
1208 2110 1320 2166 senibus
1340 2111 1487 2183 denegata.
1535 2113 1673 2181 iuvenes,
1690 2110 1738 2167 ubi
1756 2110 1828 2165 cala·

71 2213 82 2241 s
106 2220 114 2230 ·
175 2202 216 2251 70.
251 2196 278 2249 3.
297 2192 501 2248 Antecedents'u
531 2193 629 2247 mortis
658 2193 694 2249 ab
721 2191 841 2264 Hugons
869 2192 916 2248 lib.
948 2198 971 2248 2.
998 2194 1080 2250 mites
1096 2195 1191 2268 aliqua
1203 2198 1385 2268 praeterierit,
1401 2198 1500 2253 iterum
1515 2198 1655 2253 exsultant
1670 2197 1830 2253 etostendit

29 2260 118 2342 ἕρφ’
141 2282 178 2338 de
194 2282 315 2336 elaustro
333 2280 441 2335 animae
456 2285 620 2334 revocantur
636 2279 672 2333 ad
693 2278 747 2332 tria
762 2278 862 2349 capita
903 2279 971 2332 Tres
999 2297 1029 2336 se
1046 2281 1102 2336 illis
1121 2288 1186 2353 post
1202 2283 1326 2353 pluviam
1344 2285 1494 2354 serenites3
1519 2302 1598 2339 senes
1615 2301 1696 2353 vero,
1720 2282 1829 2338 etiamsi

29 2364 53 2444 ’ζ
68 2368 89 2396 ⁰·
139 2368 249 2439 (inquit)
262 2365 547 2430 sssnlnunliimorlss,
561 2382 652 2430 causa,
668 2366 826 2433 infirmitas,
840 2372 971 2421 senectus.
999 2369 1087 2423 tristis
1103 2369 1205 2441 aliquis
1223 2386 1303 2425 casus
1322 2371 1430 2436 abierit,
1450 2376 1543 2427 umen
1561 2371 1666 2427 residet
1690 2372 1719 2425 in
1737 2370 1829 2425 animo

144 2458 230 2509 Cusus
245 2455 347 2518 dubia,
376 2453 527 2519 infimitas
542 2454 657 2520 provio,
688 2459 812 2507 sensctm
829 2460 907 2507 cerlo
926 2454 972 2506 dc·
998 2455 1152 2527 aegritudo,
1170 2473 1242 2527 quae
1260 2457 1347 2511 instar
1365 2457 1467 2513 densae
1484 2458 1568 2514 nubis
1586 2474 1694 2513 omnem
1706 2456 1829 2512 besuae

138 2542 258 2596 naeuius,
298 2538 388 2594 Cusus
407 2539 518 2594 nuntiet
533 2540 800 2604 mortemlutentem,
819 2538 970 2604 infirmitas
998 2542 1174 2598 serenitatem
1194 2543 1295 2598 inillis
1312 2544 1476 2614 abscondit,
1494 2545 1601 2599 etiamsi
1620 2543 1716 2614 pluvia
1731 2549 1829 2613 cesset,

139 2634 336 2700 apparerem,
363 2633 488 2680 seneclus
510 2633 695 2696 praesentem.
741 2625 864 2680 Possunt
888 2624 970 2680 etiam
998 2634 1090 2683 tamen
1118 2629 1225 2684 coelum
1253 2637 1348 2685 manet
1374 2629 1496 2685 nubibus
1513 2630 1665 2686 obductum
1684 2647 1717 2684 ac
1741 2629 1829 2685 triste.

137 2712 331 2770 antecedentia
356 2711 405 2766 illa
431 2711 470 2765 sic
498 2710 647 2782 distingui,
677 2716 710 2767 ut
735 2711 913 2783 squaedam
930 2709 970 2764 di·
998 2715 1080 2770 Hanc
1092 2714 1348 2786 interpretationem
1363 2717 1386 2771 si
1399 2716 1460 2789 quis
1472 2717 1603 2787 amplecti
1616 2715 1692 2780 velit,
1709 2720 1829 2769 statuere

139 2807 238 2856 eantur
255 2799 383 2855 omnibus
402 2797 559 2854 hominibus
572 2799 737 2869 comnsunic,
756 2798 892 2870 quaedam
905 2813 971 2852 vero
997 2801 1115 2871 poterit,
1145 2801 1175 2856 in
1204 2802 1257 2856 hoc
1282 2802 1417 2859 versiculo
1438 2802 1661 2859 incommodare
1689 2800 1828 2856 molestias
1861 2842 1865 2848 .

138 2887 220 2943 certis
240 2885 390 2941 individuis
403 2885 556 2957 peculiaria
572 2902 605 2941 ac
620 2886 762 2956 propria,-
791 2891 816 2942 2.
834 2884 971 2957 quaedam
998 2886 1147 2942 senectutis
1175 2887 1296 2944 describi
1323 2894 1454 2959 γενικῶς,
1489 2906 1560 2961 quae
1588 2889 1618 2943 in
1649 2886 1828 2960 sequentibus

137 2982 260 3039 remota,
286 2972 423 3043 quaedam
438 2987 504 3026 vero
518 2972 689 3042 propinqua.
727 2973 845 3027 Remota
863 2976 928 3025 suut
948 2976 970 3026 1.
997 2972 1168 3044 explicentur
1189 2976 1323 3045 eliensis„
1346 2993 1373 3032 v.
1389 2982 1412 3031 3.
1438 2977 1470 3030 in
1483 2977 1530 3029 elie
1549 2976 1604 3031 illc
1624 2973 1829 3030 commovebunt

26 3052 124 3101 ΜΝ·
141 3061 245 3125 sumti,
276 3060 324 3130 qui
354 3066 419 3114 sunt
446 3059 542 3114 mortis
557 3059 767 3127 caduceatores,
794 3075 827 3114 ac
855 3074 971 3129 quorum
996 3063 1167 3115 semslodss
1178 3061 1574 3130 domustmmnsesbrscbis,
1587 3078 1660 3133 quae
1671 3060 1828 3115 universum

138 3147 250 3202 ultimus
272 3144 395 3200 medicus
416 3161 490 3200 mors
507 3151 557 3200 est
607 3145 661 3211 Qui
686 3146 790 3200 morbis
815 3142 972 3200 uDomino
996 3148 1120 3218 corporis
1143 3164 1307 3220 compagem
1329 3149 1417 3204 instar
1433 3149 1578 3220 cujusdam
1601 3148 1700 3204 domus
1721 3145 1827 3202 affabre

139 3233 300 3304 corripitur,
332 3230 367 3286 de
390 3231 464 3286 vitae
490 3231 564 3286 exitu
586 3232 759 3288 admonetur,
801 3231 904 3288 Psalm
929 3236 971 3300 ³9,
998 3232 1208 3289 exaedificatam
1225 3235 1400 3306 custodiunt,
1429 3242 1489 3290 tum
1511 3235 1643 3290 salutaria
1659 3232 1826 3303 adhibendo,

139 3337 165 3373 v.
187 3323 233 3375 tl:
259 3320 296 3373 In
321 3317 558 3388 increpationibus
570 3328 691 3389 propter
715 3319 891 3389 iniquitatem
911 3334 970 3372 cor·
997 3324 1056 3375 tum
1073 3321 1157 3375 noxia
1173 3322 1378 3392 propulsando,
1396 3324 1444 3377 sed
1456 3322 1485 3376 hi
1498 3322 1627 3378 custodes
1644 3320 1674 3375 in
1685 3324 1827 3376 senectute

139 3406 254 3476 rapuisti
275 3405 366 3458 sirum
389 3412 417 3458 st
435 3405 586 3474 liquescere
613 3405 711 3471 fecisti
744 3412 776 3458 ut
792 3403 897 3459 tineam
924 3405 970 3457 de·
998 3423 1057 3462 sese
1075 3414 1249 3463 commovent
1265 3414 1350 3480 atque
1367 3410 1489 3480 agitant,
1507 3408 1537 3462 id
1555 3415 1598 3463 est
1616 3406 1726 3462 tremuli
1744 3406 1828 3472 liunt)

140 3491 278 3547 siderium
294 3491 363 3561 ejus.
398 3487 552 3562 Gregorius
576 3491 684 3547 dolores
701 3508 735 3546 ac
754 3490 865 3546 morbos
890 3496 973 3547 vocat
998 3502 1025 3548 et
1045 3494 1230 3548 incurvabunt
1247 3512 1278 3548 sc
1293 3495 1351 3548 oiri
1368 3496 1479 3549 robsssti
1502 3493 1600 3562 (Hebr.
1619 3493 1742 3569 lnl’ssfffl
1762 3508 1827 3562 pcr-

140 3581 257 3647 eupitius
289 3577 426 3631 hominem
453 3578 629 3655 molestantes
659 3587 686 3632 et
714 3578 789 3632 oium
812 3581 855 3632 cd
879 3578 972 3648 ipsam
997 3588 1152 3649 ementur,
1169 3581 1373 3645 sanabuntur,
1398 3581 1568 3655 aradrt12
1589 3588 1736 3648 matus,
1760 3595 1827 3649 pes·-

79 3688 88 3697 ·
140 3673 257 3719 mortem
284 3670 445 3717 stemmntss.
484 3666 511 3720 2.
541 3662 687 3727 &nemum
717 3680 790 3735 quas
811 3670 854 3720 est
876 3664 972 3720 mortis
998 3669 1175 3735 insuescit.
1224 3666 1285 3721 Viri
1304 3666 1389 3721 fortes
1408 3672 1473 3722 sunt
1492 3684 1585 3735 crura,
1617 3682 1689 3738 quae
1705 3665 1735 3719 in
1751 3681 1827 3721 sene

68 3732 100 3760 ‘¹'
140 3751 312 3822 prodromus,
329 3743 562 3821 quemadmodum
580 3749 653 3805 enim
671 3756 799 3807 senectus
808 3750 970 3807 adolescen-
997 3758 1075 3808 ctute
1100 3757 1251 3809 cursantur
1278 3769 1312 3808 ae
1335 3759 1544 3823 pervertuntur,
1571 3753 1602 3808 id
1629 3759 1672 3807 est
1690 3750 1829 3823 incipiunt

139 3837 207 3893 tiam
225 3836 364 3908 sequitur,
394 3834 434 3890 sic
451 3854 524 3891 mora
544 3842 721 3894 senectutem.
770 3838 841 3892 Alia
866 3854 971 3906 qenero
996 3845 1094 3895 numm
1116 3856 1150 3894 ac
1175 3839 1314 3895 vacillare.
1360 3839 1479 3904 Quidam
1502 3839 1532 3894 in
1557 3856 1659 3911 genere
1682 3838 1828 3909 'accipiunt

139 3923 237 3979 mortis
254 3923 317 3992 spei
331 3923 419 3976 mista
435 3930 517 3988 sunt,·
541 3924 645 3977 desinit
662 3923 788 3989 morbus,
813 3925 971 3979 incendium
997 3927 1032 3981 de
1050 3925 1160 3982 ossibus
1181 3926 1317 3996 hominis,
1345 3927 1411 3998 quia
1428 3934 1535 3982 statura
1554 3925 1672 3981 hominis
1699 3925 1825 3980 siccitate

137 4009 330 4079 exstinqus'tur,
341 4009 464 4076 minum,
477 4025 549 4078 quac
564 4009 687 4078 aliquem
696 4009 843 4064 visebatur
855 4028 970 4080 oppres·
996 4013 1177 4083 contrahitur,
1195 4021 1227 4069 ut
1240 4030 1304 4068 ossa
1314 4013 1460 4069 videantur
1472 4014 1627 4079 incurvata)
1641 4020 1668 4066 st
1680 4011 1826 4066 curabunt

136 4114 213 4166 sura,
228 4095 367 4165 quispiam
381 4095 725 4164 euadit,deposuilmare,
742 4096 969 4164 quaesumus,
995 4101 1134 4166 molares,
1161 4100 1229 4169 quio
1256 4101 1446 4154 diminuerunt
1463 4117 1492 4154 ss
1510 4101 1568 4154 siue
1587 4100 1749 4164 defecerunt
1766 4100 1827 4168 (per

137 4185 235 4238 sudem
261 4181 291 4236 in
317 4197 376 4250 quc
400 4182 527 4236 sorbebat
550 4182 639 4245 horo,
658 4183 783 4253 projecit
811 4182 971 4252 incolumes,
996 4187 1127 4242 maleum
1143 4185 1337 4257 intelliguntur
1355 4186 1461 4249 dentes,
1480 4185 1528 4257 qui
1545 4202 1601 4242 non
1618 4185 1707 4239 solum
1721 4182 1827 4238 ratione

136 4269 265 4340 pluuium
290 4268 371 4323 miles
390 4267 427 4322 ab
446 4268 511 4337 spec
536 4268 641 4322 semies
670 4268 802 4339 peritura
820 4270 968 4339 revocabit,
997 4272 1104 4328 numeri
1128 4272 1333 4340 diminuuntur,
1360 4273 1410 4327 sed
1437 4272 1521 4328 etiam
1537 4276 1665 4342 respectu
1683 4268 1827 4325 efficaeiw

136 4355 208 4409 nihil
220 4361 313 4408 autem
330 4354 419 4423 habu,
434 4355 511 4423 qued
526 4363 636 4423 speret,
655 4371 733 4423 quem
751 4363 876 4410 senectus
892 4357 969 4410 ducit
997 4360 1027 4414 in
1045 4359 1202 4414 mandendo
1219 4363 1330 4415 cessant
1348 4375 1382 4413 ac
1401 4358 1596 4425 intermittunt,
1616 4356 1682 4427 quia
1693 4372 1771 4411 senes
1791 4354 1827 4411 ob

12 4454 21 4473 ·
136 4444 179 4496 cd
194 4428 317 4497 mortem.
350 4440 457 4497 Seneca
486 4440 566 4511 epist
591 4446 633 4496 30.
671 4441 705 4495 In
722 4448 866 4498 senectute
896 4444 968 4499 oculi
998 4446 1107 4501 dolores
1124 4444 1242 4501 subinde
1260 4450 1431 4500 recurrentes
1447 4448 1585 4514 coguntur
1603 4458 1687 4512 aegre
1706 4447 1734 4496 st
1753 4441 1827 4496 lente

136 4529 274 4601 caligant,
302 4545 382 4584 aures
420 4529 542 4600 graviter
579 4528 709 4597 audiunt,
737 4529 832 4600 capilli
871 4530 969 4600 fluunt,
998 4532 1140 4589 mandere.
1178 4531 1236 4587 Alii
1259 4532 1381 4587 reddunt
1397 4531 1519 4585 molares
1535 4532 1691 4585 reddemus·
1715 4527 1829 4582 inustiles

137 4616 223 4673 facies
248 4617 278 4671 in
303 4616 436 4687 pallorem
464 4622 600 4682 mutatur,
631 4617 729 4673 dentes
757 4616 828 4687 lapsi
856 4634 970 4673 numero
998 4637 1033 4674 ac
1052 4619 1221 4688 diminuerat,
1250 4617 1355 4673 scilicet
1372 4616 1554 4681 molitionem,
1586 4616 1616 4670 id
1634 4621 1748 4672 estnon
1767 4618 1827 4685 pot

138 4704 311 4771 minuuntur,
340 4702 411 4760 cutis
425 4704 539 4772 arescit,
571 4703 654 4759 flatus
683 4720 738 4759 non
757 4703 880 4758 suaviter
905 4704 969 4770 olet,
998 4712 1079 4760 erunt
1096 4704 1189 4760 cihum
1210 4704 1379 4760 contundere
1396 4709 1424 4758 el
1441 4703 1639 4771 comminuere,
1665 4702 1713 4775 qui
1732 4718 1828 4759 sensus

136 4795 235 4862 pectus
259 4789 428 4857 suffocatur,
454 4789 537 4844 tussis
571 4788 734 4856 cachinnat,
765 4806 858 4861 genua
885 4789 969 4860 trepi-
997 4791 1094 4847 eodem
1125 4789 1209 4858 redit)
1241 4798 1267 4844 el
1294 4790 1512 4845 otunsbreseens
1534 4790 1659 4845 videntes
1679 4807 1733 4859 per
1742 4790 1826 4855 fene·

138 4877 213 4943 dant,
242 4875 314 4932 talos
342 4883 370 4932 at
401 4875 486 4947 pedes
519 4874 617 4930 humor
650 4874 744 4939 inflat,
780 4876 849 4933 haec
876 4877 969 4933 omnia
997 4885 1073 4931 strue
1094 4874 1243 4945 (Vatablus
1255 4874 1441 4947 subintelligit
1458 4875 1606 4932 facultates
1619 4892 1669 4947 per
1685 4875 1827 4933 oculorum

137 4963 271 5019 ruituram
289 4962 409 5032 corporis
430 4960 541 5015 domum
561 4959 764 5031 praenuntiant
996 4962 1131 5019 fenestm
1152 4960 1274 5017 officium
1292 4979 1373 5018 suum
1392 4968 1557 5032 exercentes,
1576 4962 1642 5018 illae
1660 4961 1823 5017 obtenebre-

11 5061 100 5103 osssrs-
174 5055 212 5106 ll.
248 5049 416 5120 Cumprimis
429 5064 494 5104 vero
511 5051 683 5103 senectutem
694 5046 826 5118 graphice
840 5048 968 5121 depingit
995 5053 1085 5117 scunt,
1118 5049 1184 5121 quia
1213 5049 1243 5104 in
1280 5053 1421 5105 senectute
1453 5066 1509 5104 non
1541 5049 1614 5106 oculi
1642 5048 1732 5103 solum
1756 5047 1827 5102 liunt

10 5115 109 5206 {33:23
138 5137 270 5195 suono„
287 5134 361 5189 secr.
382 5140 426 5204 12,
456 5152 482 5192 v.
508 5137 536 5188 1:
561 5132 702 5187 remenso
720 5135 857 5189 cremore
880 5136 923 5190 sas
939 5136 969 5189 sn
995 5135 1155 5208 eugenos,
1186 5136 1221 5192 ee
1245 5154 1300 5207 quo
1338 5136 1512 5192 incommodo
1552 5135 1659 5192 duem
1687 5153 1712 5189 v.
1732 5140 1757 5191 s.
1775 5133 1826 5189 sse

10 5214 125 5310 ffiw·
138 5224 237 5278 debas
248 5220 403 5292 juvenescis
417 5228 496 5284 tuae,
525 5226 673 5288 antequem
691 5219 802 5292 usnicnt
820 5221 881 5277 dies
898 5222 971 5276 moli
996 5223 1080 5280 stiam
1111 5222 1190 5294 quasi
1217 5222 1344 5293 retracti,
1374 5239 1430 5278 non
1459 5220 1662 5294 prominentes,
1690 5237 1725 5276 ac
1754 5220 1826 5277 male

138 5319 164 5366 ct
184 5312 324 5379 mmnqarst
341 5308 410 5363 anni
427 5306 610 5376 (senectutis),
627 5309 664 5361 de
683 5306 782 5377 quibus
799 5307 894 5378 elisam
912 5326 967 5364 non
995 5309 1168 5382 prospiciunt
1192 5327 1243 5382 per
1267 5309 1401 5366 fenestras
1420 5326 1471 5365 seu
1487 5307 1635 5375 foramina,
1665 5325 1737 5380 quae
1761 5312 1826 5363 sunt

136 5398 207 5453 mslss'
224 5397 352 5452 sommas
369 5392 399 5445 in
416 5393 472 5463 εἰη
500 5413 528 5452 v.
546 5399 570 5451 2.
590 5401 738 5465 uuleqrsum
762 5394 966 5451 obsesetmsss
994 5398 1025 5454 in
1045 5397 1190 5467 alsenam
1221 5416 1247 5455 v.
1273 5404 1298 5455 l.
1329 5405 1355 5453 et
1384 5397 1552 5453 claudentur
1577 5395 1650 5451 ostio
1674 5396 1704 5450 in
1724 5396 1826 5465 pluteo

137 5484 224 5540 solet
241 5483 304 5550 luc,
328 5486 354 5533 et
371 5479 441 5534 lunc
463 5491 491 5536 et
507 5480 608 5538 stellae
627 5482 788 5553 (antequam
805 5481 893 5547 oculi,
917 5483 966 5555 qui
995 5483 1093 5552 (Hebr.
1111 5473 1194 5551 pilli}
1215 5484 1384 5540 extrinsecus
1409 5482 1553 5551 sulforis.
1590 5481 1669 5538 Ostia
1693 5481 1743 5539 illa
1759 5487 1825 5540 suut
