4104 6014
848 303 900 358 DE
925 302 1065 363 MORTE.
1757 311 1797 370 25

143 460 210 516 Sine
220 460 294 515 61111
309 461 434 532 positum
449 461 903 530 α1666666616666166696166,
963 461 1079 531 reponit
1097 466 1121 517 4.
1133 464 1256 519 Ratione
1275 465 1350 533 6616,
1372 465 1438 537 quia
1460 466 1581 522 omnium
1605 469 1798 529 sublunarrum

136 566 260 637 Firmo
275 567 420 637 rostrique
436 566 509 620 61666
523 572 549 620 61
564 565 665 619 iubent
685 563 820 621 mortalia
834 580 938 619 cusum.
964 548 1081 603 mulatio
1096 549 1258 622 requiritur.

998 638 1040 692 39.
1076 637 1145 691 616
1162 638 1278 693 66616616
1292 638 1367 694 cirea
1381 639 1434 694 hoc
1451 640 1591 698 doctrinae
1610 642 1736 698 coelestis
1748 659 1795 699 0⁸.
1808 633 1828 674 t.
1843 634 1869 674 rs

104 720 221 778 Utinam
253 736 318 776 vero
354 719 511 775 Stoicorum
547 719 636 776 iatum
679 725 707 775 et
739 719 936 791 Epicureorum
963 726 1015 790 put
1041 724 1064 777 1.
1095 730 1220 779 arrarum
1249 724 1314 779 olim
1351 727 1519 797 Pelagiani,
1552 728 1600 800 qui
1634 729 1796 800 docuerunt,
1810 687 1916 747 ‘mm'

104 806 218 863 fortuna
241 812 320 863 extra
342 806 476 864 ecclesiae
501 807 644 878 pomoeria
670 823 732 862 sese
749 807 935 875 cantassent,
963 807 1101 863 hominem
1112 810 1208 888 fuisse
1226 812 1406 881 meriturum,
1431 815 1545 868 etiamsi
1566 833 1621 869 non
1642 825 1796 886 peccasset.

103 894 229 950 61166116
254 899 297 950 eat
320 893 503 965 experientia,
531 893 559 948 in
585 893 647 965 ipso
673 893 789 948 visibilis
807 893 939 949 ecclesiae
964 893 1138 966 Augustinus
1158 896 1237 966 epist.
1259 899 1458 959 1066116111).
1479 901 1514 957 de
1532 900 1636 957 haeres.
1656 902 1799 968 adQuod·

104 979 218 1052 gremio,
236 978 266 1035 id
283 979 372 1035 estin
400 985 482 1035 coetu
503 995 606 1047 eorum,
623 978 672 1051 qui
689 979 751 1035 luce
769 978 847 1035 uerbi
863 995 939 1034 reve·
965 981 1052 1036 rultd.
1070 987 1117 1039 88:
1140 984 1253 1052 'Ipsum
1276 984 1373 1038 Adam
1391 986 1501 1056 dicunt,
1524 990 1552 1041 si
1569 1006 1625 1042 666
1644 997 1793 1060 percueret

104 1066 153 1121 1611
174 1065 315 1139 gaudent,
336 1064 490 1120 Stoicorum
516 1071 545 1120 et
561 1065 759 1137 Epicureorum
790 1065 896 1129 furores
923 1083 940 1118 a
964 1068 1055 1130 fuisse
1076 1085 1194 1137 corpore
1219 1071 1400 1140 moriturum,
1425 1089 1513 1142 neque
1537 1083 1674 1129 66661666
1700 1077 1798 1130 merda

105 1152 273 1223 quibusdam
298 1150 395 1207 foveri.
452 1151 608 1222 Epicureae
633 1157 726 1208 certae
753 1168 835 1208 voces
866 1159 938 1219 sunt,
966 1154 1074 1222 eulpae,
1085 1157 1137 1208 sed
1146 1156 1305 1210 6666111666
1315 1165 1441 1212 naturae.
1457 1159 1632 1231 Argumenta
1640 1162 1799 1233 ipsieoppo·

105 1255 177 1311 quae
197 1255 230 1293 ex
249 1238 939 1311 66166166666661616666616611166.161.
965 1239 1058 1295 aenda
1085 1241 1261 1312 exposuimus
1287 1242 1317 1296 in
1341 1243 1393 1298 loc.
1421 1244 1456 1300 de
1488 1245 1571 1317 imag.
1596 1246 1651 1302 Dei
1680 1244 1708 1322 ξ.
1740 1255 1797 1305 169.

106 1323 293 1396 αὐτοσχεδίως
320 1322 510 1400 ἐγεννήθημεν
538 1330 567 1381 61
587 1333 653 1398 pest
675 1325 727 1380 ioe
744 1325 856 1393 mimus,
880 1334 940 1379 tan·
967 1326 1577 1397 216Ρωὶ661166666666668166616616
1590 1332 1760 1390 annotGen.
1773 1340 1797 1390 1.

105 1430 189 1483 guam
206 1412 435 1480 censuerimus,
462 1413 595 1481 quoniam
616 1414 713 1475 [66666
731 1419 770 1467 eet
787 1412 938 1484 respiratio
965 1412 1076 1480 scribit,
1108 1431 1141 1469 ee
1177 1415 1287 1469 Adami
1316 1417 1403 1486 lapsu
1439 1433 1527 1487 genus
1564 1419 1715 1475 humanum
1742 1439 1799 1476 non

106 1498 136 1552 16
164 1499 282 1552 naribus
306 1499 411 1553 namu
444 1506 471 1552 et
495 1516 587 1554 sermo
604 1499 730 1553 scintilla
759 1499 846 1553 estin
864 1506 940 1552 notu
966 1501 1102 1569 corporis,
1126 1504 1178 1555 sed
1198 1504 1310 1557 animae
1334 1512 1449 1558 mortem
1475 1506 1628 1560 incurrisse
1656 1515 1681 1561 et
1706 1508 1799 1571 seiam

105 1586 202 1640 eordr's
221 1586 320 1651 nostri,
336 1602 363 1642 v.
383 1588 407 1641 3.
433 1602 490 1655 grta
511 1585 647 1640 exstincta
672 1585 743 1639 61616
761 1586 860 1638 wadel
879 1602 939 1638 cor-
966 1586 1089 1641 1661666
1106 1588 1264 1655 mortiures,
1282 1590 1395 1643 etiamsi
1412 1609 1465 1646 666
1487 1600 1656 1662 peccassent.
1687 1593 1798 1667 Reliqui

102 1689 158 1742 pus
186 1679 212 1725 et
229 1671 347 1742 spiritus
365 1678 461 1725 noster
487 1672 665 1742 diffundetur
691 1679 825 1743 tanquam
844 1669 939 1724 mellis
965 1671 1104 1728 Pontificii
1116 1673 1254 1730 hominem
1268 1676 1389 1746 primum
1404 1676 1585 1734 immortalem
1600 1678 1686 1735 161666
1700 1697 1798 1737 conce-

105 1764 165 1813 air.
197 1757 253 1814 Sed
266 1758 424 1829 paulopost
442 1758 567 1829 seqnitur
582 1775 608 1815 v.
621 1759 759 1814 2166166
777 1757 938 1828 1166166666
966 1759 1043 1829 dunt,
1053 1759 1163 1816 interim
1171 1766 1263 1815 161666
1277 1761 1512 1819 immortalitatem
1521 1764 1638 1820 illumin
1652 1767 1740 1837 primo
1749 1768 1797 1824 ho·

106 1848 152 1899 sal
188 1841 396 1912 ἐπλανήθησαν.
453 1843 582 1909 Quinimo
612 1845 723 1917 quando
755 1850 832 1900 extra
861 1842 939 1899 verbi
965 1846 1038 1901 mine
1051 1853 1116 1903 ante
1132 1847 1241 1917 lapsum
1253 1849 1356 1901 donum
1370 1853 1587 1919 supernaturale
1603 1854 1702 1920 fuisse,
1717 1854 1799 1911 adeo-

106 1931 196 1987 lnccm
208 1935 356 2002 corruptae
375 1929 490 1986 rationis
505 1930 613 2001 jndicio
623 1916 799 2004 indulgemu's
816 1936 844 1987 61
857 1932 940 2002 juxta
965 1949 1019 2002 que
1026 1949 1088 1987 cnm
1095 1941 1180 2002 peret
1185 1935 1265 2002 juata
1271 1942 1403 1988 naturam
1411 1937 1556 1991 mortalem
1565 1938 1656 1999 161666
1662 1946 1796 1997 asserunt.

109 2017 178 2074 illud
188 2017 223 2073 de
235 2023 323 2073 morte
331 2018 495 2073 6661661166
504 2017 626 2084 ierimus,
636 2025 939 2076 naturaomnessumua
967 2019 1149 2075 Bellarminua
1161 2020 1280 2076 6661616
1292 2021 1372 2091 primi
1385 2020 1502 2076 hominis
1519 2039 1541 2078 c.
1557 2029 1582 2080 9.
1602 2023 1729 2082 Pererius
1740 2027 1757 2081 l.
1773 2034 1795 2084 5.

106 2104 150 2160 vel
162 2104 248 2160 Stoici
260 2103 450 2176 vclEpicurei,
463 2105 633 2161 declinamus
648 2107 721 2162 enim
735 2106 781 2162 rel
792 2107 938 2178 adSyrtim
965 2105 993 2158 in
1001 2103 1071 2162 Gen.
1081 2105 1152 2178 disp.
1166 2107 1201 2161 dc
1213 2112 1276 2164 tert.
1289 2106 1406 2162 hominis
1420 2109 1512 2165 excell.
1529 2129 1554 2181 p.
1569 2116 1627 2168 566.
1640 2129 1667 2182 p.
1681 2114 1798 2170 619661

105 2193 199 2249 1616116
228 2190 382 2248 Stoicorum
415 2192 602 2257 necessitatis,
631 2194 677 2249 vel
711 2194 748 2249 ad
776 2193 938 2265 Charybdin
965 2192 1057 2261 errori,
1072 2209 1144 2264 qnae
1166 2194 1331 2264 opponenda
1349 2195 1405 2249 sint
1420 2194 1609 2260 fundamenta,
1623 2197 1652 2252 in
1665 2204 1745 2254 tract.
1763 2201 1798 2256 66

105 2294 205 2334 coccae
237 2276 437 2348 Epicureorum
470 2277 606 2334 fortunae
659 2282 687 2333 3.
723 2280 872 2348 Astrologi
904 2297 938 2333 ac
965 2277 1272 2351 imag.Deiexpositum
1281 2279 1548 2337 16113Ρ161161661
1557 2288 1669 2354 negant.
1679 2285 1797 2353 primum

104 2364 274 2434 6666116661
284 2363 448 2434 judiciarii,
466 2365 515 2436 qui
536 2383 569 2421 ex
587 2366 837 2437 conjunctionibus,
853 2382 937 2437 oppo-
964 2365 1101 2420 hominem
1126 2365 1212 2421 fuisse
1242 2367 1423 2422 immortalem
1450 2385 1468 2422 a
1491 2366 1552 2423 Deo
1579 2370 1736 2436 conditum,
1762 2389 1797 2428 ex

105 2450 253 2508 altioribus
276 2466 310 2506 ac
336 2449 458 2506 motibus
477 2451 598 2507 siderum
620 2458 736 2507 mortem
753 2452 870 2508 bominis
890 2452 937 2507 de·
965 2470 1019 2525 quo
1039 2459 1139 2524 sponte
1158 2453 1297 2524 sequitur,
1325 2470 1380 2509 non
1407 2455 1494 2525 ipsam
1513 2455 1720 2521 mortalitatem,
1745 2460 1793 2515 sed

104 2538 226 2610 pendere
245 2541 372 2592 statuunt
390 2552 424 2592 ac
453 2543 529 2592 certo
546 2542 575 2592 et
593 2538 775 2594 determinate
794 2555 827 2593 ex
846 2543 937 2594 erecto
963 2539 1291 2595 moriendinecessitatem
1298 2541 1795 2612 esscpeccatipoenam.0atechismus

105 2623 261 2681 6666116116
278 2623 399 2680 themate
418 2624 542 2695 ejusdem
554 2630 663 2696 tempus
681 2625 844 2696 praedicere
862 2633 937 2682 sata-
962 2625 1141 2682 116666166616
1154 2623 1247 2683 Germ.
1261 2643 1288 2696 p.
1304 2631 1352 2681 21:
1374 2627 1504 2680 Adamru
1515 2645 1571 2681 non
1581 2629 1662 2682 estin
1681 2631 1781 2686 immor

103 2717 191 2786 gunt,
219 2712 321 2785 quibua
343 2711 519 2785 Augustinus
541 2711 589 2766 lib.
612 2719 636 2767 5.
662 2713 697 2768 de
720 2713 772 2769 civ.
790 2713 844 2769 Dei
868 2730 892 2770 c.
915 2719 935 2768 1.
962 2713 1072 2767 16111616
1091 2713 1230 2767 condius.
1248 2729 1276 2783 p.
1296 2717 1343 2768 26:
1364 2714 1409 2767 Ne
1433 2713 1545 2782 guidem
1564 2715 1635 2768 sciri
1649 2718 1742 2785 potuit
1760 2719 1795 2771 66

104 2800 170 2858 circ.
187 2798 237 2855 fin.
255 2798 368 2870 opponii
386 2798 438 2853 hoc
459 2799 601 2853 immotum
621 2805 824 2871 argumentum.
863 2800 939 2863 Quid
963 2801 1077 2855 Adana
1095 2799 1317 2854 immortalitatis
1336 2801 1390 2855 aia.
1427 2800 1459 2855 ln
1477 2801 1683 2871 praelectionib.
1703 2804 1796 2860 Soeiui

105 2897 154 2952 est,
171 2889 249 2956 arrad
264 2887 336 2943 milril
350 2903 474 2956 unquam
492 2888 585 2940 dicere
594 2893 753 2955 potnerunt
762 2886 937 2954 genethliaci,
964 2904 1028 2945 ann.
1046 2892 1120 2943 1669.
1140 2886 1221 2941 661116
1238 2892 1267 2942 61
1278 2884 1405 2942 Η616611).
1421 2886 1581 2943 academiae
1598 2887 1797 2946 aSchmultaio

106 2993 155 3031 eur
173 2975 204 3029 in
222 2974 283 3029 vita
304 2974 491 3042 geminorum,
520 2973 550 3026 in
575 2973 744 3038 6611661666,
774 2974 804 3027 16
827 2973 938 3040 6666116,
963 2973 1103 3045 inscriptis
1130 2973 1272 3046 ἐπιγραφὴ
1301 2971 1384 3043 primi
1413 2988 1474 3043 cap.
1500 2972 1540 3028 616
1564 2972 1662 3045 habet,
1687 2977 1797 3044 6611666

101 3061 341 3133 poeresmonibns,
369 3060 491 3125 artibree,
510 3060 661 3114 bonoribus
684 3060 838 3129 ceterisque
855 3060 937 3114 rebus
963 3061 1044 3114 bomo
1056 3060 1142 3114 etiam
1158 3067 1222 3113 ante
1237 3060 1349 3129 lapsum
1361 3066 1466 3112 notura
1482 3059 1613 3114 mortalia
1624 3062 1691 3131 fnit,
1712 3079 1796 3133 quam

105 3152 147 3204 aei
169 3149 320 3202 humanam
348 3148 434 3201 altam
456 3146 673 3215 pertinentibus,
702 3153 784 3215 61666
815 3146 846 3199 in
874 3147 938 3216 ipsa
963 3144 1795 3217 thamssptemsrgumsnuseonfirmsrsnotunAnnorotu

104 3243 193 3290 morte
212 3235 249 3287 sit
263 3234 428 3303 plerumque
453 3239 534 3285 tanta
552 3232 717 3296 diuersitas,
740 3238 771 3285 ut
786 3232 938 3287 similiores
964 3230 1419 3302 6666666661166616166616116
1438 3232 1540 3302 socini,
1561 3249 1645 3304 quam
1666 3233 1794 3290 6661616

105 3323 144 3374 eis
160 3321 229 3385 sint,
255 3327 388 3391 quantum
410 3320 451 3372 aa
473 3318 544 3372 laec
561 3318 667 3381 attinet,
693 3319 776 3373 multi
802 3320 937 3388 extranei,
963 3320 1043 3392 primi
1067 3318 1186 3374 hominis
1204 3324 1269 3373 anto
1293 3317 1401 3388 lapsum
1420 3336 1483 3374 curn
1507 3319 1657 3376 Francisco
1687 3321 1792 3377 Paccio

105 3424 189 3478 66666
216 3407 275 3475 ipen
304 3407 376 3460 inter
396 3405 548 3474 regamini
569 3421 625 3474 per
649 3404 779 3474 empuum
804 3407 937 3477 temporis
963 3424 1027 3462 anu.
1052 3411 1124 3465 1516.
1153 3405 1266 3475 habuit,
1293 3405 1323 3458 in
1350 3421 1406 3474 qna
1434 3405 1529 3460 decem
1554 3408 1724 3478 argumentis
1743 3425 1795 3481 pro

105 3492 284 3548 intervallum
317 3492 347 3545 16
382 3492 523 3546 nascendo
556 3492 700 3561 separati,
737 3493 766 3543 in
804 3499 937 3560 conceptu
964 3490 1168 3547 immortalitate
1196 3491 1278 3561 primi
1306 3490 1424 3545 hominis
1450 3507 1468 3544 a
1492 3490 1595 3546 Puccio
1621 3492 1729 3562 6116116,
1755 3510 1797 3549 re·

105 3589 198 3634 autem
223 3595 279 3648 per
306 3596 391 3632 unum
418 3578 591 3632 concubitum
616 3590 672 3633 uno
699 3578 783 3632 etiam
803 3588 937 3633 momento
963 3579 1099 3650 spondere
1128 3582 1256 3643 conatur,
1296 3593 1413 3648 cumque
1450 3576 1571 3632 Paccius
1608 3579 1795 3635 defensionem

105 3666 256 3722 seminati!
275 3663 349 3736 quod
370 3666 460 3736 ipsum
479 3681 504 3718 6.
520 3670 544 3722 4.
564 3664 689 3736 exemplo
702 3663 938 3720 Eravietlacobi
963 3681 1075 3720 suorum
1109 3668 1333 3735 argumentorum
1370 3663 1536 3733 susciperet,
1573 3664 1709 3734 prolixam
1748 3664 1794 3721 isti

106 3753 237 3813 declarat.
258 3749 335 3806 Conf.
356 3750 515 3806 Mirandula
534 3752 563 3805 in
582 3768 664 3823 opere
682 3756 779 3806 contra
796 3753 890 3808 astrol.
911 3758 939 3809 61
963 3750 1117 3805 defensioni
1134 3749 1248 3804 Socinus
1266 3749 1397 3818 opposuit
1414 3748 1608 3804 refutationem
1636 3752 1720 3821 priori
1748 3752 1794 3807 1611

107 3840 231 3910 Scaliger
243 3854 330 3894 exerc.
344 3843 402 3894 tot.
421 3843 444 3894 t.
457 3838 625 3908 Philosophi
637 3839 763 3907 gentiles,
778 3839 824 3909 qui
837 3839 937 3909 iupro·
963 3838 1066 3908 scripto
1085 3852 1227 3892 6666666.
1266 3834 1417 3891 Ostorodus
1441 3836 1469 3890 in
1496 3836 1560 3893 inst.
1586 3835 1678 3892 Germ.
1701 3855 1724 3895 c.
1752 3843 1794 3894 36.

106 3926 186 3982 rimis
202 3931 232 3979 61
249 3924 417 3980 intermediis
445 3922 540 3980 mortis
559 3924 650 3979 causis
671 3923 825 3981 subsistunt
855 3943 889 3981 ac
909 3928 937 3982 in
964 3944 990 3995 p.
1005 3931 1062 3982 166.
1082 3923 1465 3995 Sociuiargumentarepetit.
1486 3922 1669 3979 Schmaltzius
1683 3923 1754 3995 disp.
1771 3931 1794 3980 1.

107 4010 157 4087 ir,
180 4014 319 4076 666666ιῴ
347 4013 392 4063 eal
417 4007 606 4082 6666666166
629 4009 831 4066 consideranda
856 3996 945 4067 unice¹
964 4019 1050 4067 contr.
1069 4011 1180 4065 Erantz.
1200 4026 1228 4079 p.
1247 4014 1306 4065 399.
1326 4009 1442 4063 eandem
1459 4008 1524 4063 terit
1543 4008 1669 4065 orbitam.

106 4097 247 4169 occupati,
272 4097 382 4153 altiores
405 4104 433 4153 61
457 4096 665 4169 principaliores
691 4098 826 4169 quasdam
843 4100 937 4153 mortis
998 4104 1040 4153 to.
1080 4097 1212 4162 Quamvis
1236 4112 1301 4151 vero
1329 4094 1413 4166 plena
1436 4100 1464 4149 et
1488 4095 1577 4150 solida
1602 4096 1685 4167 hujus
1710 4095 1842 4168 quae-2¹¹
1855 4103 1900 4153 prt-

10 4201 204 4258 mgggcansaa
232 4184 393 4241 statuendas
424 4184 468 4239 rel
500 4183 708 4256 investigandas
739 4202 799 4240 6666
825 4192 937 4255 negant,
963 4183 1060 4237 ationis
1086 4181 1265 4253 pertractatio
1296 4182 1331 4235 ari
1362 4180 1447 4235 aliurn
1468 4180 1572 4251 locum,
1603 4183 1734 4237 videlicet
1758 4184 1794 4238 ad
1807 4155 1935 4246 1111Μο

106 4289 162 4345 qua
195 4272 302 4327 ratione
341 4277 456 4327 mortem
492 4271 611 4326 hominis
652 4288 715 4326 cum
752 4273 867 4327 interitu
903 4290 937 4327 ac
967 4269 1120 4325 doctrinam
1148 4268 1184 4323 de
1203 4267 1323 4339 imagine
1342 4266 1395 4322 Dei
1412 4267 1441 4320 in
1462 4267 1552 4338 primo
1569 4268 1689 4337 bomine,
1708 4258 1923 4348 Pfflfi'ldiburim

106 4365 278 4434 narolsttpia
295 4359 453 4428 brutorum,
478 4376 496 4413 a
523 4375 579 4430 qua
601 4363 661 4412 toto
682 4374 784 4430 genere
805 4359 937 4416 distincta
963 4364 1042 4426 neat,
1062 4363 1235 4411 tamencum
1255 4355 1291 4408 ad
1311 4370 1409 4409 causae
1434 4353 1610 4409 mortalitatis
1628 4371 1794 4425 pernoscen·
1807 4361 1916 4402 moraris.

106 4454 161 4516 est,
186 4445 373 4514 confundunt,
399 4446 529 4517 quodque
548 4461 597 4516 per
613 4450 642 4499 et
659 4450 772 4516 propter
791 4452 935 4516 peccatum
964 4444 1014 4498 das
1035 4445 1094 4514 ejus
1115 4441 1238 4513 cognitio
1264 4440 1411 4511 plurimum
1430 4441 1569 4506 conferat,
1594 4441 1658 4496 ideo
1675 4459 1794 4498 summa·
1806 4411 1914 4511 111661,

106 4551 138 4590 ex
157 4532 261 4587 diaboli
280 4531 440 4588 seductione
462 4549 480 4587 a
498 4531 594 4601 primis
613 4531 775 4602 parentibus
795 4539 936 4604 perpetra·
963 4530 1011 4586 tim
1031 4547 1065 4584 ac
1089 4528 1210 4584 breviter
1236 4528 1329 4598 capita
1347 4534 1571 4599 argumentorum
1589 4527 1742 4598 Pelagiano
1760 4545 1794 4584 66
1808 4514 1922 4608 ffigffl‘

105 4628 164 4675 tum
180 4621 258 4690 justo
271 4619 324 4675 Dei
338 4619 445 4691 judicio
463 4618 492 4673 in
511 4626 638 4674 naturam
651 4617 799 4673 humanam
816 4619 851 4674 ad
869 4619 935 4674 ima·
963 4616 1127 4671 Photiniano
1171 4614 1255 4669 errori
1306 4612 1531 4683 opponendorum
1582 4613 1795 4685 assignabimus.

105 4708 199 4780 ginem
218 4704 272 4760 Dei
295 4710 323 4762 et
346 4706 383 4760 ad
407 4705 644 4761 immortalitatem
668 4705 807 4761 conditam
825 4706 936 4762 aliunde
963 4703 1086 4758 Primum
1104 4701 1214 4756 ducitur
1232 4700 1268 4753 at
1280 4700 1399 4753 bominis
1416 4701 1457 4752 ecl
1474 4698 1534 4752 Dei
1550 4700 1699 4767 imaginem
1717 4718 1795 4756 6666-

105 4794 246 4849 invectum
264 4797 315 4857 est,
335 4791 405 4847 illud
422 4792 527 4847 homini
546 4807 634 4864 aeque
654 4807 688 4845 ac
704 4790 793 4847 brutis
810 4794 936 4849 naturale
963 4792 1044 4846 tione.
1091 4786 1145 4853 Qui
1172 4786 1300 4841 conditus
1331 4790 1374 4839 est
1402 4785 1438 4839 ad
1468 4784 1617 4856 imaginem
1645 4786 1715 4853 Dei,
1747 4788 1795 4844 1116

105 4896 164 4937 esse
182 4893 311 4950 perverso
331 4894 364 4932 ac
383 4882 560 4947 praepostero
575 4877 683 4947 judicio
701 4884 834 4933 61616661.
864 4878 936 4934 Con·
964 4877 1046 4933 etiam
1077 4874 1237 4929 immortalis
1267 4877 1310 4951 est
1342 4890 1358 4926 6
1385 4871 1447 4925 Deo
1481 4872 1622 4941 conditus,
1656 4875 1794 4945 quomodo

105 4967 214 5022 ciliator
242 4965 342 5020 Petrus
373 4964 408 5020 de
427 4965 526 5035 Apono
552 4963 611 5019 6111.
639 4969 694 5020 119.
721 4965 834 5035 probat,
861 4966 935 5037 quod
962 4965 1036 5020 euim
1056 4963 1137 5018 homo
1156 4961 1277 5017 mortalis
1292 4961 1424 5016 exsistens
1444 4959 1497 5014 Dei
1515 4959 1677 5014 immortalis
1694 4960 1793 5032 imagi-

103 5051 206 5106 animal
222 5058 343 5121 nequeat
360 5049 389 5105 in
412 5055 553 5106 aeternum
573 5050 678 5120 rivere,
694 5055 727 5131 ο1.
748 5053 858 5106 ratione
873 5053 935 5119 pri·
962 5051 1070 5108 nemin
1088 5067 1117 5105 se
1136 5048 1286 5119 exprimere
1304 5045 1460 5118 potuisset?
1490 5045 1610 5101 Basilius
1625 5046 1654 5101 in
1668 5047 1792 5105 hexaem.

103 5155 165 5192 mae
188 5143 215 5191 et
239 5137 379 5190 66666666
404 5139 554 5205 materiae,
578 5137 645 5208 quia
668 5142 785 5208 utraque
811 5144 933 5204 661666-
961 5140 1032 5196 hom.
1052 5143 1097 5195 to:
1116 5134 1333 5204 incorruptibile
1344 5151 1400 5186 666
1411 5137 1550 5201 figuratur
1563 5134 1593 5186 in
1613 5135 1794 5203 corruptibili
1829 5190 1837 5217 Ι

102 5223 236 5298 ruptionis
265 5222 448 5294 principium,
475 5223 546 5278 illud
573 5228 668 5293 patere
696 5223 765 5278 dicit
790 5241 824 5280 ex
842 5224 889 5281 lib.
913 5230 933 5283 1.
960 5234 987 5280 61
1004 5223 1184 5296 cormtplibile
1203 5240 1257 5275 666
1279 5228 1319 5274 est
1337 5221 1430 5288 iniapo
1450 5220 1525 5288 ejus,
1550 5221 1793 5289 66οά6611666·-

101 5309 209 5383 physic.
226 5309 358 5364 hocvero
376 5326 409 5364 ex
427 5310 505 5366 libris
523 5309 631 5366 duobus
645 5311 680 5365 de
694 5317 756 5366 ortu
770 5311 933 5366 etinteritu.
960 5311 1101 5381 reptibile.
1144 5308 1208 5365 lam
1242 5323 1306 5360 vero
1333 5305 1414 5360 homo
1443 5305 1571 5359 conditas
1599 5312 1641 5360 est
1667 5308 1709 5360 ad
1735 5307 1794 5361 Dei

104 5403 128 5456 2.
139 5397 263 5451 Ratione
281 5396 403 5466 immae,
422 5395 488 5467 quia
504 5396 573 5452 haec
590 5402 622 5451 61
634 5404 675 5451 est
692 5396 779 5467 finita,
799 5396 839 5452 ita
855 5396 933 5452 finito
959 5400 1110 5467 imaginem
1130 5393 1200 5451 Gen.
1223 5399 1249 5458 1,
1271 5412 1296 5446 v.
1317 5398 1356 5449 27.
1397 5397 1471 5463 Ergo
1498 5391 1580 5446 etiam
1598 5392 1758 5447 immortalis
1776 5409 1793 5448 6

102 5488 227 5554 tempore
245 5480 385 5538 informat.
413 5487 435 5537 3.
452 5483 574 5537 Ratione
596 5482 754 5552 efficientis,
773 5482 839 5554 quia
858 5484 934 5539 calor
960 5485 1021 5540 Deo
1040 5481 1166 5539 conditus
1185 5490 1240 5550 est,
1259 5481 1332 5536 unde
1352 5497 1415 5535 cum
1434 5484 1530 5534 auctor
1550 5478 1612 5534 libri
1632 5477 1793 5551 Sapientiae

102 5567 278 5639 debilitatur,
301 5567 351 5639 qui
369 5584 426 5625 non
443 5586 552 5640 semper
568 5568 612 5640 id,
630 5568 707 5640 qnod
724 5568 859 5641 optimum
878 5576 928 5639 est,
956 5569 1084 5640 61616661,
1115 5568 1253 5625 hominem
1281 5585 1298 5624 a
1318 5567 1378 5624 Deo
1404 5567 1546 5624 conditrrm
1566 5563 1607 5621 ln*
1628 5563 1790 5639 ipoapalu,
