4104 6014
858 216 910 272 nn
937 214 1077 271 440444.
1755 227 1815 286 349

116 387 197 438 0000,
217 372 269 425 4οᾱ
286 370 522 427 40410001.Νο04
551 379 577 426 et
595 390 665 444 0004
684 373 811 444 opificem
831 373 953 426 laudare
965 365 970 465 l
982 379 1141 440 martyrum
1157 387 1266 441 preces,
1289 372 1496 440 praesuirentes
1513 375 1658 440 fuderunt,
1677 375 1770 428 0441400
1787 376 1818 427 10

117 456 224 511 dicitur
244 473 299 526 per
317 458 370 512 1400
387 459 497 527 ipsum,
524 461 602 528 qnod
620 459 759 513 uidentem
776 476 806 512 se
825 459 1096 543 oblectatffauribus
1121 460 1180 512 Dei
1203 467 1347 526 resonent,
1381 477 1436 512 non
1462 459 1547 512 aliter
1570 477 1605 512 00
1628 461 1655 513 si
1679 461 1731 514 hoe
1754 464 1817 530 ipso

117 543 184 598 Non
203 544 276 597 enim
294 551 351 597 tam
368 545 548 614 impatientes
568 553 632 598 sunt
650 544 749 614 sancti,
776 553 806 598 ut
825 552 952 614 0000004,
979 553 1114 599 incruento
1149 562 1197 598 eas
1225 546 1389 609 funderent.
1431 544 1616 599 Bellarminus
1642 545 1707 600 huic
1735 562 1817 617 expo·

110 630 177 699 jam
193 630 273 695 fieri,
304 633 382 700 00041
397 631 487 685 401004
506 632 794 701 40000400400410140
811 632 952 698 futurum,
977 632 1070 686 sitioni
1092 632 1217 702 opponit,
1236 634 1314 699 00041
1332 633 1425 685 400041
1442 640 1580 700 martyres
1601 634 1667 685 dum
1687 634 1818 699 viruerit,

116 718 261 786 00041000
279 717 436 787 anticipari
454 726 561 790 potest,
585 736 634 772 nee
660 719 782 788 differri.
821 717 952 771 Sedisca
978 737 1033 773 non
1056 719 1188 787 petierint
1211 736 1230 770 a
1250 719 1313 771 Deo
1335 719 1499 772 vindictam.
1536 718 1592 772 Sed
1616 718 1739 773 ostendit
1765 719 1817 774 hac

116 803 192 857 411040
218 805 365 858 0440οἀ044
381 805 478 874 coluit
498 805 710 859 vendicaturum
725 807 817 858 Deum
837 805 952 872 sanpur'-
979 802 1099 872 ratione,
1129 804 1158 856 in
1177 801 1327 874 Scripturis
1344 821 1374 858 44
1392 820 1452 859 esse
1471 804 1552 860 valde
1569 804 1720 875 hospitem,
1752 821 1816 859 cum

115 904 177 942 nem
200 897 360 944 sanctarum
383 909 512 961 suorum,
530 907 564 944 ne
583 891 650 961 qnia
671 899 729 945 tam
748 891 860 960 patiens
877 910 949 943 nunc
979 888 1098 957 plurima
1129 889 1158 943 in
1187 889 1242 944 illis
1270 889 1396 958 exempla
1421 895 1579 944 sanctorum
1602 889 1755 946 vindictam
1780 891 1815 946 de

114 976 242 1043 uidetur,
272 975 391 1029 inultum
414 985 563 1045 putaretur
587 978 703 1046 impium
728 977 844 1044 bellum,
874 977 952 1044 quod
977 975 1201 1044 persecutoribus
1226 976 1310 1031 etiam
1336 974 1365 1029 in
1389 975 1442 1029 hae
1465 976 1523 1030 vita
1546 977 1698 1046 petentium
1718 992 1815 1031 occur·

116 1068 216 1117 cantra
235 1069 346 1116 sanctos
362 1063 479 1133 peritur,
504 1070 534 1116 ut
554 1071 580 1117 ct
598 1071 733 1118 terrorem
752 1063 871 1117 incutiat
885 1079 951 1132 per·
976 1068 1051 1127 rant,
1072 1068 1167 1133 utpote
1188 1063 1304 1117 Daridis
1323 1062 1425 1118 Psalm.
1444 1069 1491 1131 28,
1510 1081 1533 1117 v.
1555 1070 1578 1118 4.
1599 1069 1622 1118 5.
1647 1061 1750 1117 Ρ40104.
1772 1068 1814 1135 59,

115 1148 292 1217 sequentihus
310 1150 371 1202 Dei
395 1166 489 1203 404004
514 1157 541 1204 44
563 1151 755 1205 exhortaretur
777 1168 832 1219 pro
850 1166 879 1203 se
897 1168 950 1221 pa·
977 1165 1002 1202 v.
1029 1153 1052 1202 6.
1078 1153 1129 1202 etc.
1161 1148 1263 1203 darem.
1290 1154 1337 1218 17,
1363 1166 1388 1203 v.
1416 1154 1453 1204 18.
1484 1147 1574 1203 Oscae
1592 1155 1622 1218 9,
1646 1167 1671 1205 v.
1696 1155 1733 1205 14.
1760 1149 1815 1203 1040

116 1236 223 1289 tientes.
281 1234 324 1289 Ex
355 1234 508 1291 Pontificiis
544 1236 723 1307 producimus
757 1235 889 1290 Ribsram
923 1233 951 1288 in
977 1232 1064 1303 ipsius
1084 1233 1186 1288 Christi
1205 1234 1307 1291 Psalm.
1326 1240 1368 1303 69,
1386 1253 1410 1290 v.
1432 1239 1473 1290 2³.
1491 1242 1542 1289 etc.
1579 1240 1603 1289 6.
1617 1234 1735 1289 Fatetur
1752 1235 1812 1305 ipse

117 1337 215 1376 comm.
242 1321 269 1377 14,
295 1321 313 1376 l.
352 1321 506 1384 Quaeritur
530 1323 658 1395 (inquit),
689 1325 828 1395 0440040410
848 1322 953 1375 mortui
978 1319 1170 1384 Bellarminus‚
1189 1337 1222 1374 err
1237 1322 1298 1375 solo
1317 1338 1399 1374 sensu
1419 1321 1529 1375 literati
1539 1323 1666 1389 firmaet
1679 1321 1808 1391 efficacia

117 1408 271 1462 uindictam
296 1416 394 1477 petunt
412 1412 447 1462 ds
467 1411 695 1474 interfectoribus
714 1410 787 1479 4014,
811 1408 953 1479 00040101
978 1415 1143 1475 0000400040
1158 1407 1221 1479 0041
1238 1425 1272 1461 ac
1291 1409 1361 1470 fidei
1377 1410 1512 1475 dopmuta
1528 1424 1733 1477 0000044440
1751 1424 1809 1475 040-

116 1501 146 1548 04
160 1495 305 1564 prosimos
317 1513 383 1550 suos
398 1497 551 1551 amabant!
563 1497 636 1550 absit
649 1504 739 1550 autnn
751 1504 782 1549 ut
795 1496 887 1550 suncti
897 1496 953 1548 sint
978 1493 1057 1546 441014
1079 1494 1205 1548 sensibus
1228 1495 1380 1564 efficaciter
1393 1496 1523 1564 probari,
1547 1495 1609 1549 libr.
1631 1500 1655 1550 3.
1679 1495 1714 1549 de
1736 1494 1811 1549 verb.

117 1581 148 1633 in
166 1581 223 1634 uita
241 1581 371 1645 feliciori
388 1583 523 1637 0444410144.
563 1581 696 1645 Quaestio
714 1583 804 1646 facule
824 1583 952 1648 soluitur,
979 1579 1032 1634 Dei
1047 1597 1107 1650 cap.
1125 1585 1147 1636 ³.
1164 1581 1224 1651 jam
1243 1598 1307 1637 vero
1326 1580 1355 1635 10
1372 1581 1494 1636 adducto
1512 1582 1572 1636 loco
1592 1581 1725 1638 recitatur
1743 1581 1812 1635 visio

116 1667 145 1720 si
176 1667 322 1736 dicamus,
365 1685 489 1736 corporo
534 1685 629 1721 eorum
667 1685 821 1737 conspersa
853 1684 953 1722 cruore
980 1667 1117 1737 quaedam
1136 1666 1263 1737 mystica.

118 1754 251 1809 ultionem
284 1757 319 1808 de
348 1754 576 1818 interfectoribus
602 1756 662 1808 4010
681 1764 791 1827 petere,
822 1756 952 1824 00040001-
1014 1757 1072 1807 tte.
1110 1758 1133 1807 2.
1162 1753 1329 1822 Scripturas
1352 1761 1450 1822 aperte
1474 1755 1574 1807 docent
1598 1752 1815 1807 communionem
1828 1757 1849 1798 2
1864 1769 1962 1800 sussu-

118 1842 232 1894 modum
253 1839 323 1896 Gen.
344 1845 368 1893 4.
397 1842 514 1911 sanquis
532 1842 604 1896 Aret
630 1842 735 1895 dicitur
762 1842 887 1895 clamare
914 1843 955 1894 acl
981 1837 1676 1908 0001041004010400140041400400411140040114144.
1696 1812 1943 1902 little-{nezibi}

121 1928 214 1981 Deum
238 1934 338 1981 eontra
364 1927 436 1982 Cain
462 1929 671 1994 interfectorem
677 1949 688 1996 ,·
720 1933 749 1982 44
768 1926 892 1981 Blaeium
919 1927 953 1980 de
981 1925 1103 1978 cessistis
1122 1927 1164 1978 ad
1182 1925 1329 1980 0001041004
1343 1926 1570 1997 primitivorum,
1609 1927 1659 1994 001
1679 1927 1710 1978 in
1731 1925 1816 1979 coelis
1828 1913 1947 2005 31¹¹,ssssss

120 2013 225 2083 Virgae
241 2013 271 2068 in
289 2031 386 2070 comm.
407 2014 434 2070 h.
452 2015 470 2071 1.
488 2032 553 2086 pag.
571 2020 636 2072 30³1
655 2015 820 2081 Martyrum
838 2015 954 2082 sanpuis
980 2019 1043 2064 sunt
1065 2012 1084 2064 i.
1112 2029 1134 2067 e.
1160 2012 1226 2066 estis
1251 2012 1368 2066 illorum
1394 2011 1474 2065 ciues.
1527 2011 1597 2081 Eph.
1621 2017 1645 2066 2.
1670 2010 1761 2066 Galat
1786 2018 1815 2068 4:
1829 2017 1929 2066 puseus.

16 2107 106 2149 44000.
120 2102 161 2153 ad
178 2099 284 2154 coelum
300 2101 414 2157 clamat.
460 2103 521 2156 Neo
540 2108 650 2155 cerate
668 2107 782 2169 moueat,
805 2102 952 2169 00001000
982 2098 1078 2150 Mater
1108 2106 1205 2151 nostra
1236 2105 1275 2151 cst
1295 2097 1466 2166 remam,
1496 2114 1569 2167 0000
1597 2105 1638 2152 est
1661 2098 1691 2151 in
1721 2097 1815 2156 000114.

120 2188 321 2254 conparasse
338 2187 449 2240 animae
465 2188 515 2240 sub
532 2187 623 2242 uitari
639 2187 835 2256 apparuerint,
854 2187 952 2239 etenim
980 2182 1038 2239 col.
1062 2190 1083 2239 1.
1108 2182 1178 2254 Eph.
1199 2191 1228 2240 t:
1263 2185 1391 2239 Christus
1416 2192 1456 2239 est
1483 2192 1569 2254 caput
1598 2200 1682 2254 snper
1709 2200 1816 2239 0000404

120 2273 146 2329 h.
172 2275 191 2328 l.
221 2273 333 2327 animae
360 2291 419 2343 pro
446 2273 553 2327 sanatis
579 2273 649 2342 ipsis
676 2280 829 2342 ponuntur,
863 2290 953 2342 00040-
982 2270 1135 2324 ecclesiam.
1175 2271 1215 2324 At
1235 2273 1392 2325 communio
1410 2271 1467 2324 ista
1487 2271 1573 2341 cripit
1586 2271 1761 2337 necessario,
1785 2277 1816 2324 ut

121 2361 273 2414 admodum
300 2368 325 2414 et
342 2376 427 2428 saepe
445 2360 522 2414 alias
540 2361 570 2413 in
591 2359 748 2429 Scripturis
761 2377 819 2430 pro
836 2359 954 2414 bomini·
981 2357 1104 2411 membra
1125 2374 1183 2425 pro
1207 2373 1237 2411 se
1259 2359 1377 2412 invicem
1400 2358 1456 2412 sint
1474 2358 1587 2412 solicita
1607 2367 1634 2411 et
1652 2357 1769 2412 inuicem
1786 2373 1817 2411 se

121 2447 171 2522 bus
187 2454 374 2516 usurpantur,
394 2445 465 2501 Gen.
484 2453 526 2503 46.
546 2449 692 2516 00410004·
710 2448 803 2500 altare
822 2447 956 2513 intellipr't
980 2445 1088 2512 juvent,
1111 2443 1181 2497 haec
1205 2443 1277 2497 enim
1305 2451 1345 2497 est
1363 2451 1467 2498 natura
1486 2445 1670 2498 membrorum
1690 2445 1741 2498 sub
1760 2461 1816 2498 uno

120 2535 199 2603 loca,
223 2534 272 2587 ubi
295 2551 416 2603 corpora
444 2541 596 2602 martyrum
621 2535 733 2603 sepulta
757 2535 862 2602 jacent.
906 2534 954 2587 At·
982 2531 1073 2599 capite
1102 2531 1251 2584 meantium
1279 2531 1359 2586 Rom.
1393 2536 1431 2586 12.
1462 2535 1483 2586 l.
1510 2530 1572 2587 Cor.
1604 2537 1643 2586 lt.
1691 2531 1816 2601 Respon-

121 2620 170 2692 qui
189 2619 213 2674 si
231 2620 436 2690 metaphoricus
461 2620 564 2674 elamor
583 2619 791 2674 interfectorum
810 2636 955 2689 corporum
983 2617 1092 2672 demus:
1139 2617 1358 2671 communionem
1401 2616 1535 2672 ecclesiae
1577 2618 1720 2671 militantis
1754 2635 1816 2672 cum

122 2706 295 2779 intelligitur,
321 2725 377 2762 non
394 2707 497 2778 poterit
515 2707 626 2777 proprie
645 2707 720 2762 dicta
737 2713 895 2762 sanctornm
916 2707 956 2759 in·
981 2703 1170 2774 triumphante
1206 2704 1394 2774 concedimus,
1434 2721 1486 2760 nec
1526 2704 1713 2776 refragamur,
1749 2722 1816 2776 quo·

121 2794 253 2850 tercessio
278 2812 312 2850 ex
329 2794 356 2848 h.
377 2794 394 2850 l
417 2793 542 2849 stabiliri.
583 2801 609 2852 4.
629 2793 658 2848 si
677 2800 784 2849 textum
801 2793 892 2864 ipsum
909 2809 955 2847 ac-
982 2790 1073 2845 minus
1096 2790 1158 2862 0014
1178 2790 1360 2861 probabiliter
1383 2808 1417 2846 ex
1435 2807 1470 2844 44
1488 2790 1616 2860 colligat,
1641 2791 1817 2846 4400404414-

122 2882 245 2936 onratius
270 2881 473 2951 expendamus,
503 2880 718 2936 introducuntur
741 2879 787 2934 hio
811 2885 956 2950 martyres,
982 2877 1092 2932 functas
1116 2878 1145 2930 in
1168 2895 1268 2945 000000
1291 2895 1341 2948 040
1367 2877 1651 2933 0440414414444144144
1674 2876 1817 2932 militantis

122 2972 259 3040 quatenus
280 2969 373 3022 adhuc
395 2967 425 3021 in
443 2968 524 3022 terris
541 2966 664 3021 militant
683 2973 711 3022 44
731 2967 852 3021 hostium
868 2966 954 3021 44441-
985 2979 1072 3030 04444,
1103 2964 1150 3018 sed
1176 2970 1371 3035 argumentum
1397 2965 1451 3019 hoe
1478 2964 1662 3034 apodicticam
1687 2981 1747 3018 4444
1769 2979 1815 3018 ne·

122 3053 189 3109 tiam
217 3053 408 3124 experiuntur,
442 3053 564 3107 nondum
590 3052 626 3106 ad
650 3052 832 3107 beatitudinis
853 3058 955 3106 statum
983 3066 1090 3120 gamus,
1109 3049 1196 3104 multo
1216 3051 1305 3122 magis
1322 3051 1525 3105 invocationem
1543 3057 1700 3106 sanctorum
1718 3049 1815 3105 defun-

122 3141 220 3196 evecti.
254 3140 326 3197 Nam
343 3140 452 3195 4010404
466 3155 560 3194 eorum
573 3138 704 3193 videntur
723 3140 773 3211 sub
788 3139 885 3207 altari,
900 3155 955 3192 non
984 3142 1091 3191 ctorum
1115 3153 1149 3190 ex
1175 3136 1229 3190 hac
1261 3136 1453 3191 communione
1480 3135 1542 3191 elici
1568 3153 1650 3206 posse
1674 3152 1816 3207 negamus.

117 3234 207 3299 40044
236 3228 337 3291 altare,
378 3226 452 3299 quod
476 3225 654 3280 Bernhardus
683 3243 763 3282 serm.
791 3233 815 3283 4.
845 3225 874 3280 10
894 3224 955 3280 fest.
984 3223 1056 3280 Nam
1086 3229 1105 3279 l.
1124 3224 1213 3278 sancti
1239 3223 1363 3278 defuncti
1383 3223 1413 3276 in
1431 3224 1464 3278 V.
1483 3223 1517 3278 T.
1541 3223 1713 3278 retinuerunt
1743 3237 1816 3276 oom-

124 3315 244 3369 omnium
263 3313 356 3369 Sanct.
376 3313 561 3385 illrpcpmnie
580 3312 619 3367 sic
637 3312 757 3383 exponit,
776 3313 956 3383 0004110041-
985 3311 1142 3366 munionem
1173 3327 1237 3364 cum
1268 3310 1371 3365 4400414
1402 3309 1571 3379 virentibus,
1604 3325 1694 3381 04000
1725 3315 1818 3363 tamen

124 3405 178 3466 fica
192 3404 251 3455 Dei
266 3401 373 3455 visione
391 3403 516 3456 nondum
532 3401 644 3465 fuerint
655 3401 817 3469 0404140041.
846 3399 956 3454 Deinde
985 3394 1046 3451 illos
1071 3413 1121 3467 pro
1140 3395 1183 3451 his
1203 3413 1295 3451 044444
1315 3413 1348 3451 ex
1368 3395 1543 3451 evidentibus
1559 3394 1720 3464 Scripturas
1736 3394 1970 3450 dictamnum.

124 3487 256 3543 tribuitur
271 3487 326 3543 illis
340 3489 452 3542 clamor.
477 3488 541 3543 Jam
552 3503 618 3542 vero
631 3492 785 3543 constater
798 3486 956 3557 Scripturis,
985 3482 1170 3539 demonstrari
1187 3487 1287 3553 potest,
1312 3488 1370 3536 tum
1389 3481 1455 3552 quia
1471 3480 1597 3535 defuncti
1616 3480 1656 3534 1111
1671 3482 1753 3551 juxta
1769 3481 1818 3535 ad-

124 3578 274 3631 clamorem
301 3575 456 3646 plerunque
479 3574 564 3630 tribui
588 3575 717 3631 membris
737 3573 869 3630 ecclesiae
887 3573 956 3627 mili·
985 3571 1168 3626 versariorum
1192 3568 1359 3640 hypothesin
1383 3567 1496 3623 fuerunt
1519 3567 1547 3621 in
1566 3567 1664 3636 limbo,
1693 3566 1820 3622 claruet

125 3660 843 3732 040100004οη444401044141444100004404144144
861 3660 957 3715 trium·
987 3657 1116 3713 beatifica
1139 3656 1194 3711 Dei
1218 3656 1324 3711 visione
1349 3655 1488 3723 destituti,
1519 3661 1578 3709 tum
1603 3654 1669 3726 quia
1693 3654 1820 3709 viventes

123 3750 228 3822 phanti.
277 3748 360 3803 Adde
391 3749 467 3819 quod
499 3753 599 3819 petant
634 3748 785 3802 vindictam
813 3746 958 3818 sanguinis
985 3762 1041 3799 000
1065 3742 1265 3815 compellarunt
1292 3743 1451 3811 defunctos,
1473 3747 1506 3796 ut
1528 3741 1580 3796 hoc
1604 3741 1725 3797 officinm
1751 3740 1821 3812 10414
1880 3811 1881 3815 ¹

123 3837 175 3902 sni,
201 3836 274 3907 qnod
297 3835 473 3906 Augustinus
505 3852 584 3889 serm.
608 3839 649 3889 34.
676 3834 711 3888 (14
734 3841 819 3904 44400.
843 3832 958 3904 exponit
983 3834 1174 3903 praestarent,
1202 3846 1266 3883 nam
1291 3834 1323 3883 ut
1342 3827 1527 3883 Bellarminus
1549 3844 1611 3898 cap.
1635 3845 1692 3898 seq.
1716 3827 1821 3894 scribit,

126 3923 160 3978 de
185 3922 326 3977 4444441004
350 3921 429 3991 regui
455 3920 571 3991 0444441.
612 3919 694 3987 Quis,
722 3920 826 3991 100014,
854 3923 958 3974 audeat
987 3936 1042 3970 non
1056 3917 1120 3982 suit
1147 3923 1308 3969 consuetum
1330 3915 1360 3967 in
1384 3914 1413 3969 V.
1435 3915 1466 3969 T.
1491 3921 1522 3967 ut
1541 3914 1697 3982 diceretur,
1724 3921 1820 3966 sancto

124 4010 285 4079 affirmare,
313 4025 374 4061 cum
398 4007 445 4061 itti
467 4006 560 4059 sancti
583 4007 735 4059 candidati
760 4007 958 4059 revendicare
986 4002 1132 4057 Abraham
1150 4020 1203 4056 aru
1218 4018 1275 4068 pro
1295 4016 1346 4056 me.
1380 4003 1405 4052 2.
1429 3999 1591 4055 Communia
1609 3999 1676 4064 ilia,
1701 3998 1741 4052 ait
1757 3998 1821 4053 Bel-

121 4096 263 4164 pctierint,
280 4100 379 4148 contra
396 4095 473 4163 ipsos
490 4093 623 4157 hornines,
650 4111 706 4146 non
724 4101 824 4145 contra
842 4109 958 4159 repnum
987 4088 1127 4151 larminus,
1145 4086 1303 4141 0000440410
1322 4085 1420 4153 eripit,
1439 4093 1469 4138 nt
1489 4086 1611 4137 membra
1626 4101 1684 4154 pro
1702 4101 1731 4137 se
1752 4083 1821 4136 inui-

122 4183 236 4252 pcccati
255 4181 392 4251 petiisse.²
417 4198 482 4233 nam
498 4179 563 4248 ipsa
583 4186 623 4232 est
641 4179 752 4232 4100000
768 4186 793 4231 04
807 4179 895 4248 01000
908 4179 957 4246 ju·
987 4193 1044 4229 cem
1074 4175 1130 4227 sint
1155 4173 1286 4241 solicita,·
1318 4187 1385 4242 ergo
1415 4177 1447 4225 ut
1469 4170 1543 4225 beati
1566 4169 1595 4223 in
1618 4169 1695 4226 coelo
1721 4168 1821 4224 soliciti

124 4269 218 4322 stitiac
250 4269 376 4322 uindicta
407 4274 577 4334 0400404004,
608 4272 639 4318 04
671 4272 812 4317 coenatur
840 4283 957 4334 4000004
986 4268 1051 4318 4004
1076 4262 1110 4316 de
1135 4259 1215 4315 uobis
1242 4265 1271 4313 et
1297 4259 1415 4313 salutern
1440 4262 1562 4311 nostram
1587 4257 1665 4312 seriis
1691 4256 1821 4327 precibus

123 4355 244 4424 pcccati,
272 4370 327 4424 000
350 4359 484 4420 00000040
506 4359 586 4406 40040
603 4350 733 4420 perpessi
750 4358 828 4414 0004,
853 4352 895 4404 ad
912 4370 958 4405 00-
985 4353 1159 4419 promovent,
1182 4347 1222 4400 144
1245 4360 1356 4417 quoque
1379 4362 1428 4399 nos
1455 4343 1617 4399 deberemus
1642 4360 1702 4399 4444
1720 4343 1822 4399 40114141

125 4442 172 4508 ius
213 4442 297 4495 etiam
339 4439 507 4492 0004410000
542 4439 643 4492 nititur
681 4438 826 4507 apostolus
863 4439 958 4491 dicens
982 4435 1021 4489 de
1041 4435 1109 4505 ipsis
1129 4439 1156 4488 et
1176 4450 1270 4488 eorum
1288 4432 1406 4486 salntem
1420 4445 1590 4501 promovere.
1629 4430 1684 4486 Sed
1703 4429 1755 4485 hoe
1774 4448 1821 4501 po·

126 4527 203 4583 Rom.
232 4533 263 4582 6:
294 4529 360 4581 Nan
388 4542 454 4593 erpa
483 4533 579 4595 400044
606 4532 756 4594 peccatum
784 4524 815 4576 in
844 4525 961 4578 mortali
987 4521 1087 4576 sterius
1124 4523 1264 4589 repugnat
1300 4518 1422 4588 ipsorum
1459 4515 1543 4570 statui
1579 4532 1612 4570 ac
1646 4516 1822 4586 beatitudini,

125 4623 216 4669 vestro
242 4628 368 4682 corpore.
413 4609 541 4682 Denique
567 4611 697 4667 dicuntur
730 4609 846 4680 singulis
877 4611 959 4665 datae
987 4608 1062 4679 quod
1082 4607 1155 4663 enim
1175 4609 1235 4678 jam
1256 4610 1320 4660 ante
1339 4622 1357 4659 4
1376 4605 1435 4660 1140
1453 4608 1650 4674 perceperunt,
1672 4620 1722 4658 044
1744 4604 1822 4659 amit·

127 4700 215 4755 stolae
237 4698 333 4767 albae,
357 4713 427 4768 quae
454 4696 579 4767 plerique
606 4696 769 4766 interpretes
786 4697 821 4752 de
841 4696 959 4752 beatitu-
987 4702 1045 4750 tere
1063 4693 1121 4749 0114
1137 4693 1244 4748 ratione
1260 4696 1385 4762 possunt,
1403 4690 1473 4744 illud
1490 4696 1522 4744 ut
1539 4690 1583 4744 rel
1602 4690 1756 4762 acquirant,
1775 4689 1820 4745 vel

128 4786 192 4841 dine
225 4791 253 4841 et
286 4782 374 4856 gloria
403 4781 557 4837 animarum
588 4788 779 4854 separatarum
810 4790 959 4854 exponunt.
987 4787 1165 4847 conservent,
1195 4779 1299 4833 frustra
1331 4795 1348 4833 a
1381 4779 1442 4832 Deo
1478 4777 1589 4847 petitur.
1632 4777 1708 4848 Ergo
1739 4777 1822 4831 etiam

130 4873 290 4928 Communis
309 4870 445 4940 expositio
465 4876 518 4932 est,
536 4868 577 4923 ait
594 4869 700 4941 Viegas
718 4870 745 4925 d.
764 4869 783 4923 l.
806 4869 960 4938 1044111000-
988 4867 1064 4937 04104
1090 4882 1124 4920 ex
1150 4865 1198 4920 illa
1224 4864 1416 4920 communione
1443 4880 1499 4918 000
1522 4868 1614 4934 004444
1638 4863 1753 4917 firmiter
1776 4862 1823 4917 de-

128 4961 195 5012 dam
215 4975 272 5011 esse
289 4955 523 5027 plurificaticnem
540 4954 660 5020 animas,
680 4971 751 5024 0000
771 4955 877 5008 4000414
897 4964 961 5009 ante
988 4952 1061 5007 duci.
1101 4950 1131 5004 Si
1161 4950 1197 5005 ad
1224 4949 1348 5005 membra
1377 4949 1511 5006 ecclesiae
1538 4950 1567 5003 in
1595 4948 1757 5021 purgatorio
1783 4946 1823 5000 14-

129 5046 359 5100 resurrectionem
377 5060 527 5112 corporum
546 5041 686 5097 tribuitur.
728 5042 768 5093 At
783 5039 806 5093 si
826 5041 961 5111 glorifica·
988 5038 1111 5094 berantis
1147 5035 1299 5106 confugere
1332 5035 1435 5100 velint,
1471 5035 1637 5108 principium
1676 5032 1823 5089 manifeste

128 5133 232 5187 tionem
256 5130 332 5185 111440
359 5130 467 5185 animae
486 5133 654 5197 acceperunt
671 5127 781 5181 demum
797 5133 861 5196 post
878 5125 962 5181 istum
990 5130 1095 5196 petunt.
1133 5130 1157 5180 3.
1185 5122 1356 5193 Prophetae,
1383 5122 1502 5194 apostoli
1527 5130 1556 5178 et
1575 5122 1679 5191 saneti,
1705 5136 1823 5192 quorum

128 5220 290 5282 clamorem,
315 5235 381 5289 ergo
399 5233 454 5287 000
471 5223 595 5284 44040044
614 5212 820 5277 clamaverunt,
840 5212 962 5267 nondum
989 5211 1119 5267 historiae
1150 5210 1179 5264 in
1207 5209 1245 5264 V.·
1264 5226 1297 5264 44
1323 5209 1357 5266 N.
1382 5209 1417 5267 T.
1448 5215 1598 5287 annotatae
1623 5212 1749 5274 exstant,
1776 5207 1823 5261 ha-

130 5306 207 5361 fuere
227 5304 256 5359 10
273 5309 348 5359 statu
367 5302 413 5359 illo
427 5298 608 5358 beatitudinis
625 5306 654 5354 44
673 5298 786 5370 gloriae.
834 5305 857 5354 5.
876 5297 961 5354 Bren·
989 5298 1111 5354 buerunt
1137 5295 1357 5352 communionem
1390 5313 1453 5352 cum
1484 5295 1602 5351 40414414
1626 5293 1824 5365 triumphante.

128 5392 185 5447 tius
202 5391 364 5462 respondet,
396 5408 455 5445 esse
474 5390 574 5443 101400
598 5386 703 5440 cisione
717 5385 963 5456 prosopopoeiam,
992 5387 1029 5441 ht
1046 5383 1174 5455 nuspiam
1191 5383 1323 5455 leguntur
1342 5383 1387 5438 vel
1403 5401 1454 5454 pro
1469 5382 1608 5438 defunctis
1620 5381 1650 5437 10
1663 5381 1823 5454 purgatorio

128 5481 210 5550 cujus
223 5495 320 5533 400404
334 5495 369 5532 00
381 5494 483 5547 scopus
496 5476 533 5530 sit
546 5473 698 5539 0440004040,
712 5474 790 5540 00041
799 5478 960 5526 sanctarum
991 5471 1157 5527 sudantibus
1176 5485 1282 5542 044444,
1300 5469 1351 5526 vel·
1363 5468 1510 5526 defunctos
1530 5468 1559 5524 in
1578 5467 1656 5525 coelo
1675 5473 1823 5541 regnantes
