4104 6014
917 308 969 364 Dll
992 306 1131 366 MORTE.
1821 323 1859 381 35

164 466 208 516 91.
226 460 256 515 in
274 477 329 533 quo
347 461 524 517 revelationis
544 462 618 518 illius
637 463 740 519 mentio
760 463 804 535 lit,
827 464 922 520 itidem
935 481 997 534 sup
1026 463 1132 520 nullum
1151 472 1241 521 exstat
1258 467 1288 521 iu
1307 467 1407 523 divinis
1426 468 1604 532 mandatum,
1632 468 1738 524 nullum
1759 468 1859 540 proba-

163 545 304 616 posititius
324 554 373 616 est,
392 549 467 619 quod
486 551 613 622 agnoscit
631 550 692 623 ipse
704 551 841 607 Beronius
859 569 922 608 ann.
937 557 996 608 362.
1025 558 1084 604 tum
1101 553 1266 624 exemplum,
1283 552 1362 608 nulla
1378 554 1531 625 promissio,
1549 560 1592 609 est
1609 555 1696 627 igitur
1708 555 1857 628 ἐθελοθρη-

162 650 238 691 num.
257 639 299 690 25.
317 633 366 689 ubi
384 636 498 704 scribit,
516 644 603 691 totam
619 638 697 692 illud
720 656 824 709 corpus
841 655 997 694 sermonum
1025 641 1103 692 ousta
1122 655 1156 693 ac
1178 638 1345 708 superstitio.
1391 645 1415 697 3.
1434 640 1605 712 Nicephorus
1631 639 1695 695 libr.
1719 645 1743 695 t.
1761 640 1855 696 histor.

163 735 222 773 esse
239 720 456 790 supposititium.
496 721 577 778 Certe
594 723 703 794 phrasis
718 740 814 779 eorum
831 732 875 780 est
891 725 994 794 inepta,
1024 723 1122 780 eccles.
1142 741 1166 777 c.
1189 730 1228 780 19.
1248 724 1283 779 de
1304 725 1415 797 ignatio
1435 735 1582 792 memorat,
1616 727 1689 797 quod
1713 742 1776 781 ossa
1795 728 1857 798 ejus

161 804 333 877 impropria,
372 807 510 863 lutulenta
544 816 573 865 et
603 827 622 866 a
650 811 810 867 charactere
844 810 996 884 Augustini
1022 808 1152 865 solidiora
1168 811 1252 879 lonpc
1274 819 1395 880 tempore
1409 820 1476 881 post
1502 813 1563 881 ejus
1581 812 1748 881 martyrium
1766 811 1856 868 Roma

162 891 311 961 plurimum
347 893 515 966 discrepans.
557 895 594 950 Et
618 897 685 968 quid
714 895 829 951 multis?
859 897 919 967 ipsa
938 898 995 968 epi·
1021 895 1199 951 Antiochiam
1217 897 1273 951 sint
1293 898 1399 967 delata,
1427 897 1531 954 fatetur
1549 898 1649 970 igitur.
1678 915 1708 955 se
1726 897 1854 969 ignorare

161 979 233 1034 stola
248 979 366 1036 Luciani
386 981 454 1037 satis
472 998 533 1038 sese
549 983 650 1054 prodit,
668 984 743 1056 quod
755 984 792 1039 sit
809 983 993 1055 supposititia,
1022 989 1148 1052 tempus,
1179 1000 1233 1055 quo
1251 983 1444 1040 translationes
1464 983 1529 1039 illae
1548 984 1728 1056 reliquiarum
1747 1001 1781 1039 ex
1799 1000 1854 1039 uno

161 1064 202 1121 sic
229 1066 302 1121 enirn
330 1066 360 1121 in
387 1084 420 1123 aa
445 1068 521 1140 loqui
552 1069 735 1125 introducitur
755 1069 905 1126 Gamaliel:
939 1070 995 1132 Qui
1020 1068 1081 1125 loco
1098 1069 1128 1123 in
1145 1069 1231 1124 alium
1248 1071 1395 1142 coeperint.
1432 1071 1505 1126 Illud
1523 1077 1629 1126 certum
1648 1078 1702 1136 est,
1730 1069 1805 1142 quod
1823 1069 1853 1124 iu

161 1169 267 1207 manem
286 1153 316 1206 in
323 1161 410 1222 purte
428 1157 596 1211 maumonii
612 1157 747 1212 orientali
759 1158 857 1226 jacet,
874 1157 935 1226 ipss
952 1165 993 1210 est
1020 1154 1138 1210 eeclesia
1166 1156 1307 1228 primitiva
1332 1157 1498 1227 apostolicae
1525 1157 1618 1212 vicina
1642 1174 1695 1211 usu
1723 1161 1852 1227 receptae

161 1238 291 1292 domiws
315 1238 491 1308 Stephanus,
524 1243 573 1310 qui
595 1243 740 1311 lapidatus
764 1251 805 1296 est
830 1263 850 1297 o
869 1243 993 1297 Judceis
1019 1241 1142 1297 nondum
1159 1243 1270 1300 flierint.

159 1325 383 1396 forisportam,
410 1343 482 1396 quac
500 1337 541 1383 est
560 1331 602 1382 ad
620 1329 794 1399 aquilarum,
820 1329 870 1400 qui
887 1328 992 1382 dicitu
1057 1335 1113 1384 121.
1149 1329 1284 1386 Octavum
1303 1335 1497 1403 argumentum
1517 1329 1636 1386 desumit
1653 1345 1687 1384 ex
1705 1344 1754 1397 eo,
1774 1330 1851 1397 quod
1863 1313 1980 1413 ξοξζίξζζ

161 1411 203 1463 ad
223 1407 330 1481 Oedar,
363 1412 413 1466 uli
428 1413 524 1482 jacuit
547 1415 692 1483 proiectus
712 1415 759 1467 die
786 1431 820 1467 ac
837 1421 932 1482 nocte,
961 1421 992 1467 ut
1018 1416 1159 1485 reliquiae
1190 1419 1241 1471 sub
1273 1417 1413 1471 citandus
1448 1419 1653 1484 recondantur,
1692 1416 1769 1484 quod
1810 1415 1851 1469 ad
1864 1418 1987 1510 “ww

159 1496 322 1564 sepulturas
354 1517 410 1552 non
443 1501 619 1567 nudamur,
647 1502 797 1554 secundum
828 1502 990 1554 mandatum
1019 1502 1146 1570 ipsarum
1172 1505 1304 1561 imorem
1331 1503 1463 1572 pertinet.
1517 1501 1740 1571 Respondemus:
1771 1505 1794 1555 1.
1820 1497 1850 1554 Si
1862 1479 1933 1562 :im
1946 1474 1979 1510 ⁸⁸⁶

160 1580 310 1650 impiorum
324 1583 496 1653 principum,
515 1594 545 1639 ut
564 1603 584 1639 a
597 1587 673 1651 seris
691 1595 905 1643 cananaeus.
946 1588 990 1640 En
1018 1587 1151 1660 reliquias
1169 1588 1221 1643 sub
1239 1587 1374 1644 altaribus
1392 1592 1458 1663 eunt
1475 1586 1681 1657 recondendae,
1713 1602 1779 1657 ergo
1797 1601 1852 1640 nou

160 1670 279 1723 Domini
297 1678 388 1725 autem
407 1672 549 1727 uoluntas
565 1691 620 1728 non
641 1674 731 1744 tetigit
751 1690 811 1727 eum
831 1675 918 1728 echis
935 1691 992 1727 non
1019 1681 1085 1730 sunt
1109 1676 1144 1730 ad
1165 1675 1324 1746 religiosam
1354 1673 1558 1733 venerationem
1589 1670 1852 1744 circumgestaudae,

159 1758 225 1821 fera
253 1757 354 1826 bestia,
383 1776 438 1812 non
454 1760 530 1826 acu,
556 1779 611 1813 non
634 1761 721 1814 canis.
758 1762 822 1829 Epo
848 1759 993 1814 Gamcliel
1019 1779 1052 1817 ac
1080 1761 1185 1832 populo
1214 1760 1371 1816 Christiano
1399 1761 1436 1814 ad
1466 1759 1681 1815 exosculandum
1711 1758 1771 1831 opis
1803 1756 1852 1810 im-

160 1844 331 1912 compatisns
350 1842 457 1898 Christi
481 1845 608 1900 ministro
629 1846 767 1911 festinaui
791 1846 892 1900 ictas
921 1862 991 1899 mer·
1021 1848 1173 1919 patrandae
1203 1864 1288 1903 causa
1315 1846 1518 1917 proponendae.
1570 1850 1592 1900 2.
1621 1844 1760 1915 Tempore
1786 1842 1852 1898 Am·

160 1931 254 1984 eedem
272 1931 302 1983 in
321 1932 445 1986 Domino
464 1939 491 1985 et
505 1940 617 2000 partem
637 1949 698 2004 cum
716 1940 815 1987 sancto
833 1933 896 1986 uiro
909 1933 992 2001 fidei,
1019 1935 1104 1991 brosii
1128 1934 1251 1989 nondum
1278 1933 1413 1988 usitatum
1437 1940 1511 2001 erat,
1540 1931 1672 2003 reliquias
1699 1937 1852 2001 martyrum

159 2015 223 2068 urin
242 2032 298 2085 per
321 2024 428 2071 noctem
454 2024 572 2088 quantos
585 2025 717 2087 poteram
742 2017 891 2085 relipiosos
912 2017 991 2072 Cltri-
1019 2039 1109 2091 supra
1143 2039 1277 2074 summam
1310 2020 1402 2074 altare
1431 2018 1573 2088 collocari,
1604 2022 1675 2072 sicut
1705 2017 1787 2072 hodie
1823 2016 1851 2070 in

158 2103 265 2157 niueos
292 2111 318 2157 ct
340 2105 476 2174 persuasi
497 2104 558 2158 illis
584 2105 627 2158 ire
650 2106 769 2174 occulte,
799 2115 830 2159 ut
845 2111 992 2174 portarent
1019 2112 1128 2178 papatu
1145 2105 1185 2176 lit,
1203 2105 1283 2160 illum
1302 2105 1376 2164 euim
1392 2105 1483 2160 locum
1496 2104 1606 2159 Christo
1625 2111 1658 2158 ut
1677 2103 1784 2158 hostiae
1801 2119 1851 2170 pro

159 2205 262 2258 corpses
279 2190 341 2259 ejus
360 2208 419 2246 meo
437 2192 562 2246 uehiculo
582 2194 612 2246 in
631 2193 730 2247 camni
749 2210 852 2262 meam,
879 2192 929 2246 loc
951 2198 992 2244 cst
1019 2192 1142 2262 peccatis
1169 2192 1254 2246 totius
1281 2190 1378 2245 mundi
1404 2189 1516 2246 oblatae
1533 2188 1628 2246 deberi
1647 2187 1851 2254 existimabant,

161 2275 403 2346 Caplarqamala,
427 2279 528 2350 cipinti
545 2281 639 2335 millia
656 2280 759 2334 hodene
775 2300 795 2334 a
813 2281 938 2343 cicade,
966 2288 991 2332 et
1018 2278 1067 2333 sed
1087 2279 1138 2333 sul
1156 2278 1254 2344 altari,
1271 2282 1304 2331 ut
1323 2276 1371 2348 qui
1388 2275 1494 2331 Christi
1507 2277 1628 2330 redemti
1643 2274 1851 2343 sintpassicne,

160 2361 201 2415 iu·
213 2364 302 2432 posui
318 2380 380 2418 sum
398 2364 429 2418 in
446 2375 620 2421 monsmrento
639 2384 698 2422 meo
716 2385 784 2421 nouo
805 2371 858 2422 etc.
903 2364 990 2436 Atqui
1019 2365 1109 2437 inquit
1126 2365 1290 2421 Ambrosius
1309 2364 1358 2418 lib.
1380 2372 1402 2420 1.
1424 2364 1503 2436 epist.
1525 2369 1567 2420 85.
1587 2362 1636 2418 ubi
1660 2361 1752 2428 addit,
1778 2361 1851 2414 hunc

159 2447 251 2504 Lucas
268 2450 331 2505 Act.
351 2456 382 2519 8,
413 2469 439 2506 v.
467 2458 490 2509 2.
515 2452 620 2509 nullam
637 2452 706 2508 facit
724 2452 890 2509 mentionem
917 2451 991 2506 illius
1017 2470 1067 2522 eqo
1087 2453 1179 2508 locum
1193 2451 1475 2522 praedestinaveram
1491 2451 1569 2515 milii,
1581 2450 1697 2521 dignum
1711 2457 1752 2502 est
1769 2447 1850 2516 enim,

159 2534 330 2591 crudelitatis
349 2536 465 2603 hostilis,
483 2539 557 2610 quod
575 2539 722 2594 uoluerunt
740 2556 841 2611 corpus
853 2538 987 2609 Stephani
1017 2547 1047 2592 ut
1071 2538 1112 2591 ibi
1136 2539 1293 2610 requiescat
1316 2539 1464 2606 sacerdos,
1495 2537 1544 2591 ubi
1574 2537 1677 2608 offerre
1701 2534 1850 2601 consuerit,

159 2619 319 2690 sepulturae
340 2624 427 2694 tradi,
456 2642 508 2680 nec
525 2624 652 2680 miraculi
671 2625 759 2695 illius,
789 2625 863 2697 quod
890 2642 990 2695 eorpus
1017 2629 1069 2679 sed
1086 2628 1157 2680 cedo
1176 2625 1268 2679 locam
1285 2624 1462 2693 marturiense.
1507 2623 1545 2678 Et
1568 2622 1635 2696 quia
1660 2636 1757 2693 preces
1777 2635 1850 2674 oom-

160 2705 211 2762 sub
238 2707 285 2762 dio
311 2710 465 2781 projectum
506 2710 583 2766 nulla
608 2710 668 2767 iera
700 2711 838 2782 attingere
864 2710 989 2778 voluerit,
1017 2728 1113 2767 munes
1151 2728 1200 2766 serr
1237 2711 1366 2782 publicae
1402 2710 1507 2766 fiebant
1547 2710 1576 2765 in
1612 2705 1850 2764 administratione

159 2809 209 2848 uec
239 2795 427 2851 translationis
457 2796 543 2866 illius,
574 2797 648 2868 quod
680 2814 714 2852 ex
737 2796 931 2868 Hierosolyma
960 2797 989 2852 iu
1016 2798 1215 2867 eucharistiae,
1246 2796 1309 2852 ideo
1338 2796 1467 2854 Julianus
1508 2796 1584 2867 apud
1614 2793 1749 2866 Cyrillnm
1783 2790 1851 2847 dicit

158 2879 251 2936 villam
265 2881 365 2954 viginti
382 2881 504 2938 millibus
523 2899 656 2954 passuum
683 2883 719 2937 ab
746 2883 816 2938 urbe
841 2883 989 2939 distantem
1015 2885 1063 2942 lib.
1082 2893 1108 2942 6.
1127 2890 1156 2941 et
1176 2890 1214 2940 10.
1249 2883 1426 2939 Christianos
1449 2886 1528 2953 apud
1550 2883 1681 2952 sepulcra
1694 2887 1848 2949 martyrum

157 2983 258 3038 corpus
289 2967 423 3040 Stephani
452 2968 536 3024 fuerit
566 2968 724 3040 derecurm,
750 2970 800 3026 sed
829 2970 989 3041 simpliciter
1014 2973 1158 3026 invocasse
1177 2971 1338 3025 Dominum.
1392 2975 1415 3026 3.
1433 2969 1574 3040 Repositio
1598 2968 1776 3039 reliquiarum
1795 2963 1847 3019 sub

159 3052 236 3108 dicit:
267 3054 444 3110 &transmeat
467 3055 640 3125 Stephanum
670 3056 727 3110 ciri
759 3057 894 3126 religiosi.
944 3056 988 3112 De
1015 3058 1151 3114 altaribus
1181 3064 1305 3128 tempore
1337 3055 1511 3112 Constantini
1540 3055 1650 3110 demum
1670 3052 1762 3123 coepit
1788 3050 1848 3105 sine

158 3139 251 3196 Abibo
275 3139 333 3196 filio
363 3158 413 3198 suo
430 3141 568 3198 Gamaliel
585 3141 667 3212 dicit,
697 3145 774 3214 quod
792 3143 988 3198 immaculatus
1015 3144 1175 3216 Scripturae
1193 3143 1323 3198 mandato
1342 3150 1370 3198 et
1389 3142 1448 3198 siue
1463 3141 1655 3215 praecedentis
1675 3136 1847 3210 antiquitatis

158 3244 190 3280 sa
221 3234 301 3282 utero
330 3229 432 3282 matris
461 3246 529 3283 suae
556 3246 571 3282 e
600 3232 705 3283 mundo
735 3231 894 3294 merserit,
924 3248 987 3285 oum
1015 3231 1152 3302 exemplo,
1182 3246 1254 3302 quae
1272 3228 1350 3284 initio
1369 3229 1481 3300 quidem
1505 3230 1565 3284 selo
1582 3227 1694 3298 pietatis
1713 3229 1844 3295 suscepta

159 3312 303 3384 Scriptura
322 3320 453 3381 testetur,
471 3316 609 3371 neminem
630 3332 663 3370 ex
683 3321 763 3372 utero
780 3316 875 3371 matris
893 3317 988 3370 imma·
1015 3325 1072 3386 est,
1103 3323 1217 3388 propter
1245 3332 1323 3383 spem
1350 3315 1557 3371 resurrectionis
1585 3321 1614 3370 et
1637 3310 1847 3385 glorificationis

157 3398 281 3454 sulatum
298 3401 384 3469 nasci,
403 3401 452 3457 sed
469 3401 577 3472 peccati
595 3402 755 3474 contagium
773 3419 866 3458 secum
879 3402 987 3460 afferre.
1015 3407 1124 3462 illarum
1148 3402 1342 3475 reliquiarum,
1375 3418 1446 3475 quae
1472 3400 1501 3456 in
1524 3401 1583 3456 rita
1605 3399 1719 3455 luerunt
1745 3397 1848 3469 templa

158 3485 299 3542 lohannes
329 3487 366 3542 ad
397 3487 552 3543 Lucianum
583 3488 623 3543 sic
654 3489 762 3545 locutus
787 3489 986 3545 introducitur:
1014 3490 1068 3546 Dei
1089 3497 1118 3546 et
1134 3505 1241 3561 organa
1258 3488 1377 3561 Spiritus
1395 3489 1485 3544 sancti
1503 3487 1695 3544 resuscitanda
1708 3486 1744 3540 ad
1761 3485 1848 3540 vitan

160 3573 194 3628 Si
215 3576 285 3628 hacc
311 3575 352 3628 sic
374 3592 403 3628 se
427 3576 540 3644 halent,
572 3583 603 3629 ut
620 3577 706 3644 dicis,
737 3583 764 3629 st
780 3576 921 3631 Dominus
939 3577 990 3631 tibi
1015 3584 1170 3640 aeternam,
1189 3582 1217 3631 et
1234 3582 1348 3647 propter
1367 3574 1584 3629 exhortationem
1604 3574 1640 3628 ad
1666 3572 1847 3628 imitationem

159 3662 293 3715 revelavit
320 3663 489 3731 temporibus
507 3663 625 3731 metris,
660 3670 767 3732 oportet
793 3680 834 3717 me
855 3665 988 3733 colliqsrs
1015 3664 1088 3734 fidei,
1107 3661 1266 3733 patientiae,
1283 3659 1456 3716 constantiae
1484 3667 1512 3715 at
1530 3659 1646 3715 aliarum
1667 3660 1798 3714 virtutum
1817 3657 1847 3713 in
1907 3664 1908 3669 ’

158 3749 193 3801 eis
205 3749 381 3819 possessione
399 3749 453 3803 illa
472 3750 565 3804 duem
581 3749 663 3804 illum
674 3751 989 3818 mouimumarotorem,
1016 3748 1193 3820 martyribus.
1223 3747 1264 3803 Ut
1283 3747 1355 3802 euim
1373 3752 1497 3818 ternpore
1514 3748 1702 3818 apostolorum
1715 3745 1848 3819 adsigni-

158 3835 208 3904 φη·
235 3844 261 3889 st
293 3851 378 3890 carro
403 3837 517 3906 efferato
542 3843 627 3904 aptus
650 3836 701 3906 sit,
729 3844 755 3890 et
781 3837 921 3892 dimittere
938 3840 991 3892 tibi
1015 3835 1151 3892 ficaudam
1175 3851 1252 3906 spem
1271 3832 1479 3889 resumectionis
1496 3833 1568 3888 actio
1587 3832 1720 3905 baptismi
1745 3830 1848 3887 alicubi

156 3923 359 3990 possessionem
388 3939 448 3975 mm
475 3920 601 3975 omnibus
629 3923 736 3976 oneris.
788 3923 828 3978 At
847 3925 910 3996 quis
927 3928 988 3993 {non
1016 3940 1100 3994 super
1117 3927 1240 3977 mortuos
1264 3921 1322 3977 sive
1345 3938 1431 3990 super
1454 3921 1588 3991 sepulcra
1602 3919 1847 3975 administrabatur

159 4008 243 4074 ridet,
262 4007 401 4063 sordidam
431 4007 508 4063 illam
539 4008 753 4080 phraseologian
784 4010 888 4065 indicio
920 4028 987 4080 esse,
1017 4018 1040 4068 1.
1059 4009 1121 4066 Cor.
1143 4016 1183 4083 15,
1200 4026 1227 4064 r.
1245 4013 1286 4065 29.
1305 4007 1344 4063 sic
1362 4008 1531 4063 eucharistia
1547 4005 1734 4063 administrari
1753 4003 1846 4075 potuit

159 4095 234 4167 quod
264 4095 292 4150 in
322 4095 518 4151 monachorum
553 4095 681 4151 claustris
712 4095 782 4150 haec
811 4097 929 4167 epistola
953 4099 990 4153 sit
1015 4114 1099 4168 super
1122 4111 1239 4167 corpora
1260 4099 1413 4165 martyrum
1439 4100 1468 4149 et
1489 4094 1576 4150 oratio
1604 4092 1640 4148 ad
1659 4093 1749 4148 Deum
1766 4089 1847 4145 tundi

159 4182 298 4237 consuta?
327 4181 413 4253 Apud
430 4180 606 4237 Theodorum
624 4182 753 4237 lectorem
767 4183 819 4238 sub
831 4182 988 4240 Theodosio
1014 4184 1089 4254 apud
1114 4184 1241 4254 sepulcra
1265 4188 1417 4253 martyrum
1443 4182 1472 4235 in
1491 4180 1540 4236 illa
1566 4179 1622 4234 lide
1642 4178 1763 4244 Christi,
1794 4193 1846 4248 pro

154 4269 267 4341 juniore
286 4268 421 4340 Stephani
446 4268 572 4340 integrae
590 4268 724 4340 reliquiae
748 4268 906 4325 scribuntur
921 4271 987 4326 Hie·
1015 4287 1071 4343 qua
1088 4275 1224 4340 martyres
1243 4267 1343 4323 mortui
1362 4274 1454 4332 eraut;
1473 4268 1522 4323 sed
1539 4281 1686 4338 progressu
1713 4263 1845 4334 temporis

157 4354 302 4427 rosolymis
334 4353 592 4424 comtantiuopolin
635 4355 803 4424 translatae,
841 4362 870 4412 et
911 4358 986 4429 apud
1016 4358 1080 4413 huic
1100 4356 1273 4412 translationi
1293 4364 1321 4410 et
1334 4355 1494 4425 repositioni
1508 4353 1686 4424 reliquiarum
1698 4351 1751 4406 sub
1764 4349 1846 4406 altari

157 4442 346 4515 Augustinum
374 4439 423 4495 lib.
451 4446 492 4496 tl.
521 4441 557 4496 de
584 4440 637 4496 civ.
664 4440 718 4497 Dei
746 4458 769 4496 c.
801 4447 826 4498 8.
854 4442 988 4515 reliquiae
1015 4443 1223 4516 superstitiones
1239 4442 1437 4497 adhaerescere
1449 4446 1608 4512 coeperunt.
1641 4446 1666 4495 l.
1685 4437 1846 4493 Ridiculum

159 4528 292 4600 Stephani
313 4529 342 4582 in
361 4526 470 4599 aliquot
483 4526 550 4582 locis
568 4527 682 4583 Africae
700 4527 830 4583 dicuntur
842 4529 987 4598 enimse,
1015 4540 1064 4595 est,
1084 4530 1159 4601 quod
1177 4527 1362 4583 Bellarminus
1382 4544 1414 4581 ex
1434 4527 1521 4598 Apoa.
1543 4531 1567 4581 6.
1586 4525 1704 4596 probare
1721 4531 1846 4592 conatur,

159 4632 230 4687 quse
257 4631 320 4669 eum
345 4611 462 4683 epistola
487 4613 536 4669 illa
553 4614 671 4670 Lueiani
698 4614 743 4667 vix
774 4620 905 4684 poterunt
923 4631 988 4670 corr·
1015 4615 1241 4672 consuetudinem
1258 4614 1335 4668 illam
1361 4612 1493 4683 reliquias
1515 4611 1568 4666 sub
1583 4610 1664 4665 altari
1695 4608 1846 4682 reponendi

158 4700 252 4757 ailiam
1015 4702 1201 4774 apostolorum
1226 4705 1350 4770 ternpore
1374 4698 1514 4770 coepisse,
1538 4698 1604 4770 quia
1630 4697 1749 4752 enimin
1769 4695 1846 4751 coelo

196 4793 250 4844 120.
286 4788 440 4859 Septimum
457 4794 651 4858 argumentum
668 4786 739 4857 petit
758 4787 987 4843 euuanslatione
1014 4790 1123 4846 animae
1148 4792 1302 4855 martyrum
1330 4786 1379 4839 aaa
1406 4785 1497 4839 altari
1523 4784 1718 4848 ostenduntur,
1747 4801 1780 4840 ex
1813 4800 1845 4840 eo

29 4867 115 4946 12¹0„
159 4875 343 4946 reliquiarum
373 4878 410 4928 de
438 4892 495 4928 uno
524 4874 586 4929 loco
615 4874 646 4926 in
675 4873 773 4930 alium.
822 4875 882 4928 Nec
914 4875 987 4929 enim
1015 4875 1136 4947 colligit,
1163 4889 1285 4942 corpora
1307 4889 1402 4926 eorum
1428 4872 1458 4926 in
1476 4873 1560 4927 terris
1576 4873 1626 4926 sub
1644 4871 1782 4925 almribus
1802 4887 1844 4925 re·

28 4969 136 5050 {ssmw
157 4963 260 5030 negari
274 4969 371 5031 potest,
391 4961 512 5031 panori
528 4960 987 5029 honorempertinecntsacrorum
1015 4964 1164 5036 quiescere.
1197 4957 1286 5033 ¹(lusui
1304 4974 1369 5013 vero
1387 4956 1537 5014 Christiani
1557 4965 1681 5029 tempore
1707 4955 1844 5028 apostolo·

79 5039 85 5052 ’
159 5049 262 5103 ossium
281 5047 489 5102 translationes.
534 5044 759 5115 Respondemus:
795 5053 816 5102 l.
843 5047 987 5103 translatio
1014 5063 1074 5100 rum
1093 5044 1241 5102 habuerint
1256 5045 1369 5115 templa,
1388 5045 1527 5110 basilicas,
1547 5044 1654 5113 altaria,
1681 5042 1845 5114 baptisteria

157 5133 335 5205 reliquiarum
358 5150 414 5188 non
443 5131 545 5202 probat
569 5130 728 5202 religiosum
753 5147 847 5185 aarum
872 5132 986 5203 cultum,
1013 5137 1066 5189 stc.
1103 5132 1289 5188 Bellarminus
1313 5131 1362 5186 lib.
1386 5137 1410 5188 3.
1436 5133 1471 5186 de
1494 5132 1610 5186 Roman.
1626 5129 1725 5201 pontif.
1753 5146 1778 5185 c.
1800 5137 1844 5186 13:

159 5221 208 5277 aed
226 5221 356 5276 bonorem
376 5220 529 5294 legitimum
550 5236 583 5273 sc
604 5217 736 5274 debiturn.
783 5217 899 5289 losephi
924 5238 987 5276 ossa
1013 5219 1144 5288 Apostoli
1168 5237 1225 5273 non
1246 5219 1402 5272 mouerunt
1424 5227 1487 5272 trsnc
1511 5217 1574 5271 ulla
1596 5217 1714 5286 templa,
1746 5217 1845 5272 sedin

15 5336 84 5378 χω,
99 5334 144 5377 m,
157 5326 191 5364 ex
208 5307 339 5377 Aegypto
364 5306 393 5361 in
413 5305 601 5360 Palaestinam
626 5312 690 5359 suut
706 5304 854 5369 translata,
883 5304 932 5359 sed
950 5306 987 5361 ad
1008 5307 1133 5378 prirrctis
1152 5306 1278 5362 domibus
1289 5307 1355 5361 loca
1369 5308 1507 5377 quaedam
1522 5304 1700 5359 destinabant
1712 5305 1854 5375 acuant,

156 5394 315 5465 religiosam
346 5393 550 5448 venerationem
574 5406 749 5463 nequaquam
782 5390 859 5446 fuera
884 5394 986 5463 populo
1012 5394 1142 5448 concioni
1157 5400 1182 5447 et
1200 5392 1293 5446 sacris
1312 5393 1461 5446 nuruum
1474 5391 1714 5448 celebrationibus.
1743 5390 1845 5449 Confer

155 5478 306 5553 proposita,
323 5493 419 5531 rerum
437 5484 527 5534 terrae
544 5478 581 5532 ad
594 5476 766 5548 sepulturam
782 5477 867 5533 illata
903 5486 926 5534 2.
942 5479 986 5535 De
1011 5480 1112 5550 Polyd.
1142 5478 1290 5551 Virgilium
1309 5479 1378 5535 libro
1397 5484 1421 5534 6.
1447 5478 1481 5533 de
1499 5494 1550 5534 rer.
1576 5477 1679 5534 invent.
1699 5495 1724 5536 c.
1742 5485 1767 5534 6.
1804 5480 1844 5535 At

155 5561 339 5620 uamlatione
367 5561 544 5635 reliquiarum
572 5569 686 5635 propter
714 5563 819 5620 cultum
848 5565 985 5633 instituta,
1016 5567 1112 5622 sinon
1128 5565 1287 5621 babuerunt
1304 5565 1420 5636 templa,
1446 5564 1540 5636 utique
1564 5580 1617 5621 neo
1639 5563 1744 5621 utana
1783 5564 1843 5621 Ori·
