4104 6014
906 303 955 357 DE
975 304 1114 366 MORTE.
1781 320 1839 376 109

136 457 241 512 micilio
260 457 414 511 animarum
435 463 499 527 post
517 457 590 512 hanc
607 457 693 512 vitam
712 456 880 529 loquuntur,
906 473 978 527 quae
1005 456 1050 514 hic
1077 463 1266 532 agnoscimus,
1302 468 1322 517 1.
1349 463 1417 533 qnia
1440 468 1531 519 textus
1550 462 1729 534 propheticus
1747 463 1840 519 Nebn-

136 544 307 614 paulopost
326 542 569 598 enumerabuntur.
604 550 627 600 t.
647 544 776 616 Denique
794 544 978 618 μετεμιιιύχω-
1004 547 1165 602 cadneearis
1194 565 1209 603 e
1240 564 1327 618 regno
1354 556 1382 603 et
1408 547 1444 601 ab
1468 548 1625 603 homiuibus
1652 549 1841 619 expulsionem

137 648 180 691 σις
195 630 246 684 illa
264 629 359 684 multis
379 631 512 683 absurdis
529 635 588 684 tum
608 631 784 699 theolopicie,
810 636 872 700 ,tum
884 631 979 700 philo·
1004 634 1127 704 cjusdem
1145 635 1217 689 inter
1232 634 1306 689 feras
1323 640 1352 690 et
1369 636 1472 690 bestias
1502 635 1723 707 divagationem,
1752 636 1841 692 victus

138 715 264 789 sophiam
295 715 412 770 laborat.
461 715 594 770 Irenaeus
623 716 672 771 lib.
701 723 724 770 2.
754 733 776 771 c.
803 722 844 772 bt.
867 734 893 787 p.
915 722 978 772 tot:
1005 720 1076 790 regii
1092 720 1121 775 in
1139 720 1272 792 pabulum
1292 722 1418 776 silvestre
1432 723 1621 791 mutationem,
1639 722 1717 791 roris,
1734 723 1841 793 pluvia-

140 803 310 857 Animarum
331 818 345 854 e
364 819 484 872 corpore
501 803 531 856 in
551 821 654 872 corpas
673 803 887 871 tranarnipratio
906 820 978 856 eaer-
1005 823 1066 859 rum
1097 823 1130 861 ao
1158 806 1269 877 frigoris
1300 807 1504 878 perpessionem
1532 813 1658 864 recenset
1684 826 1709 864 v.
1731 814 1772 863 25.
1792 809 1841 863 sed

141 891 213 944 titur
230 905 265 944 en
284 905 326 952 eo,
345 889 423 958 qtsod
440 889 513 943 nihil
530 890 644 943 omnino
665 907 775 958 wilm,
803 905 875 958 quae
893 896 978 943 antea
1007 890 1162 946 essentialis
1179 892 1429 948 transformationis
1454 894 1558 948 nullam
1577 894 1744 948 mentionem
1764 893 1840 950 iacit.

139 979 266 1041 flamm,
287 976 473 1030 meminerint.
507 975 542 1029 st
557 977 631 1029 enim
652 977 687 1028 ab
705 976 757 1028 hoc
775 976 978 1040 emittebantur,
1006 980 1032 1029 2.
1053 978 1117 1032 Pili
1137 981 1200 1048 ejae
1219 986 1250 1034 ut
1269 981 1425 1052 aquilarum
1439 980 1682 1051 plumaecrerime
1701 980 1840 1046 dicuntur,

137 1063 183 1116 uti
198 1065 228 1116 in
250 1064 327 1116 amni
346 1070 426 1116 erum
444 1062 625 1132 operatione,
654 1063 801 1131 oportebat
820 1079 867 1116 aas
885 1063 978 1114 merni-
1005 1069 1034 1118 et
1053 1082 1159 1133 nnpnea
1178 1068 1240 1135 ejna
1259 1068 1401 1121 uterium
1419 1085 1445 1121 v.
1466 1072 1508 1124 33.
1529 1068 1624 1138 utique
1644 1083 1711 1138 ergo
1723 1067 1840 1137 capillos

138 1147 213 1201 atem
238 1163 351 1215 eornm,
374 1163 446 1215 quae
463 1149 626 1209 antefacta
644 1157 722 1215 sant,
746 1157 779 1201 ut
799 1149 978 1217 inemptae
1006 1158 1034 1205 et
1060 1169 1169 1222 ungnes
1207 1160 1355 1223 cutemque
1377 1152 1525 1221 hirsutam,
1556 1154 1605 1207 sed
1631 1153 1720 1208 levem
1734 1153 1839 1219 habuit,

141 1236 273 1300 demam,
305 1235 493 1303 adimplerent
516 1240 542 1287 et
567 1252 624 1288 non
648 1236 726 1288 circa
753 1238 851 1288 eadem
870 1250 979 1302 semper
1006 1253 1057 1292 nec
1084 1238 1146 1308 ipsa
1172 1239 1287 1292 humani
1314 1239 1437 1309 eorporis
1463 1239 1552 1293 forma
1576 1241 1763 1292 essentialiter
1786 1239 1840 1293 fuit

139 1320 300 1375 uolutantes
319 1320 504 1373 continuatim
524 1321 723 1375 mthmaltliter
739 1322 875 1375 laborent.
912 1322 979 1373 Non
1007 1327 1123 1392 mutata,
1142 1324 1193 1377 sed
1210 1330 1317 1379 tantum
1336 1326 1564 1388 accidentaliter,
1591 1326 1656 1379 dnm
1676 1325 1839 1395 capillorum

141 1407 215 1459 enirn
230 1413 346 1476 poterat
364 1407 495 1474 corporis
514 1407 652 1461 Mmthtia
665 1408 695 1461 in
714 1414 801 1461 totum
817 1408 978 1461 unitarum
1005 1413 1034 1463 et
1054 1411 1191 1481 unguium
1212 1412 1354 1481 quantitas
1371 1411 1480 1481 integro
1498 1411 1545 1464 illo
1562 1412 1707 1481 septennio
1731 1427 1781 1479 per
1799 1411 1839 1464 in·

141 1493 281 1562 ipsoram,
314 1508 387 1562 quae
405 1500 469 1545 ante
487 1492 584 1546 hahita
602 1501 700 1559 erant,
733 1495 905 1562 enatinpnere
922 1510 979 1546 mc
1005 1495 1114 1550 solitam
1144 1497 1326 1552 secretionem
1344 1504 1387 1551 cst
1406 1502 1526 1562 mutata,
1553 1513 1586 1550 ac
1613 1498 1684 1550 cutis
1703 1496 1839 1551 imbribus
1853 1509 1977 1551 avlam.

141 1579 264 1632 nimiam
299 1587 326 1632 et
355 1578 614 1647 contemplationem
647 1587 673 1632 et
702 1581 821 1634 manime
852 1581 893 1632 ad
927 1580 978 1633 tac
1004 1586 1089 1652 atquc
1118 1589 1197 1637 aestu
1213 1584 1359 1648 obduruit,
1389 1583 1443 1637 fuit
1467 1583 1583 1637 mutatio
1607 1582 1639 1636 οὐ
1666 1580 1733 1636 κατὰ
1759 1584 1839 1656 σῶμα

140 1667 291 1719 venientes.
330 1663 474 1726 &comodo
491 1665 564 1718 enim
581 1682 656 1718 nunc
672 1673 808 1737 reparata
826 1673 854 1719 et
870 1667 978 1734 requie·
1005 1665 1077 1723 erte
1091 1667 1161 1722 κατὰ
1178 1669 1259 1729 illoc.
1300 1677 1324 1725 3.
1343 1670 1449 1724 Exacto
1469 1670 1613 1740 septennio
1626 1669 1757 1723 divinitus
1775 1669 1840 1723 huic

141 1759 232 1805 scente
263 1768 382 1822 corpore
412 1768 594 1821 quaecunque
625 1753 721 1805 anima
748 1754 814 1821 ipsa
842 1753 923 1821 apud
948 1767 978 1804 ee
1005 1769 1112 1824 poenae
1127 1756 1291 1825 praestituto
1303 1755 1405 1810 dicitur
1422 1772 1550 1808 reversas
1561 1761 1621 1817 eius
1639 1774 1735 1810 sanatae
1751 1773 1778 1811 v.
1797 1761 1839 1810 34.

142 1838 220 1891 uidet
245 1845 271 1891 et
298 1839 328 1891 in
352 1838 553 1906 phantasmate
571 1839 630 1904 apit
658 1846 683 1891 et
702 1839 801 1892 lorum
815 1839 914 1907 plura,
933 1852 977 1890 re·
1006 1845 1034 1893 et
1058 1846 1098 1895 36.
1124 1841 1152 1893 in
1177 1840 1275 1895 Chald.
1306 1845 1348 1894 est
1368 1843 1478 1915 Ἶςᾞη,
1510 1842 1631 1909 capitilio
1650 1859 1726 1894 mena
1744 1857 1841 1895 meaa

142 1926 292 1978 miniseens
311 1926 494 1979 communicat
511 1943 572 1978 curn
587 1942 720 1994 corpore,
749 1932 775 1978 et
797 1931 839 1977 est
865 1925 978 1992 pusacio
1005 1925 1063 1979 rad.
1083 1926 1567 1997 9¹12seioit,captionit,intellenit,
1587 1942 1654 1996 ergo
1674 1942 1729 1980 uon
1749 1924 1842 1979 anima

140 2019 170 2070 et
181 2017 250 2080 poet
260 2011 415 2079 plurimam
433 2012 568 2081 temporie
581 2027 759 2080 quaeeunque
772 2028 825 2080 per
842 2011 978 2064 somnium
1005 2011 1127 2066 humana
1144 2029 1196 2067 nec
1215 2029 1330 2081 corpore
1345 2012 1479 2075 humano,
1506 2012 1553 2064 sed
1573 2011 1688 2065 rationis
1706 2012 1842 2065 duntaxat

142 2098 205 2165 qnia
223 2097 306 2160 nan,
323 2097 447 2166 cipilana
465 2098 632 2167 annuntint;
651 2099 693 2150 aie
711 2099 806 2167 unque
823 2097 978 2149 ueremini·
1005 2115 1057 2152 usu
1074 2097 1111 2152 ad
1124 2102 1233 2167 tempus
1247 2097 1382 2167 spoliatus
1397 2097 1458 2151 fuit.
1484 2097 1711 2167 Hieronymusin
1729 2113 1840 2152 comm:

141 2190 267 2236 sceretm·
285 2190 311 2236 et
329 2182 459 2252 illoram,
487 2200 559 2252 quae
586 2190 735 2252 antequam
761 2183 790 2235 in
809 2183 860 2236 loc
878 2199 979 2251 carpat
1008 2185 1128 2246 Qrianda
1144 2185 1229 2252 dicit,
1254 2202 1364 2237 aensrnn
1384 2185 1440 2236 sili
1458 2185 1615 2251 redditum,
1643 2201 1697 2236 nan
1710 2184 1840 2249 formam

141 2269 263 2335 amaret,
295 2268 351 2336 epit
381 2275 433 2322 etc.
480 2267 609 2322 lustinus
648 2269 676 2323 in
706 2269 810 2323 ooafut
849 2267 978 2323 Graecar.
1005 2271 1258 2334 connaissance
1277 2270 1533 2322 mentemostendit.
1565 2267 1662 2324 Voluit
1678 2269 1750 2322 enim
1763 2267 1840 2323 Deus

143 2359 250 2423 quaest.
278 2369 304 2422 p.
335 2358 399 2407 163:
424 2352 501 2415 Quid
518 2362 558 2407 eet
579 2356 669 2422 mapie
695 2356 862 2423 ridiculum,
895 2371 978 2423 ptam
1006 2357 1034 2409 in
1051 2356 1105 2411 hoe
1122 2372 1190 2426 rege
1209 2354 1377 2408 horrendum
1391 2355 1505 2424 punitae
1524 2353 1671 2424 superbiae
1684 2354 1839 2423 exemplum

140 2438 367 2513 pruefeningensis,
385 2456 446 2492 cam
458 2440 607 2493 subnatare
619 2449 745 2510 nequeat,
762 2442 819 2506 fide
831 2440 980 2507 complecti
1005 2441 1163 2496 hominibus
1183 2456 1344 2510 proponere,
1363 2440 1526 2510 ideoque-in
1545 2439 1665 2494 furorem
1684 2447 1712 2493 et
1733 2439 1840 2494 rabiem

142 2533 169 2577 et
197 2529 310 2580 decreto
328 2528 457 2593 firmare,
491 2544 548 2595 qna
563 2529 617 2595 fit,
649 2534 680 2579 at
697 2528 747 2595 qai
774 2528 841 2581 olim
861 2527 978 2580 Attenia
1005 2527 1151 2582 adiabolo
1169 2543 1233 2580 eum
1253 2527 1299 2597 agi
1319 2526 1460 2596 permisit,
1489 2542 1608 2597 cumque
1624 2526 1706 2580 nullis
1723 2525 1840 2580 vinculis

146 2613 272 2666 docuerit
289 2611 475 2681 philoeophaa
494 2613 587 2676 Plato,
601 2621 703 2682 pastea
725 2614 864 2679 formicae
880 2620 977 2682 pertn-
1004 2620 1053 2668 aut
1076 2613 1182 2668 catenis
1214 2612 1336 2667 cohiberi
1354 2619 1462 2683 posset,
1495 2613 1524 2666 in
1542 2612 1718 2666 solitudinem
1734 2612 1769 2665 ad
1790 2611 1839 2664 im·

144 2699 210 2752 ierit
229 2699 379 2751 laborem!
416 2698 607 2753 Tertullianus
635 2698 663 2751 iu
683 2699 794 2770 apolog.
818 2716 840 2755 e.
859 2704 907 2754 te:
944 2698 979 2752 Si
1004 2699 1176 2753 maniseimas
1205 2697 1278 2752 feres
1301 2699 1426 2770 profugit
1444 2715 1478 2753 ac
1502 2698 1615 2752 beluino
1639 2698 1742 2768 pabulo
1763 2697 1840 2752 vieti·

144 2787 193 2855 qai
207 2784 393 2854 pliloeophue
410 2785 548 2848 affirmet,
571 2792 602 2838 ut
618 2786 659 2838 ait
682 2787 832 2852 laberius,
856 2789 892 2839 de
916 2804 976 2839 aen·
1004 2793 1066 2840 tans
1098 2784 1239 2840 horridam
1270 2785 1345 2838 illam
1386 2784 1510 2855 corporis
1547 2784 1666 2854 figuram
1696 2783 1841 2837 cenauit

144 2874 228 2926 tertia
248 2872 437 2941 Pythoporae,
457 2871 593 2924 hominem
611 2874 675 2936 fieri
686 2873 815 2937 ermnlo,
833 2873 976 2926 colulmim
1004 2878 1027 2927 l.
1055 2870 1192 2926 Eusebius
1218 2870 1280 2925 libr.
1308 2880 1332 2927 9.
1355 2888 1483 2942 praepar.
1509 2887 1607 2941 evang.
1632 2887 1693 2940 cap.
1718 2871 1766 2923 nit.
1791 2869 1839 2924 ad-

144 2975 176 3012 en
193 2958 319 3026 muliere,
337 2965 362 3009 et
381 2957 412 3009 in
432 2973 493 3009 eam
515 2959 672 3027 opinionem
692 2960 785 3012 omnio
811 2965 975 3026 argumenta
1004 2957 1082 3011 ducit
1105 2956 1195 3011 locum
1228 2973 1262 3010 cx
1287 2956 1482 3027 Megasthene,
1515 2958 1593 3024 qnod
1619 2956 1839 3009 Nehneadneaar

144 3044 251 3113 eloquii
266 3045 368 3097 virtute
389 3044 559 3111 dietortcrit,
577 3061 668 3097 nonne
680 3060 842 3097 conteneant
860 3044 977 3098 mavelit
1004 3044 1138 3098 «tinterna
1156 3045 1258 3109 furore
1275 3044 1366 3111 suerit
1385 3051 1551 3113 corruptus,
1571 3059 1633 3095 cum
1652 3043 1682 3094 in
1696 3042 1839 3110 palatium

143 3139 168 3185 at
182 3132 272 3199 fidem
289 3131 428 3199 infringet
446 3130 530 3184 enam
550 3131 586 3184 al
604 3131 775 3184 animalibus
796 3132 977 3185 abitinendil
1002 3131 1203 3184 adacenclisaet.
1241 3135 1264 3184 5.
1286 3129 1367 3195 Quod
1385 3146 1453 3200 crgo
1471 3146 1494 3185 v.
1517 3134 1555 3183 tt.
1574 3128 1676 3182 dicitur
1693 3128 1728 3182 de
1745 3127 1838 3182 Nebu-

139 3225 293 3287 propterea
308 3233 478 3285 pererratum
497 3218 560 3285 quis
579 3217 630 3270 lac
645 3218 754 3286 lateat,
783 3219 911 3282 neforto
930 3218 975 3271 hn-
1002 3216 1171 3280 cadnezare,
1204 3233 1253 3269 cor
1278 3217 1340 3284 ejus
1367 3216 1403 3267 al
1427 3217 1549 3268 larnano
1567 3215 1720 3267 amabitur
1743 3221 1770 3266 et
1790 3230 1839 3268 aar

142 3304 235 3356 halam
255 3305 290 3356 da
308 3303 406 3372 aliquo
422 3319 534 3372 ρνοαυο
552 3321 603 3357 arra
621 3305 740 3358 obsonet.
766 3303 822 3358 Sed
835 3304 975 3372 inerrore,
1003 3304 1107 3356 bertine
1126 3300 1242 3355 'dabitur
1262 3301 1295 3369 ei,
1314 3301 1344 3354 id
1362 3301 1574 3373 intelligendum
1592 3301 1685 3371 phrasi
1698 3301 1840 3356 Hebraica

142 3391 188 3461 qui
207 3388 388 3461 palpabiliter
407 3389 546 3443 absurdus
566 3396 622 3458 cst,
652 3389 822 3444 confutando
848 3390 975 3461 pluribus
1002 3390 1037 3443 de
1058 3388 1158 3442 amisso
1177 3387 1291 3441 rationis
1310 3404 1362 3441 usu
1382 3393 1409 3441 et
1427 3387 1579 3441 mutatione
1596 3387 1687 3441 cordis
1712 3388 1837 3442 acciden-

140 3493 210 3546 opus
235 3492 290 3529 non
316 3480 365 3530 eet.
414 3474 517 3529 Confer
534 3474 676 3529 lustinum
694 3476 722 3529 in
740 3476 805 3531 dial.
824 3493 888 3530 cum
904 3477 974 3548 Try·
1002 3475 1051 3529 tali
1083 3474 1191 3529 ratione
1225 3479 1349 3528 motuum
1381 3490 1414 3528 ac
1446 3473 1626 3544 qualitatum,
1656 3490 1712 3527 non
1745 3481 1838 3528 autem

140 3563 245 3634 phone,
276 3560 482 3616 Tertullianum
499 3560 547 3615 lib.
574 3562 608 3616 de
627 3563 720 3617 anima
743 3580 767 3617 c.
788 3567 816 3618 31
823 3608 828 3618 .
851 3567 880 3617 et
898 3578 974 3635 seqq.
1001 3562 1108 3617 ratione
1125 3560 1307 3625 substantiae,
1326 3565 1358 3612 ut
1379 3559 1416 3613 sit
1433 3576 1544 3628 seusus,
1571 3559 1659 3613 nihilo
1676 3559 1739 3631 plus
1759 3559 1839 3614 intel·

139 3647 325 3721 Epiphaniam
355 3654 453 3702 contra
470 3647 654 3717 Marcionem,
689 3648 848 3719 Nysaeuum
872 3649 902 3703 in
925 3649 972 3703 lib.
1001 3647 1133 3720 ligentiac
1165 3648 1193 3700 iu
1224 3662 1257 3700 eo
1291 3644 1445 3700 remanebit
1477 3661 1561 3716 quam
1591 3646 1619 3698 in
1656 3643 1715 3700 fera
1743 3645 1838 3717 aliqua

140 3736 176 3790 de
193 3734 315 3799 homine,
345 3734 521 3789 Ambrosium
535 3735 582 3790 lib.
601 3735 637 3790 dc
663 3735 736 3790 bono
756 3736 851 3790 mortis
867 3753 928 3808 cap.
949 3744 972 3792 t.
1001 3735 1099 3789 bestia.
1150 3733 1264 3789 Nullum
1297 3749 1364 3803 ergo
1392 3732 1604 3804 αιτεμιιιυχώσει
1634 3730 1663 3785 in
1692 3731 1745 3786 hoc
1776 3731 1836 3786 loco

139 3822 340 3892 Hieronymum
365 3821 393 3875 in
420 3820 498 3891 epist.
521 3827 562 3877 32.
605 3820 795 3893 Augustinum
820 3822 867 3877 lib.
895 3828 917 3878 3.
938 3821 973 3878 de
1001 3827 1129 3892 paratum
1157 3819 1337 3892 praesidium.
1383 3816 1482 3890 Neque
1505 3823 1598 3872 tarum
1621 3817 1676 3871 fuit
1701 3821 1779 3872 nuria
1801 3836 1835 3871 ae

140 3906 239 3962 'l'rinit
260 3924 282 3966 c.
300 3912 323 3963 8.
345 3906 391 3960 lib.
413 3911 452 3961 te.
472 3906 507 3960 de
526 3905 600 3961 civit.
619 3906 672 3962 Dei
691 3924 714 3961 c.
738 3913 777 3964 l'l.
797 3913 884 3964 et18.
904 3915 957 3963 etc.
1001 3924 1079 3960 mera
1104 3905 1270 3976 inopinatio
1297 3921 1331 3958 ex
1357 3903 1439 3975 eopia
1465 3908 1542 3959 atrae
1570 3904 1633 3958 bilis
1657 3909 1731 3969 orta,
1760 3903 1835 3974 quad

181 3999 237 4048 156.
272 3993 327 4047 Pro
344 3991 555 4067 μειεμψυχώσει
580 3993 751 4049 adstruenda
772 4011 805 4049 ex
826 3994 975 4064 scripturis
1000 3994 1098 4048 volunt
1117 3992 1288 4047 Mercurialis
1305 3991 1352 4046 lib.
1374 3998 1395 4048 t.
1416 3991 1556 4061 practicae
1575 4008 1598 4047 o.
1620 3997 1657 4047 tt.
1677 3998 1705 4045 et
1717 3991 1835 4058 Pompa·

143 4080 199 4135 duo
231 4079 409 4151 proferuntur
438 4077 577 4150 exempla,
614 4085 637 4134 1.
664 4080 912 4135 Nebncadncearia
947 4081 976 4135 in
1001 4081 1094 4134 natiue
1119 4079 1154 4134 de
1181 4079 1313 4133 incantat.
1340 4095 1364 4134 c.
1394 4083 1432 4133 tt.
1460 4077 1507 4134 fol.
1528 4082 1586 4133 290.
1606 4077 1654 4132 eed
1672 4076 1836 4130 miraculosa

143 4166 260 4221 bestiam
279 4165 482 4237 degenerantis,
500 4165 570 4222 Dan.
590 4172 614 4235 l,
635 4184 661 4222 v.
680 4172 729 4222 3⁰:
757 4168 805 4221 Er
819 4167 976 4222 nominatas
1001 4166 1109 4238 figurae
1129 4165 1252 4237 corporis
1269 4164 1402 4235 pristinae
1421 4163 1450 4217 in
1465 4162 1621 4227 horridam,
1642 4180 1698 4217 non
1723 4160 1834 4231 quidem

142 4254 267 4323 aljectua
285 4260 326 4306 est
341 4260 367 4306 ct
384 4253 496 4306 herbam
512 4259 543 4306 at
563 4253 611 4308 los
625 4254 758 4320 comedit,
776 4261 803 4306 et
820 4270 886 4307 rore
903 4253 978 4308 caeli
1001 4252 1108 4308 ratione
1120 4251 1302 4321 substantiae,
1319 4250 1368 4305 sed
1387 4250 1494 4304 ratione
1513 4248 1695 4303 accidentium
1711 4246 1835 4302 mutatio.

143 4357 246 4412 corpus
270 4340 332 4408 ejat
350 4355 529 4411 conspersum
547 4347 601 4404 est,
631 4341 719 4393 mace
745 4339 849 4407 capilli
865 4339 927 4409 ejas
945 4342 976 4393 in
1040 4345 1095 4395 15¹1.
1133 4345 1157 4394 2,
1190 4338 1234 4394 De
1263 4338 1395 4392 Jalanne
1425 4336 1563 4405 Baptista
1593 4335 1696 4388 dicitur
1720 4333 1785 4389 Mal.
1810 4341 1867 4404 t,t.
1884 4343 1964 4408 aton.

142 4426 355 4481 similitudinem
373 4425 537 4496 aquilarum
565 4432 720 4479 ereecerenl
751 4432 778 4478 ct
794 4442 899 4493 unques
914 4427 975 4493 eine
1001 4445 1026 4481 v.
1048 4434 1079 4482 5:
1113 4425 1224 4479 Mittam
1242 4424 1321 4479 nobie
1334 4423 1502 4494 proplietam
1522 4422 1629 4474 Elium.
1673 4419 1771 4475 Matth.
1794 4396 1964 4489 li„¹1³,⁸,¹},²,¹,},⁸1⁸.'

142 4513 228 4584 qtsasi
244 4529 349 4581 unprree
368 4513 468 4568 aniam.
503 4512 728 4582 Respondemus:
753 4511 927 4582 Epiphanius
946 4513 974 4566 in
1001 4529 1027 4568 v.
1048 4520 1078 4568 t:
1097 4512 1164 4583 Ipae
1184 4518 1225 4564 cat
1243 4511 1343 4580 Elina,
1369 4510 1419 4579 qui
1436 4516 1567 4562 irmintrut
1585 4514 1632 4561 eet.
1671 4506 1771 4562 Matth.
1798 4514 1835 4572 tt,
1849 4502 1950 4541 nortona.

144 4600 204 4655 rita
222 4597 363 4666 Danielis,
380 4597 522 4654 Cedrenus
540 4604 568 4653 et
585 4597 634 4652 alii
650 4596 833 4667 respondent,
855 4613 911 4652 non
929 4597 975 4651 de·
1001 4617 1026 4654 r.
1049 4604 1088 4654 12.
1126 4598 1213 4653 Marc.
1232 4603 1257 4666 e,
1276 4614 1301 4653 r.
1324 4601 1370 4652 13:
1402 4595 1486 4649 Elina
1503 4595 1615 4663 quidem
1632 4601 1766 4648 centuriae
1786 4602 1836 4665 est,

141 4687 224 4742 scribi
255 4685 308 4740 hoc
331 4685 392 4741 loco
417 4685 556 4756 quandam
576 4683 793 4759 permulgatam
817 4701 867 4740 seu
884 4690 974 4738 trans·
1002 4688 1177 4740 dictantem
1197 4685 1282 4752 nolin
1303 4683 1371 4753 quia
1400 4683 1486 4736 Eliae
1498 4682 1563 4751 jam
1582 4683 1665 4736 uenit.
1713 4681 1836 4752 Respon-

140 4771 349 4836 animatiouem,
379 4772 428 4827 sed
443 4773 566 4843 corporis
583 4771 806 4847 μεταμόρφωσιν
833 4788 865 4826 ac
883 4779 974 4825 trana-
1001 4773 1113 4830 demus:
1129 4771 1270 4826 lohannes
1290 4775 1404 4824 vocatur
1432 4768 1522 4837 Elias,
1551 4784 1606 4822 non
1639 4768 1713 4840 qnod
1743 4769 1837 4822 anima

140 4859 355 4926 formationem,
387 4858 545 4914 existimant
574 4861 664 4929 enim,
692 4875 786 4932 regem
824 4857 974 4913 humanam
1002 4858 1079 4915 Eliac
1110 4858 1139 4912 iu
1170 4858 1262 4928 ipsum
1291 4855 1543 4926 transmigraverit,
1579 4855 1654 4926 quod
1687 4854 1836 4909 ludaicnm

140 4944 262 5016 corporis
277 4944 394 5000 formam
411 4943 536 5000 amisisse
553 4962 586 5000 ac
600 4945 692 5017 priore
708 4951 790 5016 parte
806 4961 868 5000 cum
883 4944 975 5015 capite
1001 4945 1137 5000 somnium
1164 4944 1225 5015 ipse
1243 4941 1359 5007 refellit,
1386 4941 1499 5013 quando
1520 4940 1779 5010 Hierosolymitnnis
1798 4939 1836 4994 le·-

140 5031 170 5086 in
192 5031 308 5101 bovem,
336 5031 489 5102 posteriorc
511 5048 573 5087 oum
599 5033 720 5105 pedibus
739 5032 767 5088 in
785 5033 893 5088 leonem
912 5048 972 5088 esse
1001 5031 1074 5104 gatis
1093 5028 1302 5102 quaerentibus,
1321 5028 1408 5082 ansit
1423 5028 1518 5096 Elias,
1534 5028 1666 5099 negative
1678 5025 1836 5097 respondet,

141 5117 293 5182 ulutatum,
322 5118 396 5174 unde
415 5132 531 5188 operose
549 5118 709 5190 disputant,
739 5135 775 5174 eu
795 5117 864 5175 baec
880 5124 975 5187 trane
1002 5137 1057 5174 non
1073 5114 1440 5187 tentabamini
1466 5115 1533 5186 quia
1557 5115 1587 5166 in
1615 5113 1719 5182 spiritn
1738 5120 1765 5166 et
1781 5112 1838 5165 nir·

142 5204 258 5259 mutatio
279 5206 389 5258 ratione
409 5204 545 5258 amentiae
569 5203 654 5261 fuerit
675 5222 756 5271 vcra,
782 5222 818 5261 an
838 5207 974 5260 duntaxat
1002 5213 1059 5259 tate
1077 5204 1165 5259 Eliac
1183 5202 1272 5266 venit,
1303 5207 1335 5255 ut
1349 5199 1463 5271 exponit
1491 5200 1609 5270 augelus
1626 5199 1837 5270 conceptionem

143 5306 296 5361 apparens,
317 5296 346 5345 et
365 5307 401 5345 an
417 5290 527 5343 ratione
545 5307 649 5346 caueae
667 5291 753 5347 fuerit
768 5291 900 5366 physica,
917 5309 976 5346 ma·
1003 5293 1063 5363 ejus
1080 5288 1211 5346 nuntians
1230 5287 1299 5344 Luc.
1323 5295 1350 5355 t,
1375 5306 1401 5341 v.
1429 5294 1468 5343 tt.
1494 5286 1568 5358 qnod
1586 5285 1728 5342 lohannes
1752 5292 1838 5355 negat

141 5376 206 5447 gica
221 5376 265 5432 vel
285 5376 386 5432 divina.
435 5374 560 5430 Priorem
583 5377 768 5450 reapomionis
794 5384 903 5450 partam
922 5396 974 5450 ap·
1003 5379 1038 5434 de
1056 5392 1183 5448 persona,
1202 5374 1231 5428 id
1251 5373 1379 5430 Christus
1394 5380 1422 5428 ct
1439 5374 1555 5444 angelus
1575 5371 1715 5426 affimant
1743 5370 1778 5425 de
1797 5369 1838 5425 ol-

141 5462 298 5535 probamus,
316 5461 495 5534 posteriorem
513 5477 569 5516 non
584 5465 657 5532 item,
675 5480 740 5519 nam
757 5482 809 5521 neo
827 5478 974 5540 μετεμψυ-
1003 5464 1074 5520 licio.
1112 5461 1232 5533 Spiritus
1250 5461 1323 5518 enim
1346 5478 1446 5517 nomen
1477 5476 1532 5513 non
1550 5458 1687 5529 accipitur
1706 5457 1837 5510 essentia-

137 5547 256 5620 χῶσεως,
288 5566 339 5606 uec
355 5541 601 5620 μεταμορφαῖσεως
631 5551 785 5608 armana
816 5550 973 5622 exemplum
988 5514 1068 5607 litter
1084 5565 1135 5624 pro
1153 5547 1260 5618 anime,
1291 5548 1341 5604 sed
1360 5546 1576 5602 menlentaliter
1592 5562 1643 5617 pro
1660 5544 1740 5600 donis
1758 5543 1837 5615 spiri·
