4104 6014
837 251 1064 315 antoninus
1084 250 1283 318 SECUNDUS

218 420 396 473 ludaeorum
424 416 584 480 deformari
612 418 817 486 quoctonsmodo
839 422 993 469 ensortuum
1023 415 1049 463 et
1075 416 1289 469 resurrectionis
1308 432 1373 469 nero
1391 430 1455 485 spes
1475 417 1556 486 apud
1568 414 1648 469 illum
1659 414 1826 484 saepissime
1844 412 1917 467 oeci·

220 507 366 559 ecaridum
391 512 417 557 et
437 503 596 573 dispersum
614 503 644 556 in
663 519 762 572 campo
781 501 865 555 orbis.
902 501 1003 568 tuone
1023 502 1049 550 tl
1077 502 1177 570 desset,
1205 502 1372 566 manifestus
1400 508 1440 555 est
1467 503 1503 555 de
1527 518 1678 570 corporum
1704 501 1824 557 interitu
1840 498 1918 553 labe·

220 591 368 660 imapinem
385 589 600 644 resurrectionis
620 590 650 643 in
667 589 748 644 illum
767 585 960 656 atleporieari
982 582 1050 654 quia
1077 589 1191 652 sectans
1217 589 1350 653 fiduciam
1375 588 1607 652 resurrectionis,·
1638 588 1680 640 ita
1708 593 1734 641 et
1752 589 1832 642 Deus
1858 602 1921 639 eam

220 676 352 746 recollipi
374 677 475 731 babeat
493 683 518 732 et
536 675 710 747 recompinpi
726 692 757 729 os
769 675 811 727 ad
821 690 863 738 os,
882 672 908 725 b.
922 688 945 726 e.
963 669 1053 724 tribus
1078 675 1233 729 restruebat
1249 675 1342 737 fidem,
1362 690 1448 743 quom
1462 674 1587 744 populus
1605 672 1773 728 destruebat.
1814 671 1920 735 Quam

221 766 263 820 ad
289 763 390 817 tribum
415 771 443 817 et
466 763 593 833 populus
612 764 654 816 art
668 761 807 832 populum
826 767 854 815 et
871 754 1056 829 recorporari
1084 779 1168 831 quom
1201 762 1254 815 etsi
1281 761 1382 830 atiquo
1411 761 1605 832 praesentium
1634 776 1728 814 rerum
1761 767 1829 815 mne
1856 774 1922 812 con·

223 850 355 905 carnibus
378 849 550 914 facultatum
576 855 602 903 et
622 848 715 903 cereis
732 846 826 916 repni,
856 852 941 915 atque
961 844 1003 897 ita
1021 842 1056 895 de
1077 846 1234 916 stictatione
1251 848 1391 902 maerebat
1408 846 1511 915 lucu,
1531 863 1586 901 non
1602 844 1711 900 idcirco
1729 845 1760 898 in
1775 844 1923 915 parabola

223 935 377 1007 sepulcris,
407 936 459 990 boc
482 942 523 990 est
547 937 582 989 de
609 933 778 989 habitaculis
804 929 979 1002 captivitatis
1008 927 1057 981 tri·
1084 932 1254 1003 accipienda
1272 941 1342 987 esset
1360 932 1542 987 revelationis
1563 932 1694 1002 intentio,
1719 932 1771 986 sed
1791 931 1821 984 in
1839 937 1922 984 testa·

225 1022 354 1078 stissimis
365 1029 448 1091 atque
464 1022 623 1087 teterrimis,
644 1021 729 1097 educi
745 1027 771 1073 et
788 1014 1057 1086 refriperiinomine
1085 1019 1188 1073 tionem
1215 1019 1446 1083 rerurrectionis,
1480 1027 1509 1074 ut
1538 1019 1568 1073 in
1595 1019 1677 1073 illam
1700 1034 1777 1088 spem
1800 1018 1922 1087 eriperet

226 1108 369 1179 respirare
396 1115 423 1162 et
447 1108 539 1163 ninere
568 1108 670 1161 scinde
699 1106 729 1161 in
755 1113 834 1160 terra
859 1120 912 1158 sua
932 1103 1059 1155 Judoea.
1086 1105 1153 1160 illos
1187 1113 1319 1159 aeternae
1349 1123 1387 1161 sc.
1419 1104 1521 1160 solutis
1548 1112 1575 1159 et
1607 1104 1782 1159 necessarios
1814 1103 1923 1158 restitu·

228 1197 268 1250 Et
287 1194 357 1265 quta
371 1201 439 1263 post
457 1193 545 1247 baec!
563 1193 718 1247 morientur
730 1192 791 1245 sine
805 1190 899 1245 actm.
937 1188 976 1243 Et
991 1184 1061 1257 quid
1088 1191 1172 1245 tionis
1197 1198 1222 1245 ct
1249 1198 1385 1246 aomteret
1409 1209 1427 1244 a
1453 1197 1581 1261 respectu
1603 1189 1795 1262 praecentione
1820 1205 1923 1243 rerum.

224 1282 449 1352 peremerunt
472 1279 568 1348 nuto,
601 1279 716 1350 opinor,
741 1276 932 1343 resuscitatio,
956 1273 983 1327 si
1005 1289 1062 1326 usu
1087 1276 1166 1332 Heec
1199 1276 1403 1346 Tertullianus,
1442 1278 1522 1348 auJ‘us
1552 1282 1646 1332 tamen
1675 1279 1842 1346 argumente
1869 1290 1924 1330 non

230 1368 296 1423 baec
316 1367 370 1421 erit
387 1366 460 1436 ipsa,
482 1382 554 1439 quas
569 1364 711 1419 Ezechieli
727 1364 875 1420 revelatur.
913 1358 1061 1415 Sedenim
1088 1367 1154 1418 sunt
1174 1361 1267 1417 omnis
1289 1362 1414 1433 aequalis
1442 1361 1578 1434 ponderis
1610 1361 1738 1418 lustinus
1757 1361 1787 1416 in
1806 1359 1879 1432 spot
1900 1365 1924 1416 2.

231 1462 256 1510 ct
274 1453 350 1508 ntiae
364 1453 553 1523 praedicatur
571 1451 755 1519 resurrectio,
781 1465 848 1519 erpo
867 1456 895 1502 et
913 1448 981 1501 baec
1000 1444 1063 1510 erit,
1089 1466 1139 1521 pro
1156 1446 1302 1505 christian,
1326 1464 1391 1521 pag.
1416 1454 1463 1505 68:
1493 1450 1529 1504 ln
1554 1450 1676 1503 secundo
1701 1450 1826 1504 aarum
1846 1446 1923 1504 otri

230 1548 257 1595 et
281 1547 381 1594 umere
408 1538 439 1592 in
462 1545 564 1593 statum
588 1555 652 1592 eam
669 1536 861 1591 Judaicarum
884 1550 978 1588 rerum
1002 1547 1064 1584 can·
1090 1545 1149 1591 stus
1167 1536 1298 1607 omnium,
1316 1536 1368 1606 qui
1388 1553 1510 1605 unpumn
1530 1536 1667 1606 restitere,
1684 1535 1847 1590 mortalium
1863 1552 1923 1589 cor-

230 1633 347 1682 vertunt.
392 1627 450 1679 Aul
475 1626 503 1679 εἰ
525 1625 586 1678 alia
611 1632 651 1679 etl
673 1623 743 1692 illa,
770 1639 855 1693 quam
877 1617 1065 1684 ‹liffflt‘mms
1088 1640 1163 1694 pora
1188 1622 1319 1677 excitabit
1345 1626 1398 1677 ete.
1441 1623 1557 1679 Dictum
1580 1621 1651 1676 enim
1677 1629 1719 1676 est
1746 1641 1765 1675 a
1782 1621 1925 1691 propbeta

232 1712 304 1767 nibil
322 1728 385 1766 mea
404 1710 527 1780 interest,
548 1713 615 1765 dum
634 1711 671 1765 sit
690 1719 718 1764 et
735 1701 1065 1780 corporumresurrectio
1093 1708 1236 1763 Ezechiae
1258 1709 1310 1763 boc
1338 1711 1436 1764 modo:
1466 1708 1710 1778 commentabitur
1727 1708 1865 1777 prensum-a
1886 1709 1926 1761 ad

232 1800 305 1855 sicut
335 1805 361 1851 et
391 1814 485 1851 rerum
516 1798 720 1852 Judcr'carum.
763 1795 894 1865 Denique
923 1792 974 1846 mc
1003 1790 1065 1860 ipso
1085 1795 1251 1864 jursctrsram
1267 1804 1294 1850 et
1313 1812 1344 1849 os
1362 1797 1403 1849 ad
1420 1812 1452 1850 os
1470 1803 1497 1849 et
1515 1812 1616 1850 carnes
1634 1797 1726 1848 denuo
1744 1801 1923 1849 macerent.

234 1888 312 1958 quod
333 1883 507 1939 recidivatus
530 1883 652 1938 Judaici
675 1891 765 1938 status
783 1885 819 1938 de
839 1877 1066 1949 recorporatione
1092 1881 1126 1936 In
1155 1885 1261 1952 quaest.
1288 1887 1317 1937 et
1346 1898 1418 1953 resp.
1446 1881 1483 1936 sd
1511 1881 1582 1940 orth.
1608 1901 1636 1954 q.
1655 1886 1697 1937 45.
1723 1879 1766 1936 sia
1782 1880 1924 1944 formatas,

234 1981 260 2029 st
286 1971 491 2043 readunationc
509 1971 614 2026 ossium
632 1973 786 2040 tipuratum
812 1970 845 2024 id
862 1981 970 2036 quoque
987 1978 1065 2018 eoen-
1092 1975 1185 2021 utrum
1209 1968 1395 2022 universatem
1412 1969 1642 2024 resurrectionem
1659 1969 1688 2022 in
1706 1967 1801 2024 aridis
1820 1967 1923 2021 umbus

235 2069 327 2115 turum
352 2057 458 2112 ossibus
473 2057 621 2126 probatur.
657 2058 723 2111 Non
739 2057 812 2110 enin
826 2061 920 2124 posset
945 2051 980 2104 de
999 2046 1066 2101 ossi·
1088 2054 1230 2125 propbeta
1254 2054 1347 2108 uidit!
1370 2053 1406 2109 ad
1423 2069 1484 2108 eam
1503 2053 1632 2109 Juninus
1650 2069 1715 2126 pag.
1736 2058 1795 2110 325.
1815 2069 1925 2123 respon·

236 2146 285 2199 bus
311 2146 404 2214 liprsra
430 2143 573 2213 componi,
601 2143 629 2196 si
653 2160 710 2196 non
734 2143 767 2195 id
790 2141 882 2210 ipsum
911 2145 937 2192 et
959 2135 1067 2191 oeeilm
1093 2140 1141 2195 det
1163 2141 1217 2195 hoc
1239 2141 1333 2195 modo:
1363 2140 1435 2203 Quia
1459 2159 1478 2195 a
1492 2141 1636 2211 propbeta
1655 2140 1801 2196 Esecbiela
1815 2156 1870 2212 per
1886 2140 1926 2195 ui·

237 2239 398 2295 eventurum
424 2235 503 2286 essct.
538 2231 614 2284 Nam
637 2228 691 2283 etsi
712 2228 869 2297 fipmcntum
893 2222 1020 2279 veritatis
1036 2221 1067 2274 in
1093 2228 1199 2281 sionem
1233 2227 1413 2297 aepinpmda
1453 2236 1515 2283 eras
1547 2235 1719 2284 mortuorum
1749 2227 1926 2291 ramucio,

236 2316 360 2386 imapine
380 2324 429 2386 est,
450 2316 542 2384 imapo
565 2315 630 2385 ipsa
648 2315 678 2367 in
696 2313 813 2368 veritate
831 2319 872 2365 cst
885 2311 938 2377 sui,
955 2322 1067 2363 maesse
1094 2329 1165 2383 qnos
1186 2314 1289 2378 futura
1312 2321 1353 2368 cst
1372 2314 1403 2367 in
1420 2315 1475 2381 fiae
1492 2332 1586 2368 rerum
1599 2331 1655 2384 pe,-
1674 2313 1781 2369 Filium
1799 2313 1926 2379 tm,

236 2412 278 2458 cst
301 2420 359 2457 esse
373 2401 457 2472 prins
474 2401 542 2471 sibi,
575 2417 630 2470 quo
648 2400 703 2454 olii
720 2400 918 2468 corriperetur.
955 2399 1000 2450 De
1021 2410 1068 2447 ea·
1090 2408 1245 2470 propterea
1261 2401 1371 2455 nomine
1389 2401 1464 2455 Filii
1485 2399 1606 2454 barcinis
1634 2408 1674 2454 est
1693 2399 1858 2471 appellatus
1875 2403 1926 2457 etr.

237 2507 289 2546 cuo
301 2489 459 2544 dmildudo
477 2505 534 2542 non
553 2487 691 2557 competit,
710 2488 745 2540 de
764 2486 844 2540 nullo
851 2484 997 2555 parabola
1012 2499 1069 2535 non
1096 2487 1232 2541 ttxtibicc
1251 2495 1290 2542 me
1310 2494 1408 2542 ramo
1425 2486 1484 2541 rasi
1501 2505 1520 2541 a
1533 2488 1596 2541 Deo
1614 2487 1685 2542 onio
1702 2488 1759 2541 msa
1772 2486 1928 2558 praecipu

239 2577 374 2633 convenit.
417 2575 465 2629 Ita
490 2573 625 2644 oportebit
653 2573 757 2627 omium
786 2588 894 2642 quoque
920 2569 1002 2624 credi
1026 2584 1069 2621 re·
1095 2574 1221 2644 quidum,
1249 2582 1280 2628 os
1297 2590 1353 2644 per
1380 2574 1637 2629 comitianorum·
1656 2575 1829 2642 fusuram
1850 2572 1928 2628 curt-

237 2662 450 2718 uiscerationem
473 2668 498 2715 et
524 2660 752 2730 respirationem,
776 2657 870 2728 qualis
889 2656 1006 2724 dicitur,
1033 2656 1068 2708 de
1094 2667 1166 2715 stum
1185 2661 1354 2716 universalis
1372 2661 1493 2715 omnium
1514 2661 1544 2714 in
1562 2668 1618 2715 toto
1636 2661 1741 2714 mundo
1754 2667 1927 2714 mortuorum

239 2767 296 2821 qua
314 2747 408 2819 possit
432 2747 553 2818 exprimi
569 2747 761 2800 Judaicarum
782 2760 876 2799 rerum
894 2742 1069 2810 reformatio,
1094 2747 1288 2816 resuscitatio,
1313 2747 1417 2802 deinde
1433 2764 1499 2802 nero
1510 2754 1632 2817 propter
1646 2746 1849 2802 Israb‘litarum
1865 2764 1928 2801 con·

239 2836 333 2906 petalis
353 2834 512 2906 aflinpitrm.
549 2833 609 2888 Sed
633 2833 723 2901 strapis
742 2831 905 2901 relipiosum
922 2837 974 2894 est,
998 2827 1069 2883 neri·
1094 2833 1275 2903 solationem,
1300 2834 1351 2904 qui
1367 2834 1401 2887 ob
1421 2850 1497 2899 eam,
1522 2835 1550 2887 in
1571 2851 1628 2904 qua
1647 2833 1854 2904 detenebantur,
1871 2848 1927 2886 ser·

93 2930 323 2980 znuentatem
352 2922 388 2975 de
415 2936 482 2975 suae
517 2919 685 2975 auctoritate
720 2917 912 2988 simplicitatis
941 2914 1069 2982 defendi,
1093 2920 1207 2974 vtum
1230 2922 1266 2974 de
1293 2920 1457 2975 liberatione
1475 2937 1515 2981 ‚ee
1531 2920 1755 2989 Babyloniorum
1781 2919 1928 2975 dominatu

239 3027 325 3081 quam
350 3024 446 3063 sensus
469 3006 583 3060 diuinae
606 3003 812 3077 propositionis
835 3003 999 3072 expostulat.
1038 3000 1072 3055 Si
1095 3022 1172 3076 spem
1198 3006 1253 3060 sibi
1276 3006 1347 3076 ipssis
1374 3008 1569 3076 desperatione
1592 3006 1803 3076 praeciderant.
1852 3006 1927 3061 Nam

240 3097 313 3150 enim
327 3097 369 3148 od
384 3110 430 3147 res
456 3093 599 3147 Judaicas
618 3099 755 3162 spectaret
779 3091 848 3146 tace
867 3089 950 3159 nisio,
975 3089 1071 3142 statim
1095 3091 1167 3146 sicut
1190 3093 1328 3160 defuncta
1354 3109 1477 3162 corpora
1508 3093 1538 3147 in
1564 3094 1744 3148 monumentis
1769 3092 1827 3147 sita
1852 3108 1928 3163 spent

240 3181 362 3236 revelato
387 3180 444 3234 situ
469 3179 572 3234 ossium
598 3178 768 3248 affecisset.
805 3178 878 3232 Ossa
901 3176 958 3229 ista
981 3175 1071 3230 omnis
1095 3180 1318 3234 resuscitationis
1335 3198 1391 3235 non
1408 3182 1525 3251 babent,-
1545 3182 1585 3236 sic
1605 3181 1651 3236 etr·
1668 3199 1697 3236 se
1710 3181 1928 3249 Babyloneesse

241 3273 340 3323 domus
357 3266 451 3322 Israel
468 3274 517 3321 est.
552 3267 592 3321 As
612 3283 674 3320 nem
693 3266 811 3320 ostensis
827 3264 934 3320 ossibus
952 3265 988 3316 cle
1003 3279 1070 3332 pro·
1096 3266 1231 3320 rebantur
1264 3267 1368 3336 absque
1395 3285 1444 3337 spe
1471 3269 1579 3322 reditus
1599 3275 1625 3322 et
1641 3267 1832 3324 restitutionis.
1876 3266 1930 3339 Cy·

236 3355 306 3425 pria
326 3371 375 3424 spe
394 3370 500 3418 eorum,
520 3353 570 3424 qui
588 3354 761 3423 obloquitur,
785 3353 909 3406 nondum
927 3351 1070 3405 nominato
1097 3353 1210 3424 prienen
1224 3352 1270 3409 lib.
1290 3357 1304 3406 3
1334 3354 1370 3409 ed
1388 3353 1494 3419 Quirin.
1516 3372 1576 3426 esp.
1595 3361 1641 3413 58:
1667 3356 1813 3410 Neminem
1830 3354 1931 3410 convi-

241 3440 350 3496 Israi'le
369 3448 395 3494 et
408 3442 497 3510 fidem
514 3447 601 3493 tentat
617 3438 790 3510 prophetae:
814 3438 876 3493 Fili
892 3436 1028 3505 bominis,
1045 3437 1072 3488 si
1098 3440 1172 3492 stari
1188 3447 1276 3493 morte¹
1295 3441 1404 3509 debere,
1422 3459 1482 3494 cum
1503 3442 1539 3496 sit
1558 3442 1587 3495 in
1607 3443 1724 3495 uiuendo
1742 3441 1824 3495 labor
1843 3450 1868 3496 et
1880 3459 1932 3511 pe·

240 3520 330 3582 uiuent
349 3544 411 3580 ossa
432 3527 511 3591 boec,
527 3533 558 3580 ut
579 3533 604 3580 et
621 3525 670 3579 tttc
689 3526 879 3594 responderet,
903 3523 1022 3577 Domine
1041 3531 1072 3575 tu
1097 3526 1235 3594 riculum,
1258 3526 1288 3579 in
1309 3528 1454 3582 more'ondo
1469 3546 1530 3597 pan
1548 3536 1574 3581 et
1591 3529 1764 3597 resumendo
1783 3530 1932 3597 eternitas,

240 3613 311 3679 scis,
336 3631 392 3667 non
415 3613 509 3683 etipse
533 3614 613 3666 Deus
634 3612 790 3681 prophetae
807 3612 897 3679 fidem
923 3611 958 3664 de
982 3626 1016 3663 ea
1040 3625 1072 3663 re
1097 3611 1127 3665 id
1157 3611 1229 3667 inter
1256 3617 1348 3668 cetere
1369 3612 1471 3683 probat
1493 3631 1526 3669 en
1550 3613 1602 3668 hoc
1625 3613 1736 3670 oraculo
1755 3612 1858 3670 Enoch.
1889 3620 1931 3670 37.

241 3707 387 3769 tornasset,
417 3717 489 3769 quae
510 3702 611 3768 sutura
634 3717 690 3753 non
714 3706 801 3768 esset,
831 3715 914 3767 quam
932 3715 1071 3767 nunpsam
1099 3697 1233 3771 Origenes
1269 3700 1298 3755 in
1327 3699 1483 3757 iohannem
1517 3706 1591 3757 tomo
1624 3706 1662 3757 12.
1696 3704 1766 3770 psa.
1797 3704 1822 3755 2.
1858 3718 1932 3773 oper.

241 3787 336 3841 Isrnt'l
367 3788 510 3851 audisset,
544 3804 626 3856 pant
656 3787 739 3841 credi
760 3804 817 3840 non
844 3793 995 3855 oporteret,
1022 3786 1072 3838 sed
1098 3802 1162 3857 pug.
1188 3791 1251 3842 326:
1279 3789 1416 3856 Mapnum
1442 3796 1482 3842 est
1503 3786 1715 3842 resurrectionis
1738 3795 1855 3843 nodrae
1873 3807 1933 3858 mp-

242 3872 374 3945 puom'am
399 3873 622 3944 praedicabatur
656 3874 768 3942 quidem
799 3872 967 3926 resurreetio
999 3890 1071 3927 mor·
1098 3873 1215 3928 sterium
1230 3889 1406 3942 prorsusque
1426 3874 1615 3944 contemplatu
1633 3873 1762 3944 diffisus,
1775 3877 1855 3944 quod
1869 3893 1934 3930 cum

241 3968 361 4029 tuorum,
383 3958 477 4013 Israel
494 3975 559 4013 nero
575 3977 630 4028 pro
650 3976 702 4013 suc
723 3959 919 4014 incredulitate
937 3959 1072 4029 diffidens
1099 3960 1129 4012 in
1154 3959 1224 4012 aliis
1245 3958 1459 4029 scripturarum
1476 3960 1562 4025 locis,
1592 3968 1649 4013 tum
1665 3976 1731 4015 uero
1747 3960 1834 4016 etiam
1852 3964 1934 4032 apud

241 4046 488 4101 scandalizabatur
519 4053 545 4099 ct
572 4045 732 4116 mispiciens
759 4046 881 4100 babitum
907 4048 1072 4101 senescentis
1098 4044 1270 4100 Ezechielem
1290 4046 1474 4100 annuntiatur
1493 4046 1537 4099 bis
1554 4046 1661 4101 ente:
1677 4046 1770 4100 Facto
1785 4054 1829 4101 est
1846 4065 1934 4119 super

242 4133 402 4202 sepulturae
429 4132 597 4202 desperabat
624 4131 870 4201 resen-rectionem,
899 4133 944 4186 nel
965 4150 1019 4186 non
1043 4132 1072 4185 in
1098 4149 1140 4186 me
1165 4150 1265 4186 monus
1288 4132 1405 4187 Domini
1421 4138 1472 4189 ete.
1521 4131 1642 4204 Cyrillns
1661 4132 1934 4204 Hierosolymitnnns

242 4236 304 4273 eom
316 4218 414 4289 potius
433 4219 555 4273 animam
567 4219 714 4289 diripebat,
742 4220 794 4273 sed
805 4219 834 4272 in
849 4218 1073 4272 circumstantias
1098 4219 1202 4277 catech.
1234 4225 1274 4276 18.
1305 4220 1400 4274 itidem
1428 4221 1463 4276 de
1489 4219 1688 4276 resurreetione
1711 4219 1766 4275 hoe
1788 4222 1933 4278 ormnlnm

241 4323 324 4372 suos,
352 4306 460 4360 ideirco
486 4307 566 4360 Deus
589 4312 616 4358 et
633 4306 803 4374 proplietam
829 4306 913 4376 quasi
935 4312 960 4360 et
983 4304 1073 4374 ipsum
1098 4306 1289 4377 propheticum
1315 4306 1435 4377 exponit.
1478 4305 1652 4377 Epiphanius
1683 4305 1730 4362 lib.
1757 4312 1782 4365 2.
1813 4312 1879 4366 tom.
1907 4316 1932 4367 2.

243 4391 358 4445 dubium
379 4392 554 4462 praestruxit
576 4395 618 4445 ad
636 4392 821 4447 constantiam
840 4392 1072 4461 praedicationis,
1098 4394 1201 4448 heercs.
1230 4393 1278 4447 ult.
1298 4393 1351 4449 col.
1375 4398 1436 4450 504:
1471 4393 1554 4455 stod
1581 4410 1685 4464 corpus
1702 4409 1759 4463 per
1783 4412 1814 4449 se
1837 4396 1934 4465 pssum

241 4478 363 4531 reuelato
381 4479 481 4534 ordine
501 4478 715 4532 resurrectionis
736 4485 761 4531 et
780 4478 889 4547 populo
908 4479 941 4532 id
958 4478 1071 4531 creden·
1098 4487 1162 4535 ante
1192 4495 1222 4534 se
1247 4486 1369 4533 metuere
1394 4480 1488 4549 possit
1512 4481 1591 4533 Deris
1614 4496 1666 4549 per
1683 4480 1859 4536 Ezechielem
1882 4485 1932 4539 de-

242 4563 310 4615 dum
328 4565 481 4627 mandarit,
500 4566 578 4634 quod
591 4564 746 4635 propbetas
767 4565 911 4634 revelarit,
935 4565 1011 4634 ipsos
1029 4565 1072 4616 di·
1097 4567 1237 4621 claretum
1264 4573 1319 4633 eet,
1347 4566 1459 4619 etiamsi
1480 4574 1601 4638 propter
1627 4567 1797 4635 parabolam
1823 4585 1870 4623 res
1899 4587 1990 4632 eane

241 4665 305 4702 cens
327 4665 385 4703 esse
409 4667 490 4719 ossa,
517 4665 589 4720 quae
615 4657 695 4704 eraut
712 4657 922 4718 resurrectura,
949 4650 999 4719 qui
1016 4661 1072 4704 non
1096 4654 1179 4718 foeta
1201 4652 1251 4720 sit,
1281 4660 1311 4705 at
1336 4653 1442 4722 species
1465 4654 1528 4722 ipsa
1557 4655 1599 4707 ad
1615 4653 1783 4724 alleporiam
1802 4655 1933 4711 verimis

241 4735 391 4789 credebant
416 4745 618 4792 resurrectura.
671 4736 800 4805 Denique
826 4737 856 4790 in
885 4738 1016 4791 clausula
1046 4746 1072 4791 et
1097 4747 1161 4792 tune
1179 4738 1318 4808 impetitae
1332 4741 1462 4809 perfecta
1482 4747 1530 4794 est.
1573 4738 1657 4802 Quod
1674 4748 1873 4810 conprcpawm
1891 4752 1933 4798 est

241 4822 424 4891 capnoscetis,
444 4823 546 4893 inquit,
572 4825 649 4892 quod
668 4841 717 4893 epo
737 4824 875 4878 Dominus
893 4824 1003 4879 mactus
1019 4827 1071 4879 sim
1098 4845 1128 4881 os
1144 4827 1186 4880 ad
1202 4843 1233 4880 os
1251 4832 1277 4879 et
1298 4826 1447 4879 harmonio
1471 4827 1512 4879 ad
1531 4826 1721 4894 harmoniam,
1741 4834 1846 4881 etcum
1865 4846 1932 4883 ossa

241 4916 267 4964 et
278 4907 409 4978 fecerim,
426 4909 461 4962 id
478 4910 573 4980 utique
589 4912 729 4974 facturus,
749 4912 825 4980 quod
841 4911 941 4975 fuerat
954 4913 1071 4982 locutus,
1097 4914 1173 4967 sicca
1199 4920 1287 4968 esseest
1311 4921 1339 4966 et
1364 4915 1487 4967 nondum
1513 4912 1610 4966 anima
1631 4930 1719 4982 nepte
1735 4914 1855 4983 spiritus
1874 4933 1932 4970 mo-

241 5003 361 5049 ceterum
385 5011 441 5049 non
470 4996 502 5048 id
524 4998 669 5063 factiones,
696 4999 774 5066 meod
799 4997 917 5065 locutus,
941 4998 969 5052 si
988 4999 1072 5053 aliter
1097 5016 1161 5053 oens
1183 5000 1214 5053 in
1238 4999 1309 5072 ipsis
1333 5006 1417 5063 esset,
1439 4999 1534 5054 statim
1560 5007 1659 5054 coacta
1676 5007 1740 5055 sunt
1762 5018 1889 5072 corpora
1906 5012 1932 5059 d

239 5082 369 5146 facturus
394 5098 477 5151 quam
499 5082 614 5137 locutus.
642 5099 702 5153 esp.
727 5087 776 5137 31:
800 5083 892 5137 Pione
916 5085 944 5138 si
967 5092 994 5138 et
1014 5103 1070 5154 po·
1096 5087 1176 5155 jueta
1199 5088 1355 5159 propbetas
1378 5087 1461 5141 rerba
1484 5087 1618 5143 solidata.
1654 5088 1693 5143 Et
1714 5088 1743 5142 si
1764 5089 1824 5144 rute
1842 5091 1933 5155 Deru,

235 5167 325 5238 pnlus
352 5167 503 5237 alleporice
529 5170 689 5223 mussitaret
716 5187 781 5225 ossa
807 5189 860 5225 sua
886 5171 1016 5237 arefacta
1044 5168 1185 5243 ct'potcst
1216 5175 1267 5228 boc
1293 5176 1407 5242 facere,
1439 5181 1470 5227 ut
1497 5174 1592 5228 artsint
1619 5192 1742 5244 corpora
1768 5182 1795 5230 et
1826 5177 1933 5248 absque

239 5247 422 5326 spem'suam
442 5255 599 5325 perditam,
634 5255 818 5325 dispersionis
843 5257 915 5311 eeitu
938 5259 1070 5327 querneus
1096 5260 1191 5315 anima
1216 5268 1378 5315 moueantur
1405 5264 1455 5317 etc.
1483 5261 1512 5315 in
1536 5266 1668 5317 ancorato
1693 5261 1744 5318 col.
1771 5267 1855 5320 loni
1887 5267 1934 5321 De

240 5342 340 5396 mereto
365 5342 476 5395 vedetur
506 5349 532 5398 et
561 5342 639 5395 Deus
665 5343 815 5411 tipnratam
845 5344 1070 5412 desperationem
1095 5348 1296 5403 resurrectione
1310 5348 1390 5406 ,ds'cit
1416 5348 1556 5403 Dominus
1578 5353 1616 5403 ad
1641 5349 1833 5405 Ezechielem:
1858 5350 1932 5409 Gon·

239 5431 363 5498 fipurata
384 5429 573 5498 promissione
597 5428 767 5485 consolatus.
803 5430 863 5485 Sed
881 5447 940 5483 cum
960 5431 1069 5501 disper·
1094 5436 1259 5507 prepabitur
1281 5453 1312 5490 os
1339 5438 1381 5489 ad
1405 5454 1436 5491 os
1454 5439 1505 5490 eto.
1542 5435 1580 5490 Et
1604 5451 1714 5492 meus:
1740 5437 1799 5490 Dic
1817 5436 1866 5501 tili
1883 5439 1932 5495 lo·

240 5515 327 5571 sionis
354 5517 467 5589 quictem
494 5515 604 5588 injuria
631 5517 754 5574 nondum
777 5517 887 5589 populo
912 5517 1068 5588 occidisset,
1094 5522 1190 5590 minis,
1218 5521 1283 5578 oeni
1303 5522 1421 5594 spiritus
1446 5539 1465 5577 a
1490 5529 1612 5593 matum
1637 5521 1753 5592 aepulis
1771 5529 1884 5598 ureae,
1912 5546 1934 5585 n
