4104 6014
868 350 918 404 ns
937 348 1076 408 noers.
1725 353 1785 416 tro

75 504 220 578 adquam
241 504 425 561 Bellurminus
444 506 606 575 Hieronymi
627 504 792 559 sententiam
816 520 921 560 aceom·
935 526 938 629 q
950 503 983 555 id
1000 507 1078 571 quod
1097 512 1137 557 eet
1153 505 1305 574 proprium
1327 505 1536 573 perfectorum,
1561 511 1592 557 ut
1611 520 1707 558 carere
1727 521 1785 557 ma·

76 592 192 656 modat,
223 598 252 649 et
268 591 385 646 habebis
409 591 564 662 exemplum
588 589 715 645 candoris
740 590 869 647 Jesuitici
894 590 922 643 in
949 588 1014 640 mla
1050 595 1076 642 et
1104 608 1191 659 ruqc,
1227 591 1369 644 interdum
1396 591 1429 644 id
1461 591 1539 659 quod
1567 598 1608 644 eet
1634 589 1785 659 proprium

79 677 255 733 adducendis
277 683 305 733 et
327 676 499 747 applicandis
519 681 629 747 patrum
646 675 736 729 dictis.
948 673 1194 743 imperfectorum,
1230 684 1260 728 ut
1287 693 1407 745 peccare
1437 685 1464 729 et
1496 677 1672 746 correptione
1708 675 1782 728 indi-

10 773 66 865 put
118 768 179 819 369.
222 766 251 820 3.
281 763 379 817 Etiam
408 763 439 815 in
461 763 569 815 medico
603 769 628 815 et
660 761 806 815 medicinis
833 777 866 812 ac
892 760 922 812 in
947 776 1012 826 pere
1030 766 1082 815 etc.
1115 765 1138 815 2.
1159 761 1268 820 εἰδικῶς
1286 777 1319 815 ac
1333 762 1497 830 specialiter
1516 760 1646 833 proillio,
1666 761 1782 832 quinon

10 826 46 915 'ei-
38 835 166 904 ¹'rebus
185 849 254 903 aliie
272 847 376 902 aecem
387 865 465 917 rpem
479 847 606 917 aliquam
625 847 797 901 citraDei
784 847 921 914 injuriam
948 850 1055 899 tantum
1086 847 1178 901 vocati
1212 852 1277 901 sunt
1303 846 1449 902 vocatione
1478 851 1591 914 sanem,
1622 845 1670 900 sed
1699 845 1783 899 etiam

13 933 67 976 ··⁸⁷
81 944 218 1005 tasqrsam
236 936 266 987 in
284 934 380 987 media
387 950 464 1003 ,per
482 950 554 1003 miae
572 936 653 986 Deus
667 935 705 987 eit
723 933 838 1001 efficax,
864 933 919 985 col·
932 930 1086 1028 'vocationi
1102 938 1239 1002 promtum
1259 932 1422 988 exhibentes
1440 933 1613 1003 obsequium,
1632 929 1782 1001 perfidem

10 1004 66 1076 pem
80 1022 181 1076 locare
199 1021 272 1073 licet.
306 1018 406 1072 Liberi
416 1027 569 1089 parentum
588 1037 703 1072 suomim
721 1018 839 1082 tutelae,
858 1017 919 1069 eul-
947 1021 975 1069 et
993 1015 1167 1087 Spiritums.
1185 1017 1301 1072 interius
1321 1016 1530 1074 sanctificantur
1548 1018 1611 1072 Act.
1633 1023 1681 1085 26,
1700 1035 1726 1073 v
1743 1023 1782 1073 18

81 1106 141 1160 diti
172 1103 338 1176 principum
375 1104 446 1168 fidei
481 1105 600 1158 satutem
632 1122 713 1157 suam
749 1103 920 1158 committunt
949 1106 969 1156 1
988 1100 1050 1156 Cor.
1071 1107 1103 1169 6,
1127 1121 1152 1157 ι.
1176 1109 1216 1159 11.
1263 1103 1317 1168 Qui
1337 1104 1425 1158 sancti
1444 1109 1522 1171 sunt,
1540 1107 1600 1157 tum
1618 1103 1781 1175 imputative

76 1191 328 1263 ahqaeullaDei
340 1192 455 1260 offensa,
473 1191 575 1261 quidni
592 1191 920 1261 erqoetraminaanetoe
944 1203 994 1256 per
1019 1186 1121 1241 Christi
1148 1189 1289 1258 justitium
1318 1188 1374 1244 fide
1411 1189 1479 1260 ipsis
1512 1190 1693 1260 imputatam,
1725 1203 1781 1259 quo

77 1279 217 1346 fiduciam
237 1285 264 1331 et
283 1293 361 1346 apem
379 1277 476 1330 liceret
495 1277 658 1331 collocare!
692 1276 918 1347 Respondemus:
943 1277 1071 1342 respectu
1097 1272 1222 1327 Christus
1248 1275 1354 1326 dieitur
1376 1275 1448 1343 ipsis
1470 1278 1568 1339 factae
1592 1274 1780 1336 sanctificatio
1795 1283 1871 1324 xv111.
1885 1285 1917 1325 eu

79 1363 159 1419 aliud
189 1369 232 1418 est
260 1361 359 1417 mediis
390 1362 522 1417 divinitus
551 1362 684 1417 ordinatis
718 1363 747 1416 in
773 1378 838 1416 vero
866 1359 918 1414 Dei
946 1363 969 1414 1.
990 1358 1049 1414 Cor.
1072 1364 1095 1423 l,
1114 1376 1140 1412 v.
1160 1364 1202 1414 30.
1221 1365 1279 1413 tum
1299 1360 1466 1428 inchoativo,
1484 1365 1621 1431 quatenus
1640 1362 1704 1413 Deo
1722 1376 1780 1414 eer-

78 1449 181 1506 timore
206 1448 249 1503 uti
274 1456 303 1503 et
333 1465 495 1519 prosperum
517 1466 612 1504 eorum
638 1464 797 1504 successum
820 1463 838 1500 a
856 1446 917 1501 Deo
943 1444 1020 1497 aiunt
1040 1445 1069 1497 in
1087 1445 1201 1512 iustitia
1219 1454 1245 1498 et
1263 1448 1411 1500 sanctitate
1431 1445 1498 1501 Luc.
1522 1452 1543 1514 1,
1561 1464 1587 1501 ιι.
1608 1452 1649 1501 15,
1662 1463 1778 1517 quorum

76 1540 256 1607 exspectare3
292 1533 368 1588 aliud
399 1533 531 1588 fiduciam
563 1535 615 1588 soli
645 1540 705 1589 Deo
738 1532 861 1587 debitam
890 1539 919 1585 st
943 1537 1035 1584 tamen
1064 1529 1164 1584 iterum
1194 1535 1238 1584 est
1267 1531 1408 1601 quaedam
1441 1530 1610 1586 differentia.
1662 1530 1781 1595 Quidam

76 1621 211 1677 honorem
230 1619 281 1674 soli
300 1620 362 1675 Deo
386 1627 587 1690 competentem
613 1619 649 1674 ad
669 1624 810 1675 creaturas
830 1623 917 1670 trans-
943 1614 1017 1668 enim
1041 1614 1070 1668 in
1097 1614 1146 1669 illa
1164 1615 1311 1670 sanctitate
1331 1616 1366 1670 ad
1387 1616 1469 1670 finem
1489 1633 1578 1687 usque
1595 1616 1670 1671 vitae
1689 1632 1780 1688 perse·

76 1708 159 1765 ieme.
220 1705 303 1760 Prius
347 1707 512 1777 probamus,
560 1705 697 1777 posterius
739 1705 916 1759 detestemur.
943 1705 1055 1768 verant,
1084 1699 1132 1769 qui
1161 1701 1274 1771 proprie
1305 1700 1435 1756 dicuntur
1458 1702 1558 1769 electi,·
1582 1702 1697 1773 qnidam
1715 1717 1781 1757 vero

77 1793 233 1862 Medicina,
271 1792 361 1848 tutela
391 1793 562 1863 principum,
590 1809 657 1847 cura
687 1797 832 1862 parentum
862 1794 914 1844 ete.
943 1784 979 1838 ab
1000 1801 1034 1838 ea
1051 1784 1151 1839 iterum
1181 1785 1326 1852 excidunt,
1355 1787 1403 1857 qui
1430 1786 1541 1857 proprie
1567 1804 1624 1842 non
1652 1787 1782 1841 dicuntur

77 1879 206 1933 nituntur
224 1878 319 1933 divina
329 1878 502 1933 ordinatione
521 1883 550 1932 et
563 1877 668 1932 hahent
680 1877 732 1931 Dei
746 1876 914 1930 mandatum.
944 1868 1038 1938 electi,
1068 1870 1117 1925 sed
1135 1873 1236 1926 renati.
1278 1871 1373 1941 Hujus
1388 1872 1549 1942 posterioris
1569 1871 1781 1942 significationis

77 1966 119 2019 At
142 1979 214 2035 quae
232 1963 377 2034 Scriptura
403 1965 515 2030 asserit,
542 1970 652 2017 sanctos
678 1963 751 2017 inter
768 1960 859 2015 Deum
890 1967 918 2014 et
944 1955 1070 2025 exempla
1087 1956 1116 2009 in
1139 1956 1289 2027 Scripturis
1314 1957 1417 2028 passim
1436 1961 1594 2014 occurrunt.
1632 1957 1780 2025 Psalmi,

77 2066 130 2105 nos
167 2065 228 2105 esse
261 2049 426 2104 constitutos
455 2048 638 2116 mediatores,
677 2048 716 2101 ita
745 2053 777 2100 ut
808 2046 917 2100 illorum
943 2058 967 2094 v.
988 2047 1017 2096 4:
1039 2041 1182 2108 Mirificat
1200 2043 1341 2097 Dominus
1365 2051 1477 2097 sanctos
1497 2061 1572 2099 suos.
1617 2042 1717 2100 Psalm.
1740 2046 1781 2112 16,

77 2151 166 2206 opera
191 2151 288 2205 preces
306 2141 416 2189 nostrae
447 2135 483 2188 ad
508 2133 600 2187 Deum
623 2132 796 2186 adscendunt
814 2136 842 2186 et
868 2149 918 2201 per
942 2142 968 2178 v·
990 2131 1020 2180 3:
1043 2127 1171 2193 Sanctis,
1195 2129 1246 2198 qui
1267 2131 1493 2197 tuntinano,
1519 2138 1545 2183 et
1559 2130 1781 2199 praestantibus,

76 2220 187 2276 illorum
207 2237 305 2274 manns
319 2217 454 2275 beneficia
471 2235 489 2272 a
500 2218 562 2273 Deo
574 2219 665 2289 petita
685 2218 720 2271 ad
732 2234 783 2271 nos
804 2217 917 2272 descen·
942 2212 973 2264 in
992 2213 1092 2283 quidm
1110 2221 1152 2267 eet
1171 2231 1250 2268 omne
1271 2214 1473 2284 beneplacitum
1491 2232 1580 2268 meum
1593 2221 1643 2271 ete.
1675 2214 1782 2285 Impro-

77 2306 168 2362 dsuti
195 2322 268 2377 quae
297 2305 442 2376 Scriptura
467 2305 598 2358 fiduciam
626 2304 718 2359 cordis
750 2304 779 2357 in
808 2311 918 2357 sanctos
944 2297 1042 2352 bamus
1062 2299 1155 2370 igitur,
1174 2299 1250 2370 quod
1269 2300 1420 2355 Salmeron.
1440 2300 1512 2370 disp.
1534 2307 1573 2357 10.
1590 2300 1619 2354 ιιι
1638 2318 1682 2370 ep.
1700 2299 1780 2357 Rom.

78 2393 216 2447 collocare
235 2391 340 2462 jubet?
388 2389 430 2446 Ne
456 2391 492 2445 ab
511 2391 571 2460 ipso
593 2389 705 2460 quidem
724 2391 785 2444 Deo
806 2405 917 2460 sperare
943 2393 1007 2440 tom.
1038 2390 1077 2440 13.
1109 2403 1174 2456 pag.
1205 2391 1263 2441 3114.
1293 2385 1402 2440 scribit:
1438 2387 1585 2440 Neminem
1611 2387 1678 2440 dum
1704 2386 1781 2456 uiuit,

77 2479 124 2534 rel
153 2484 250 2547 petere
279 2477 430 2548 quidquem
463 2476 543 2543 licet,
577 2477 651 2546 quod
682 2494 736 2529 non
763 2475 823 2545 ipse
845 2491 863 2529 a
888 2491 917 2529 se
943 2472 1080 2526 audemus
1099 2488 1200 2526 uocare
1219 2480 1361 2541 eandum,
1390 2473 1450 2525 nisi
1474 2490 1535 2526 cum
1558 2473 1718 2542 peruenerit
1740 2474 1783 2525 ad

77 2564 247 2634 sperandum
265 2579 298 2617 ac
318 2563 470 2634 petendum
489 2580 549 2617 esse
564 2562 649 2616 verbo
669 2578 719 2616 suo
741 2561 917 2633 significavit.
942 2558 1055 2625 ploriae
1080 2566 1212 2612 aeternae
1233 2565 1346 2627 portum
1375 2575 1409 2610 cc
1426 2565 1544 2611 sanctae
1571 2565 1597 2610 et
1616 2559 1781 2626 inculpatae

79 2650 187 2717 Quodsi
207 2666 274 2721 ergo
288 2648 376 2704 aDeo
396 2649 464 2703 nihil
477 2649 654 2718 sperandum,
672 2649 739 2702 nihil
758 2648 916 2718 petendum,
942 2644 1016 2697 uitae
1047 2653 1126 2698 certa
1150 2652 1177 2698 et
1201 2644 1286 2697 clara
1309 2642 1457 2712 reliquerit
1483 2644 1652 2700 teetimonia.
1699 2642 1780 2711 (Cum

78 2737 134 2792 nisi
156 2737 271 2808 quoda
295 2752 324 2790 se
343 2734 448 2806 sperari
474 2752 507 2789 ac
533 2736 627 2806 rogari
651 2736 751 2805 jussit,
780 2735 917 2805 quomodo
942 2728 1102 2800 pontificem
1131 2734 1231 2784 vocent
1257 2727 1491 2798 commacinum.)
1535 2728 1579 2783 De
1605 2727 1708 2783 sanctis
1731 2730 1778 2782 de·

78 2824 164 2878 animi
180 2821 310 2876 fiduciam
334 2821 362 2875 in
382 2827 491 2877 sanctos
516 2822 651 2877 collocare
674 2829 703 2875 et
728 2821 802 2875 bona
822 2838 838 2875 a
858 2820 917 2874 solo
941 2817 1050 2880 functio
1083 2816 1142 2870 sive
1173 2814 1302 2883 mortuis,
1329 2814 1378 2884 qui
1403 2831 1459 2868 non
1487 2813 1605 2884 amplius
1632 2812 1778 2868 militantis

78 2908 140 2963 Deo
158 2907 345 2979 exspectanda
362 2907 399 2961 ab
419 2908 486 2977 ipsis
505 2915 599 2978 petere
618 2908 756 2977 integrum
774 2907 835 2975 erit,
853 2923 915 2961 cum
943 2902 991 2956 sed
1011 2899 1208 2969 triumphantis
1222 2898 1439 2954 ecclesiastices
1458 2905 1524 2953 sunt
1537 2907 1689 2971 usurpatur
1700 2899 1778 2968 haec,

79 2995 109 3048 in
129 2994 288 3064 Scriptura,
318 2994 429 3048 divinae
447 2993 596 3047 voluntatis
631 2992 814 3062 internuntia,
845 2990 916 3045 illud
943 2986 1130 3043 denominatio
1155 2985 1254 3040 Matth.
1275 2990 1323 3054 21,
1351 3003 1377 3040 v.
1396 2991 1443 3040 et:
1468 2987 1596 3055 Eqressa
1619 2994 1684 3040 sunt
1702 3002 1717 3039 e
1737 3002 1790 3055 ees·

78 3082 207 3152 nuspiam
231 3080 268 3134 sit
292 3078 473 3135 mandatum?
517 3079 647 3133 Brentius
671 3078 818 3150 distinguit
843 3078 916 3130 inter
939 3074 1051 3145 pulcris
1068 3089 1192 3141 corpora
1209 3072 1298 3125 multa
1318 3080 1494 3140 sanctorum,
1521 3072 1573 3141 qui
1595 3074 1778 3126 dormierant.

80 3168 223 3232 confidem
240 3167 269 3220 in
300 3167 435 3221 hominem
462 3172 488 3218 et
517 3167 552 3218 de
570 3165 680 3218 bomine
706 3163 772 3218 bene
790 3179 915 3234 sperare,
942 3159 1009 3215 Luc.
1033 3164 1060 3226 1,
1078 3176 1104 3213 v.
1120 3164 1169 3213 70:
1199 3158 1279 3212 diceet
1298 3158 1409 3211 locutus
1432 3166 1473 3213 eet
1485 3175 1541 3228 per
1559 3175 1590 3212 oe
1607 3165 1777 3224 sanctorum,

80 3252 151 3307 illud
170 3251 343 3308 infidelitatis
362 3259 413 3320 est,
432 3250 484 3305 hoe
501 3250 632 3305 cantatis
942 3246 992 3316 qui
1008 3265 1027 3298 ιι
1044 3244 1138 3298 seculo
1155 3253 1226 3314 ment,
1241 3244 1452 3314 prophetarum.
1494 3250 1515 3300 1.
1529 3244 1626 3300 Thess.
1645 3249 1669 3314 3,
1684 3263 1711 3300 v.
1732 3249 1775 3299 13:
1807 3246 1810 3251 ’

10 3345 67 3387 tn
118 3343 177 3394 tte.
221 3339 369 3403 Quaeritur
401 3343 424 3392 l.
471 3338 518 3390 An
546 3338 641 3390 sancti
664 3339 720 3390 sint
746 3337 916 3390 invocandi!
943 3334 980 3385 ln
1006 3333 1128 3385 adventu
1155 3331 1276 3383 Domini
1306 3348 1369 3383 cum
1399 3331 1526 3384 omnibus
1562 3331 1669 3384 eunctis
1706 3331 1775 3398 ejus
1840 3353 1842 3357 ¹
1904 3336 1906 3341 '

10 3400 69 3490 iiiii
83 3424 125 3479 Ut
143 3429 231 3479 status
251 3422 421 3494 quaestionis
447 3428 522 3478 recte
541 3422 727 3493 intelligatur,
752 3421 916 3492 explicanda
942 3417 1029 3488 Epist.
1049 3414 1116 3471 lud.
1137 3435 1162 3472 ι.
1187 3421 1234 3471 lt:
1258 3418 1333 3470 Ecce
1350 3417 1423 3470 uenit
1441 3417 1583 3471 Dominae
1601 3433 1662 3469 cum
1680 3417 1776 3469 multis

11 3501 30 3540 ¹·
82 3516 148 3565 sunt
186 3511 272 3581 ipsius
312 3516 372 3564 tum
406 3509 573 3577 subjectum,
614 3515 674 3562 tum
707 3508 914 3606 praedicatum
941 3511 1101 3556 sanctorum
1136 3503 1277 3571 millibus,
1314 3503 1413 3567 facere
1440 3503 1594 3571 judicium.
1650 3501 1777 3571 Utraque

10 3600 37 3642 ὶ-
82 3596 245 3667 Suhjectum
271 3601 313 3650 est
338 3595 439 3650 tancti.
484 3595 591 3649 Nomen
616 3600 773 3649 sanctorum
795 3594 823 3646 in
844 3592 916 3648 Scri·
942 3588 1108 3660 significatio
1139 3589 1319 3659 conjungitur
1352 3595 1374 3645 1.
1396 3586 1459 3644 Cor.
1482 3576 1525 3656 6,
1536 3607 1560 3643 v.
1583 3592 1604 3642 2.
1631 3585 1732 3657 Ephes
1752 3593 1777 3657 l,

80 3683 170 3752 pturis
199 3681 334 3752 accipitur
366 3681 401 3735 de
431 3680 536 3733 nanctis
568 3687 627 3734 tum
656 3679 823 3746 uirentibus,
855 3686 914 3733 tum
941 3692 966 3728 v.
989 3680 1028 3731 16
1054 3690 1115 3744 cap.
1140 3679 1170 3740 2,
1199 3692 1225 3728 ι,
1245 3680 1286 3730 19
1316 3679 1340 3729 2.
1365 3674 1463 3729 Thess.
1486 3681 1511 3738 1,
1538 3690 1564 3730 ν.
1592 3681 1630 3728 to.
1672 3673 1705 3727 Iu
1723 3673 1775 3727 hac

78 3770 195 3823 mortuis
214 3769 273 3823 sive
289 3767 436 3823 defunctis
480 3766 523 3821 De
547 3768 700 3821 viventibus
724 3770 913 3864 usurpaturl.
941 3760 1102 3832 quaestione
1119 3776 1219 3815 nomen
1239 3766 1396 3815 sanctorum
1425 3760 1599 3830 usurpatur
1591 3776 1620 3814 ιιι
1637 3758 1775 3829 signitica-

78 3858 193 3926 γενικῶς
216 3870 249 3908 ac
271 3853 443 3922 generaliter
466 3870 517 3922 pro
544 3852 671 3906 omnihus
704 3852 773 3921 illis,
804 3851 852 3922 qui
877 3851 913 3905 ad
939 3847 1014 3901 tione
1030 3846 1184 3916 posteriore
1202 3848 1238 3900 de
1262 3847 1384 3914 sanctie,
1409 3847 1517 3901 scilicet
1542 3847 1700 3910 defunctio,
1727 3847 1777 3914 qui

77 3941 247 3996 consortium
270 3938 404 3993 ecelesiae
431 3938 523 3992 vocati
548 3936 708 4008 religionem
726 3936 912 3991 Christianam
939 3950 1052 3986 cursum
1077 3950 1157 3985 auum
1182 3939 1408 3985 conmemmarunt
1437 3936 1461 3986 2.
1482 3931 1554 3986 Tim
1585 3938 1613 4000 l,
1642 3948 1668 3984 v.
1694 3935 1718 3988 1.
1746 3934 1776 3984 et

78 4025 252 4098 profitentur,
272 4024 387 4079 verbum
405 4023 530 4088 audiunt,
550 4023 729 4077 sacramentis
750 4029 866 4077 utuntur
885 4028 914 4075 et
939 4020 1091 4090 gratuitum
1120 4019 1275 4073 sanctitatis
1290 4019 1458 4088 praemium,
1491 4035 1623 4072 coronam
1662 4016 1770 4069 scilieet

79 4111 109 4166 in
128 4109 245 4165 visibilis
265 4109 397 4165 ccclesiae
415 4116 497 4164 coetu
514 4109 604 4162 locum
623 4107 763 4173 obtinent,
782 4106 840 4162 sive
859 4107 914 4160 sint
933 4107 1073 4174 justitiae,
1098 4121 1133 4158 er
1159 4110 1240 4176 parte
1263 4109 1432 4175 acceperunt
1462 4121 1487 4157 ι.
1516 4109 1539 4159 6.
1578 4103 1721 4157 Vocantur
1745 4100 1773 4154 hi

76 4212 143 4253 vere
161 4195 201 4266 pii
223 4202 251 4251 et
268 4195 372 4265 renati,
396 4194 454 4250 sire
478 4193 641 4265 hypocritae
664 4209 730 4248 vera
754 4199 782 4247 et
805 4192 914 4246 interna
940 4191 1030 4246 semoti
1050 4191 1186 4258 defuncti,
1203 4206 1260 4245 non
1278 4190 1353 4260 quod
1372 4190 1457 4260 plane
1476 4189 1532 4244 sint
1549 4189 1678 4244 exstincti
1695 4203 1728 4241 ac
1746 4188 1774 4240 ιιι

77 4282 226 4336 sanctitate
246 4281 380 4336 destituti.
429 4281 492 4335 Act
511 4286 542 4342 9,
572 4296 598 4331 v.
625 4284 666 4334 32.
696 4278 736 4332 sic
754 4268 859 4331 Peisius
878 4278 913 4331 ad
939 4276 1055 4331 nihilum
1074 4276 1198 4338 redacti,
1215 4293 1268 4330 uec
1287 4277 1407 4346 amplius
1426 4292 1488 4329 cum
1507 4275 1569 4330 Deo
1586 4275 1697 4342 vivant,
1719 4291 1775 4344 quo

77 4369 202 4438 integras
240 4366 370 4421 ecclesias
409 4366 533 4421 scribens
568 4366 675 4418 uocatis
711 4365 817 4417 sanctie
853 4380 913 4418 sese
939 4380 1023 4417 sensu
1054 4363 1119 4417 olim
1149 4360 1279 4417 Julianus
1307 4362 1383 4431 apud
1408 4361 1543 4432 Cyrillum
1573 4358 1622 4415 lib.
1646 4365 1671 4415 6.
1702 4365 1775 4415 cont.

77 4453 199 4508 scribere
218 4452 316 4506 asserit
334 4451 412 4506 Rom.
433 4458 454 4514 1,
473 4470 498 4506 v.
514 4458 535 4506 1.
560 4458 580 4506 1.
595 4450 655 4506 Cor.
677 4457 699 4513 1,
717 4466 743 4505 v.
760 4456 784 4505 2.
809 4455 833 4504 2.
849 4448 911 4504 Cor.
938 4448 1044 4505 Julian.
1075 4455 1103 4502 et
1130 4447 1213 4502 hodie
1234 4447 1394 4501 Photiniani
1421 4447 1473 4501 hoc
1500 4462 1600 4500 nomeu
1627 4444 1774 4515 accipiunt,

80 4546 112 4605 ι,
138 4556 163 4594 ι.
188 4544 209 4594 1.
228 4537 299 4608 Eph.
320 4543 346 4601 1,
376 4554 401 4590 r.
424 4544 446 4595 1.
476 4537 577 4607 Philip.
606 4544 632 4600 1,
664 4555 689 4589 ι.
711 4542 732 4590 1.
762 4535 866 4591 Οιιιοιι.
889 4541 913 4602 1,
941 4535 989 4587 sed
1014 4541 1075 4588 tum
1099 4534 1286 4605 denegaretur,
1311 4539 1343 4586 ut
1370 4532 1562 4587 discernentur
1584 4547 1602 4585 a
1626 4531 1728 4585 sanctis
1746 4530 1774 4583 in

77 4642 105 4677 v.
129 4633 150 4680 1.
171 4630 223 4678 etc.
240 4640 303 4677 eum
327 4630 420 4677 tamen
441 4630 548 4678 constet
568 4640 601 4677 ex
622 4624 675 4677 illis
694 4622 764 4692 ipsis
782 4621 912 4691 epistolis,
940 4620 991 4673 hac
1017 4620 1076 4674 rita
1103 4619 1196 4674 adhuc
1229 4618 1396 4689 degentibus
1424 4634 1457 4671 ac
1485 4616 1684 4684 militantibus,
1714 4621 1773 4670 tum

78 4710 213 4780 quosdam
230 4709 259 4763 in
274 4708 453 4763 ecclesiarum
478 4707 587 4762 illarum
604 4703 728 4763 coetibirs
753 4707 839 4763 luisse
857 4725 911 4761 non
941 4709 1076 4775 opertam,
1097 4711 1226 4776 respectu
1246 4704 1341 4760 habito
1358 4704 1395 4757 ad
1413 4702 1499 4756 vitam
1509 4702 1664 4766 animalem,
1684 4718 1701 4757 a
1719 4718 1776 4771 qua

77 4802 197 4860 muetos,
215 4794 239 4847 si
256 4793 294 4847 ad
312 4793 449 4847 internam
468 4792 560 4846 cordis
577 4793 751 4847 sanctitatem
771 4800 914 4863 respectus
939 4793 975 4847 ad
995 4791 1166 4862 spiritualem
1187 4796 1215 4844 et
1234 4789 1381 4844 coelestem
1400 4788 1599 4853 discesserunt,
1618 4805 1674 4858 quo
1692 4804 1774 4842 sensu

76 4880 222 4936 habeatur.
253 4879 391 4934 Dicuntur
410 4895 477 4949 ergo
495 4878 639 4932 sanctivel
655 4886 782 4948 respectu
799 4889 913 4932 sanctae
939 4880 1001 4949 ipsa
1030 4876 1173 4947 Scriptura
1197 4882 1308 4930 sanctos
1331 4890 1394 4929 cum
1412 4873 1522 4928 Christo
1545 4873 1668 4928 viventes
1694 4881 1776 4927 vocat

76 4967 245 5032 cocctmnis,
274 4982 330 5036 qua
354 4966 389 5019 ad
410 4964 546 5020 ecclesiae
570 4965 736 5019 consortium
757 4981 807 5034 per
832 4983 914 5021 eran-
941 4971 1065 5019 mortuos
1080 4963 1170 5032 Apoe.
1186 4967 1225 5031 ll,
1242 4978 1268 5015 ι.
1287 4966 1326 5016 13.
1350 4964 1370 5013 l.
1385 4959 1481 5014 Thess.
1497 4967 1521 5027 t,
1540 4977 1565 5015 ιι.
1581 4966 1619 5015 16.
1639 4958 1719 5014 Rom.
1737 4964 1776 5025 11,

77 5051 145 5126 gelli
171 5052 405 5123 praedicationem
436 5058 501 5107 sunt
528 5053 620 5106 vocati
645 5051 789 5107 vocatione
816 5060 915 5105 sancta
940 5069 966 5106 r.
986 5056 1010 5107 8.
1028 5057 1057 5104 st
1074 5054 1098 5105 9.
1126 5064 1182 5120 qua
1200 5047 1405 5102 nomenclatura
1428 5047 1512 5101 etiam
1538 5051 1632 5116 patres
1652 5049 1776 5108 utuntur,

78 5146 105 5195 2.
124 5139 196 5194 Tim.
216 5145 318 5209 1,ι.’9.
339 5146 367 5195 et
385 5148 512 5209 respectu
531 5139 604 5202 finis,
627 5139 693 5208 quia
711 5137 788 5192 Deus
806 5155 861 5191 non
875 5139 917 5190 ad
941 5137 1153 5207 chrysostomus
1179 5133 1272 5189 homil.
1302 5137 1344 5188 66.
1372 5131 1408 5186 ad
1441 5130 1571 5187 Antioch.
1601 5129 1777 5200 Augustinus

77 5224 281 5279 immunditiem
304 5228 357 5279 sed
385 5228 426 5279 oet
450 5224 701 5292 sanctificationem
728 5240 775 5276 eos
805 5224 916 5276 uocauit
941 5223 990 5277 lib.
1006 5227 1048 5278 22.
1067 5222 1102 5275 de
1119 5220 1195 5275 civit.
1216 5220 1270 5274 Dei
1296 5235 1358 5290 cap.
1376 5225 1416 5274 10.
1440 5218 1489 5275 lib.
1509 5217 1544 5272 de
1561 5233 1628 5272 vera
1645 5216 1778 5287 religione

81 5317 106 5367 1.
122 5309 219 5366 Thess.
240 5317 272 5379 t,
296 5327 322 5366 v.
345 5315 368 5365 ι.
392 5308 437 5365 vel
456 5309 522 5380 quia
539 5309 568 5362 in
596 5308 648 5360 hec
669 5307 856 5376 appellatione
874 5313 916 5362 est
943 5325 1004 5379 cap.
1023 5313 1064 5362 55.

79 5397 262 5464 synecdoche,
280 5413 432 5467 perquam
449 5397 501 5450 toti
516 5394 649 5450 ecclesiae
664 5393 757 5447 coetui
775 5394 916 5456 tribuitur,
978 5399 1036 5448 311.
1072 5392 1153 5448 Circa
1170 5391 1325 5462 sthectum
1343 5389 1513 5462 quaestionis
1526 5387 1679 5441 notandum
1694 5387 1777 5441 etiam

78 5481 155 5554 quod
172 5482 245 5551 parti
264 5481 400 5535 duntaxat
415 5481 554 5552 competit.
592 5477 780 5548 Hieronymus
799 5479 828 5533 in
848 5497 870 5533 c.
892 5485 915 5533 1.
941 5479 1023 5542 illud,
1054 5486 1075 5534 1.
1092 5478 1167 5549 quod
1192 5478 1304 5549 qnidam
1324 5475 1463 5532 Pontificii
1488 5475 1600 5529 nomine
1619 5479 1777 5527 sanctorum

79 5567 156 5627 Gal:
193 5568 341 5624 Interdum
369 5565 522 5638 Scriptura
551 5565 648 5622 tribuit
685 5565 738 5618 toti
773 5565 960 5634 ecolesinam
977 5564 1058 5623 nobis
1077 5564 1293 5621 invocandorum
1311 5563 1469 5635 intelligant
1488 5578 1543 5617 nou
1563 5560 1650 5618 solum
1668 5566 1779 5617 sunem·
