4104 6014
857 316 909 372 DE
928 313 1067 374 MORTE.
1747 320 1805 379 att

116 476 146 528 in
167 475 267 530 tbrono
289 485 315 530 et
334 478 418 545 Apso
438 477 593 530 benedictio
614 482 640 529 et
658 476 747 529 bonor
764 481 789 527 et
805 473 900 540 picria
920 477 946 522 ct
975 469 1079 532 Quodsi
1110 487 1177 542 crgo
1202 471 1246 527 vel
1272 471 1389 526 maxime
1412 471 1441 526 iu
1464 469 1583 526 formula
1607 467 1738 524 orationis
1763 484 1808 523 ex·

112 569 239 630 potestas
266 564 297 615 in
327 565 422 617 secnla
447 563 614 619 semlomm.
654 560 769 630 Apocal.
798 566 843 623 19,
871 577 897 616 v.
920 554 1078 639 1:,clusiva
1106 557 1244 626 particula
1272 559 1349 611 solus
1376 557 1468 611 Petris
1498 554 1601 611 nomini
1629 554 1804 625 adjiceretur,

116 650 194 702 Mtte
216 657 243 702 et
264 650 360 717 pluria
385 658 411 704 et
434 651 522 703 cirtica
541 651 605 702 Deo
624 656 728 706 nonno.
768 650 790 700 7.
819 649 865 701 Ec
880 663 948 715 par·
974 642 1096 696 noudum
1127 648 1219 698 tamen
1248 661 1298 713 per
1325 660 1387 699 eam
1415 643 1625 698 excluderentur
1656 638 1744 695 Pilius
1780 643 1808 693 et

117 735 220 788 mutae
245 736 429 789 aermnandi
450 751 531 788 amen
556 734 723 803 adjectione.
762 733 839 788 Talis
865 730 950 786 debet
975 726 1094 799 Spiritus
1119 736 1239 793 sanctus,
1265 731 1337 784 sicut
1363 746 1412 798 per
1438 746 1499 785 eam
1527 729 1564 783 ab
1582 727 1691 797 objecto
1709 725 1805 781 adora-

116 838 176 876 esse
203 837 237 875 ex
256 819 358 876 Christi
384 822 556 893 praescripto
576 827 672 876 nostm
692 821 844 888 invocatio,
868 825 901 873 ut
917 835 949 873 ex
975 813 1056 868 tionis
1081 815 1265 870 excluduntur
1289 815 1381 886 angeli
1401 823 1429 870 et
1451 814 1581 872 homines.
1621 819 1646 869 6.
1665 813 1748 867 Illum
1768 812 1808 866 in·

117 923 182 961 vera
207 914 235 962 et
266 907 381 963 immota
410 909 500 963 cordis
528 908 631 963 fiducia
662 908 783 978 adjicere
813 905 950 977 passimus
975 915 1121 969 vocamus,
1149 917 1241 972 aquo
1263 902 1399 972 petimus,
1424 909 1454 954 nt
1470 902 1660 966 sanctificatio
1681 899 1743 967 ejus
1758 915 1807 951 no-

117 1009 206 1046 oman.
241 992 307 1049 Jam
325 1010 390 1048 vero
408 995 437 1048 in
456 1000 612 1048 sauctorum
630 993 805 1049 invocatione
819 1007 874 1046 non
888 1006 949 1060 pos
976 1002 1050 1048 men,
1074 995 1103 1039 nt
1127 988 1261 1040 adtrectat
1283 1003 1398 1055 repnuns
1416 988 1477 1057 ejus
1495 996 1544 1041 etc.
1567 994 1593 1040 ct
1607 986 1688 1057 enjus
1707 992 1748 1040 est
1763 1001 1806 1040 re·

117 1094 211 1132 sumus
238 1079 358 1148 adjicere
384 1096 476 1143 amen,
507 1079 533 1136 h.
554 1097 580 1139 e.
598 1079 659 1148 fiet,
691 1079 758 1149 qnia
776 1076 951 1132 destituimur
975 1075 1211 1143 enimpotestas
1229 1075 1370 1143 statoria.
1407 1073 1629 1130 Jamverohaec
1647 1071 1807 1143 praedicata

119 1165 298 1235 promissione
316 1166 506 1221 exauditionis.
543 1166 618 1238 Ergo
636 1171 791 1224 sanctorum
812 1161 950 1218 invocatio
975 1163 1136 1228 competunt
1153 1159 1226 1214 Filio
1244 1164 1273 1214 et
1291 1159 1414 1230 Spiritui,
1439 1165 1471 1213 ιιι
1490 1176 1523 1214 ex
1541 1159 1666 1230 plurimis
1684 1157 1807 1228 Scriptu-

118 1269 174 1307 non
198 1251 327 1306 convenit
350 1269 414 1307 cum
440 1253 529 1307 forma
555 1251 736 1307 invocationis
755 1266 773 1304 a
793 1248 902 1304 Christo
921 1247 949 1301 in
975 1260 1022 1299 ree
1045 1245 1126 1300 dictis
1153 1245 1334 1302 demonstrari
1361 1251 1461 1318 potest
1482 1246 1571 1317 ‚Ergo
1596 1245 1680 1301 etiam
1704 1245 1740 1300 ab
1758 1245 1807 1300 ob-

119 1337 243 1392 oratione
255 1337 403 1392 Dominicis
419 1338 599 1408 praescripta.
972 1332 1049 1400 jecto
1075 1332 1243 1389 adorationis
1270 1350 1326 1388 non
1353 1333 1545 1389 excluduntur.
1584 1332 1756 1404 Angelorum
1779 1335 1808 1386 et

10 1443 105 1489 respire-
153 1428 213 1479 115.
243 1423 354 1494 Excipit
370 1422 556 1478 Bellarmiuus
575 1423 609 1477 de
630 1421 702 1476 beat.
722 1427 808 1477 sanct.
828 1436 889 1489 cap.
908 1424 949 1474 20.
975 1417 1115 1473 hominurn
1140 1428 1299 1475 sanctorum
1325 1424 1368 1475 est
1394 1421 1463 1476 ratio
1488 1419 1606 1474 maxime
1624 1420 1732 1489 dispar,
1759 1417 1807 1488 qui

10 1505 31 1532 ³¹
53 1493 103 1532 ¹³⁶¹·
117 1524 189 1577 resp.
217 1508 261 1564 ad.
289 1515 313 1564 5.
331 1525 437 1580 argum.
460 1515 487 1564 t:
514 1509 677 1578 Appellatio
701 1508 800 1561 Patris
828 1524 883 1560 non
906 1523 949 1559 ec-
975 1508 1007 1556 ut
1024 1511 1089 1558 sunt
1111 1513 1189 1560 extra
1207 1505 1319 1561 deitatis
1338 1506 1494 1567 mundam,
1518 1506 1558 1560 ita
1576 1522 1686 1576 quoque
1705 1505 1741 1560 ab
1756 1504 1805 1558 ob·

11 1546 88 1584 rmlnl.

10 1595 104 1687 1foncel-
117 1595 206 1648 cludit
232 1595 340 1649 biliam
371 1603 397 1648 et
423 1594 561 1665 Spiritum
584 1603 719 1650 sanctum.
755 1595 834 1661 Erpo
866 1592 949 1646 etiam
971 1591 1047 1659 jecto
1064 1591 1208 1662 religiosae
1225 1592 1394 1648 adorationis
1413 1593 1524 1649 exclusi.

10 1707 65 1738 mss
118 1698 174 1734 non
199 1680 320 1735 eaclndt't
338 1681 454 1748 angelos
476 1688 502 1734 et
519 1689 632 1734 sannas
649 1681 685 1733 cb
703 1679 887 1733 invocationis
904 1678 950 1732 ob-
1009 1680 1069 1732 416.
1101 1675 1255 1746 Cbm'ctnns,
1273 1697 1335 1733 cnm
1353 1680 1498 1750 apostolos
1515 1680 1610 1733 ἀοοιιιι
1630 1695 1726 1742 orare,
1750 1695 1805 1732 non
1818 1685 1838 1728 ι
1852 1687 1917 1727 curt·

10 1762 92 1841 ffiff‘·
111 1768 198 1836 jecto.
236 1765 459 1836 Respondemus:
473 1770 491 1837 ‚1
510 1767 586 1822 itane
605 1782 670 1821 vero
689 1766 718 1820 in
736 1765 903 1820 Ananorum
921 1768 950 1818 et
976 1763 1012 1814 dt
1030 1778 1071 1831 eo,
1098 1765 1146 1833 9¹⁴5
1164 1767 1288 1818 0101111143
1309 1773 1356 1830 Μι
1373 1768 1426 1819 80‘1
1444 1768 1480 1820 dt
1501 1766 1537 1818 2⁶5⁸
1555 1766 1645 1833 'ems
1670 1781 1741 1834 W
1754 1781 1805 1834 1³⁶·
1819 1747 1867 1830 iiie·
1880 1749 1924 1831 di·

10 1851 344 1954 gilgffitPhotinianorum
364 1859 456 1907 casua
471 1852 656 1907 Bellarminus
681 1851 830 1907 descendet
847 1850 949 1905 Filium
976 1850 1076 1902 tendas
1101 1858 1180 1912 erint,
1209 1851 1364 1920 ds'tscipulos
1385 1853 1536 1906 admonere
1559 1852 1689 1906 noluisse.
1727 1850 1806 1906 Satis
1819 1852 1951 1942 affirm,

10 1963 106 1996 rnatum.
118 1947 146 1994 et
162 1939 294 2009 Spiritum
317 1941 345 1993 in
364 1956 448 1993 unam
468 1939 639 2009 eandemque
659 1939 773 1993 classem
790 1956 853 1993 cum
871 1952 947 1991 crea·
976 1934 1047 1986 enim
1066 1936 1219 2005 constabat,
1237 1938 1331 1990 Deum
1348 1953 1407 1992 esse
1423 1941 1563 1992 orandum
1581 1938 1709 1992 ettotam
1721 1938 1806 1990 etiam
1820 1947 1870 1991 dua.
1884 1946 1923 1986 sed

118 2024 199 2091 turis,
217 2025 324 2097 angelis
345 2040 384 2079 sc.
401 2032 430 2079 et
447 2024 584 2080 defunctis
602 2024 721 2086 sanctis,
749 2022 949 2095 compingens?
977 2020 1078 2089 Deum,
1098 2039 1160 2075 cnm
1180 2030 1279 2076 auctor
1297 2025 1435 2077 donanim
1453 2025 1609 2093 qncerbrm
1627 2025 1680 2078 sed
1698 2025 1734 2078 de
1750 2040 1806 2077 mo·
1820 1997 1939 2098 iiffsiim

119 2116 144 2166 2.
170 2110 221 2165 Est
245 2110 368 2181 proiecto
390 2111 461 2165 inter
483 2109 584 2173 Filium
608 2117 636 2165 et
662 2111 797 2180 Spiritum
819 2117 945 2163 sanctum
976 2106 1013 2159 do
1038 2108 1143 2161 annai
1165 2109 1223 2163 siae
1241 2111 1275 2163 de
1292 2111 1423 2179 petendis
1441 2111 1525 2164 rebus
1542 2111 1666 2180 apostoli
1684 2110 1805 2178 antipe-

119 2214 153 2252 ac
174 2197 288 2268 angelos
313 2204 341 2252 et
362 2204 472 2251 macta
496 2203 625 2268 respectu
643 2197 746 2268 objecti
767 2195 949 2251 invocationis
976 2191 1050 2259 bant,
1068 2211 1129 2246 cnm
1144 2195 1270 2249 dionant
1287 2198 1353 2250 Lae.
1370 2200 1401 2250 11
1409 2215 1419 2249 .·
1439 2197 1560 2251 Domine
1571 2199 1638 2251 doce
1649 2213 1700 2250 nos
1713 2212 1806 2254 orare.

118 2301 136 2339 a
154 2283 262 2338 Christo
285 2283 407 2355 expressi
433 2283 503 2337 ratio
522 2283 639 2336 maxime
664 2283 766 2352 dispar.
798 2281 878 2337 Unus
902 2280 949 2334 ille
976 2276 1201 2348 Respondemus:
1218 2288 1241 2338 1.
1259 2281 1281 2335 si
1295 2286 1412 2350 constat,
1429 2281 1520 2337 Deum
1540 2282 1697 2354 etquidem
1714 2284 1806 2338 solnm

118 2385 201 2423 verus
219 2368 296 2424 Deus
321 2386 354 2424 ac
374 2371 455 2424 Pater
479 2375 573 2424 noster
595 2385 614 2423 a
633 2367 714 2422 nobis
732 2367 901 2422 invocandus
919 2367 949 2421 in
977 2367 1069 2418 Deum
1098 2382 1159 2422 esse
1186 2367 1336 2435 orandum,
1363 2369 1460 2440 utiquc
1484 2368 1574 2423 sancti
1599 2387 1655 2424 nou
1682 2374 1748 2424 sunt
1766 2385 1807 2424 re-

117 2454 203 2511 verbo
220 2472 270 2510 suo
288 2471 348 2510 sese
366 2455 405 2508 sic
424 2454 566 2524 patefecit,
592 2453 665 2525 quod
684 2453 721 2508 sit
740 2453 832 2520 Pater,
859 2452 948 2507 Filius
976 2449 1075 2520 iigiose
1103 2452 1260 2509 invocandi.
1294 2453 1392 2525 Neque
1418 2454 1492 2510 enim
1519 2455 1662 2510 exclusiva
1683 2457 1760 2511 rolris
1778 2455 1808 2509 in

118 2548 146 2597 et
166 2540 285 2613 Spiritus
315 2547 440 2610 sanctus,
468 2539 518 2597 sed
544 2540 618 2610 quod
644 2540 758 2610 angelos
784 2544 813 2593 et
838 2548 949 2594 sanctas
976 2539 1143 2593 consortium
1178 2539 1280 2610 obiecti
1318 2541 1485 2597 adorationis
1524 2542 1646 2598 admittit
1691 2548 1809 2599 senemr.

118 2628 201 2683 etiam
224 2626 352 2698 religiose
377 2626 505 2680 invocare
525 2624 690 2692 debeamus,
712 2624 747 2681 de
764 2642 797 2681 eo
815 2625 901 2679 altum
919 2626 949 2678 in
977 2627 1002 2675 2.
1028 2624 1063 2678 st
1085 2628 1120 2679 ds
1139 2628 1223 2680 modo
1248 2628 1355 2681 mnndi
1371 2626 1497 2685 Christus
1516 2627 1666 2699 discipulos
1686 2645 1751 2683 suos
1768 2629 1809 2683 iu·

118 2712 268 2783 Scripturis
293 2712 440 2768 silentium,
479 2717 503 2766 ³.
522 2712 614 2766 Patris
632 2727 733 2766 nomen
751 2711 781 2766 iu
798 2710 948 2781 scripturis
975 2712 1083 2780 struxit,
1109 2728 1175 2784 erge
1193 2715 1275 2768 etiam
1293 2713 1329 2768 de
1346 2714 1524 2768 adorationis
1540 2715 1654 2784 objecto,
1687 2715 1754 2786 quia
1770 2715 1809 2770 ad

119 2800 255 2870 accipitur
284 2799 440 2869 dupliciter.
484 2798 578 2853 Primo
601 2796 740 2857 cicendela
765 2805 793 2852 et
817 2799 949 2852 asenna-
977 2797 1089 2852 modum
1115 2814 1198 2854 verae
1224 2806 1253 2855 et
1271 2797 1331 2855 Deo
1359 2806 1456 2871 metae
1484 2800 1664 2856 invocationis
1689 2801 1734 2856 vel
1753 2819 1810 2857 ms-

119 2886 200 2953 liter‚
218 2892 250 2941 ut
270 2894 312 2941 est
330 2886 419 2940 tribus
439 2885 549 2940 deitatis
564 2885 702 2956 personis,
724 2883 815 2952 Patri,
831 2884 904 2940 Filio
922 2889 951 2940 ct
978 2883 1049 2939 xime
1077 2886 1213 2954 pertinet,
1244 2893 1276 2940 ut
1301 2887 1329 2941 in
1361 2887 1422 2957 ipso
1451 2887 1620 2943 adorationis
1650 2887 1759 2960 objecto
1792 2905 1810 2942 a

119 2972 235 3044 Spiritui
254 2977 358 3040 macto,
386 2987 420 3025 ex
442 2987 531 3041 aequo
556 2986 714 3036 commune,
740 2969 785 3023 bic
809 2970 882 3025 enim
907 2976 950 3025 est
978 2988 1074 3026 norma
1092 2971 1202 3026 divinae
1222 2964 1373 3028 voluntatis
1390 2991 1445 3029 non
1458 2973 1624 3030 aberremus.
1658 2979 1682 3029 3.
1698 2973 1809 3030 Utrum-

119 3077 191 3114 unus
215 3058 261 3113 ille
281 3075 362 3112 verus
382 3058 468 3118 Deus,
492 3062 571 3127 pater
588 3063 689 3124 nosoer,
711 3057 776 3126 jure
796 3057 951 3125 creationis,
983 3073 1037 3126 que
1055 3074 1122 3129 ergo
1139 3056 1264 3113 Christus
1283 3059 1433 3130 discipulos
1454 3059 1552 3116 docere
1571 3067 1600 3115 et
1613 3060 1700 3115 voluit
1718 3064 1747 3115 et
1764 3059 1809 3115 de·

120 3144 311 3208 redemtionis,
340 3142 568 3214 regenerationis,
601 3139 842 3210 sanctificationis,
869 3142 951 3198 dilec·
979 3143 1048 3203 buit,
1063 3145 1086 3197 si
1104 3144 1216 3199 modum
1237 3151 1265 3200 et
1281 3145 1400 3201 formam
1419 3163 1501 3203 verae
1518 3147 1697 3202 invocationis
1710 3146 1811 3208 docere

119 3230 202 3285 donis
224 3237 252 3285 et
276 3229 368 3284 iactae
392 3229 427 3282 de
447 3234 561 3284 aeterna
580 3227 734 3282 hereditate
751 3227 947 3294 promissionis.
978 3229 1073 3296 voluit,
1092 3230 1222 3286 videlicet
1242 3248 1314 3301 quae
1333 3232 1389 3288 sint
1405 3233 1527 3304 petenda
1545 3240 1574 3289 et
1594 3249 1612 3287 a
1632 3251 1686 3304 quo
1703 3250 1737 3288 ea
1753 3233 1809 3288 sint

121 3316 248 3372 Secundo
281 3315 470 3378 ὑποσιατικῶς
498 3321 526 3369 et
549 3314 749 3384 personaliter,
787 3319 819 3367 ut
847 3315 951 3383 primae
978 3316 1107 3384 petenda
1142 3316 1298 3388 Praecipua
1322 3319 1395 3373 enim
1421 3336 1486 3390 pars
1509 3319 1650 3375 docuinae
1676 3320 1710 3375 de
1734 3321 1809 3375 invo-

120 3402 232 3457 deitatis
251 3418 385 3472 personae
403 3401 579 3472 peculiariter
597 3400 734 3456 tribuitur.
777 3399 810 3453 In
828 3402 951 3455 oratione
978 3403 1087 3458 cadone
1112 3403 1140 3457 in
1166 3421 1199 3459 eo
1225 3405 1363 3474 consistit,
1395 3412 1426 3459 ut
1448 3406 1580 3470 sciamus,
1607 3423 1753 3478 quemnam
1780 3407 1809 3461 iu

119 3489 266 3544 Dominica
297 3504 397 3543 nomen
417 3487 508 3542 Patris
535 3487 670 3558 accipitur
701 3487 729 3540 in
755 3486 845 3556 priore
868 3487 951 3558 signi·
978 3488 1106 3558 precibus
1131 3489 1232 3543 nostris
1258 3490 1423 3561 compellare
1450 3492 1608 3547 debeamus.
1642 3498 1667 3548 4.
1684 3492 1714 3548 si
1733 3491 1809 3548 chri-

119 3573 262 3639 ficatioue,
291 3591 354 3628 cum
379 3574 406 3627 in
435 3573 606 3628 invocatione
630 3590 685 3626 non
710 3573 765 3626 siut
781 3573 953 3643 separandae
979 3580 1037 3628 stus
1061 3581 1169 3630 tantum
1198 3578 1233 3630 de
1259 3578 1377 3630 materia
1405 3594 1499 3631 rmum
1523 3581 1727 3647 petendarum,
1754 3595 1810 3633 non

121 3651 231 3716 deitatis
257 3676 400 3732 personae.
438 3665 464 3718 t.
496 3659 525 3714 Si
547 3659 590 3714 vel
614 3659 731 3714 maxime
756 3660 785 3713 in
803 3659 952 3729 posteriore
979 3666 1071 3715 autem
1096 3661 1280 3717 decretionis
1300 3662 1409 3733 obJ'ecto
1429 3663 1578 3734 discipulos
1599 3664 1810 3729 docerevoluit,

121 3746 323 3819 significatione
351 3765 451 3801 nomen
467 3746 559 3800 Patris
577 3747 742 3817 accipiatur,
772 3747 894 3800 nondum
911 3752 952 3800 ta-
979 3762 1062 3801 eccur
1086 3746 1115 3800 in
1141 3747 1202 3817 ipso
1218 3747 1312 3802 limine
1330 3748 1429 3803 Patris
1446 3766 1546 3806 nornen
1563 3750 1662 3823 ponit?
1691 3768 1741 3806 cur
1758 3749 1810 3804 sub

122 3852 185 3890 meu
216 3835 253 3889 ab
285 3833 467 3888 invocationis
491 3831 601 3903 objecto
631 3849 681 3903 per
711 3834 740 3887 id
771 3832 954 3888 excluduntur
979 3832 1061 3887 finem
1080 3832 1167 3899 addit,
1187 3842 1263 3887 tnnnt
1281 3843 1321 3888 est
1339 3851 1456 3903 repnnn
1474 3845 1500 3890 ct
1513 3838 1641 3907 potentia
1656 3845 1681 3890 et
1694 3836 1811 3906 picria?

122 3921 209 3975 Filius
236 3926 264 3975 et
294 3918 413 3989 Spiritus
438 3927 563 3983 sanctus,
596 3919 662 3989 quia
687 3919 847 3974 invocamus
874 3919 952 3973 illum
980 3924 1006 3973 b.
1029 3920 1184 3988 Constabat,
1204 3921 1298 3973 Donni
1317 3923 1540 3989 trasmundum,
1559 3920 1807 3978 aitBellarmiuus.

122 4006 248 4074 Patrem,
274 4006 321 4077 qui
347 4004 383 4058 ab
413 4011 525 4059 aeterno
547 4003 644 4075 genuit
668 4002 769 4059 Filium
793 4005 845 4058 sibi
874 4021 953 4059 cone·
979 4004 1116 4058 Addimus
1144 4022 1207 4074 nos,
1239 4023 1273 4061 ex
1302 4006 1385 4063 Eccio
1412 4014 1440 4064 et
1469 4008 1532 4062 aliis
1558 4006 1728 4074 Pontifieiis,
1755 4009 1810 4063 imo

122 4101 230 4149 ternum
254 4101 283 4148 et
301 4092 562 4148 consubstantialem
591 4097 620 4146 et
638 4108 656 4144 a
684 4108 740 4161 quo
769 4096 798 4145 et
819 4092 891 4147 Filio
917 4092 954 4146 ab
979 4093 1040 4161 ipso
1058 4091 1227 4146 Bellarmino
1247 4093 1400 4158 constabat,
1420 4101 1530 4164 praeter
1548 4093 1639 4148 Deum
1657 4099 1724 4149 tunc
1742 4101 1810 4148 tem

123 4187 234 4237 aetem
262 4180 388 4250 procedit
417 4178 536 4249 Spiritus
565 4183 685 4232 sanctus.
730 4178 861 4248 Quisquis
888 4195 954 4250 ergo
980 4178 1054 4248 poris
1072 4184 1181 4233 senens
1199 4195 1253 4231 uon
1273 4196 1333 4234 esse
1352 4181 1479 4252 religiose
1499 4180 1675 4237 invocandos.
1706 4180 1812 4245 Quodsi

123 4268 233 4323 Patrem
253 4267 370 4333 invocat,
388 4267 411 4320 is
432 4265 515 4320 etiam
533 4264 634 4319 Filium
653 4264 770 4330 invocat,
789 4264 855 4334 quia
876 4265 955 4320 Pater
980 4280 1046 4334 ergo
1074 4264 1103 4318 in
1132 4263 1221 4318 forma
1245 4265 1427 4320 invocationis
1450 4265 1582 4322 ecclesiae
1610 4266 1645 4322 N.
1671 4266 1704 4321 T.
1732 4283 1810 4337 prae·

123 4359 152 4408 et
174 4352 263 4407 Filius
292 4369 378 4406 unum
398 4359 463 4405 sunt
488 4351 611 4415 Joh.1o,
637 4368 662 4404 v.
686 4355 727 4405 30.
754 4349 839 4404 Pater
860 4358 903 4405 cst
925 4353 955 4404 in
981 4351 1084 4421 scripta
1112 4350 1236 4404 Christus
1265 4351 1409 4421 voluisset,
1436 4353 1518 4407 etiam
1543 4360 1653 4407 sanctos
1680 4352 1811 4417 invocari,

125 4440 204 4494 Filio
233 4445 261 4494 et
291 4438 378 4492 Filius
405 4447 447 4493 est
473 4439 503 4490 in
531 4438 620 4491 Patre
645 4435 709 4493 Joh.
739 4442 778 4503 rt,
804 4454 830 4494 v.
859 4442 898 4492 to.
925 4445 956 4490 nt
981 4438 1077 4507 utique
1107 4437 1189 4491 etiarn
1220 4453 1313 4492 eorum
1341 4438 1507 4494 mentionem
1539 4437 1665 4509 fecisset,
1694 4455 1746 4493 nec
1774 4439 1811 4493 ed

125 4525 368 4579 omnesltonorare
382 4525 501 4578 debeam
516 4524 621 4577 Filium
636 4523 827 4589 saltriasicat,
840 4524 956 4576 Patrem
982 4523 1070 4576 solum
1091 4524 1214 4589 Patrem,
1240 4523 1290 4577 sed
1315 4525 1453 4579 etiamad
1473 4532 1583 4580 sanctos
1601 4525 1752 4581 orationem
1772 4525 1811 4578 di·

124 4612 188 4669 ton
209 4619 238 4682 5,
264 4629 290 4665 v.
310 4616 351 4668 23.
377 4611 418 4664 ita
444 4626 554 4680 quoquc
581 4626 675 4664 omnes
699 4608 827 4663 invocare
854 4607 957 4663 debent
981 4610 1072 4681 rigere
1098 4609 1264 4663 mandasset
1302 4615 1325 4664 6.
1351 4609 1488 4680 Discipuli
1519 4612 1547 4665 in
1578 4627 1679 4682 genere
1704 4616 1811 4680 petunt,

124 4699 226 4753 Filium
249 4698 353 4766 καθὼς,
378 4697 463 4756 sicut,
488 4696 606 4752 Patrem.
641 4694 694 4758 Qut
713 4711 777 4750 vero
797 4694 908 4748 Patrem
929 4701 957 4749 et
981 4697 1095 4751 formam
1114 4696 1295 4750 invocationis
1311 4695 1364 4750 sibi
1379 4713 1397 4750 a
1408 4695 1517 4752 Christo
1528 4697 1679 4768 praescribi
1691 4697 1758 4752 Luc
1771 4703 1811 4760 11,

126 4785 226 4839 Filium
256 4785 378 4851 invocat,
403 4783 426 4836 is
443 4782 525 4836 etiam
545 4781 677 4853 Spiritum
696 4790 820 4835 sanctum
840 4781 958 4850 invocat,
983 4800 1009 4838 v.
1032 4788 1054 4837 1.
1081 4781 1180 4852 quodsi
1203 4780 1354 4853 fingamus,
1390 4783 1472 4837 etiem
1503 4792 1614 4838 sanctos
1647 4801 1706 4839 esse
1731 4784 1809 4837 invo-

126 4872 175 4944 qui
198 4871 280 4926 unius
306 4876 335 4925 et
362 4869 484 4941 ejusdem
510 4874 551 4923 est
575 4884 639 4922 curn
660 4869 743 4922 Patre
767 4873 795 4921 et
818 4867 889 4922 Filio
915 4885 957 4922 es·
983 4869 1102 4925 candos,
1139 4885 1309 4938 consequens
1339 4868 1438 4934 tuerit,
1479 4868 1624 4924 formulam
1656 4888 1673 4924 a
1703 4869 1812 4925 Christo

10 4984 49 5025 nu
65 4977 113 5024 tto.
127 4958 246 5026 sannae,
274 4956 427 5026 potentiae,
453 4953 606 5024 majestatis
630 4956 659 5007 et
681 4953 792 5024 gloriae.
827 4952 873 5010 Sic
890 4970 957 5026 ergo
983 4955 1182 5024 praescriptam
1201 4971 1261 5009 esse
1281 4953 1485 5024 imperfectam,
1504 4955 1599 5025 ecquis
1617 4954 1689 5009 enim
1708 4955 1813 5011 inficias

126 5061 160 5100 ex
178 5043 280 5100 Christi
302 5042 471 5113 praescripto
490 5041 518 5095 in
538 5039 660 5093 oratione
679 5039 825 5093 Dominica
842 5040 955 5094 iuvoca-
984 5041 1024 5096 ire
1043 5040 1151 5110 poterit,
1178 5040 1214 5094 ad
1232 5041 1383 5111 perfectam
1402 5039 1577 5096 decretione
1596 5041 1749 5096 doctrinam
1769 5043 1813 5098 vel

126 5149 187 5186 mus
211 5131 322 5185 Patrem
350 5128 460 5184 Domini
486 5126 572 5182 nostri
603 5126 715 5194 iesum,
741 5127 791 5194 qni
820 5125 957 5195 Spiritum
984 5128 1103 5181 maxime
1130 5126 1267 5196 pertinere
1285 5125 1451 5181 mentionem
1469 5124 1592 5194 obJ‘ecti?
1620 5132 1645 5183 1.
1662 5127 1813 5199 Discipulis

127 5219 202 5272 Filii
226 5218 273 5270 sni
297 5217 373 5270 misit
397 5217 427 5268 in
452 5217 539 5268 corda
562 5220 658 5265 nostra
685 5213 851 5265 clamantem
877 5214 958 5267 Abba
984 5213 1079 5268 itidem
1102 5214 1161 5283 jam
1184 5220 1248 5268 aute
1266 5211 1425 5278 constabat,
1454 5227 1590 5281 quaenam
1608 5229 1625 5266 a
1644 5212 1704 5266 Deo
1723 5220 1814 5269 cuent

128 5307 219 5358 Pater
246 5302 338 5358 Galat.
356 5309 382 5369 t,
406 5319 432 5357 v.
453 5307 476 5357 6.
525 5309 549 5355 5.
576 5298 650 5354 Note
672 5305 715 5352 cst
739 5299 836 5369 regula
861 5296 958 5367 Cyrilli
983 5299 1104 5369 peteuda
1138 5316 1170 5352 ac
1206 5298 1259 5353 Dei
1295 5316 1355 5354 esse
1388 5315 1504 5369 regnum
1542 5305 1570 5352 et
1606 5298 1757 5368 potentiam
1786 5307 1815 5354 et

128 5388 175 5446 lib'.
201 5395 240 5445 10.
268 5388 392 5444 thesauri
415 5404 475 5457 cap.
498 5392 528 5442 6:
556 5384 706 5438 Particnla
725 5386 867 5438 exclusiva
885 5384 959 5439 solus
983 5384 1114 5455 gloriam,
1131 5384 1217 5439 nihilo
1235 5391 1328 5439 tamen
1347 5383 1437 5438 minus
1456 5382 1581 5438 Christus
1599 5383 1627 5437 iu
1645 5382 1735 5437 forma
1753 5400 1812 5439 ore·

128 5476 180 5529 nni
194 5476 309 5530 ἀειιαιιε
327 5491 469 5545 patenae
488 5474 590 5526 addita
607 5489 663 5526 nan
681 5472 804 5525 caclmit
818 5488 958 5541 personae
983 5470 1067 5523 tionis
1103 5469 1170 5539 ipsis
1199 5468 1372 5540 praescripta
1400 5485 1494 5524 eorum
1527 5469 1693 5524 mentionem
1721 5469 1814 5524 facere
1902 5538 1905 5543 Ι

128 5561 268 5631 reliquas,
291 5561 343 5614 red
366 5568 474 5614 tantam
499 5567 647 5615 memmae
672 5565 698 5612 et
712 5559 811 5618 fictitia
830 5559 958 5613 numina.
985 5556 1079 5610 voluit
1118 5561 1144 5611 8.
1160 5554 1286 5610 Cbnstus
1303 5571 1355 5610 nec
1373 5555 1425 5610 hoc
1444 5555 1514 5626 loeo,
1530 5573 1582 5612 uec
1599 5555 1666 5611 alibi
1685 5555 1714 5610 iu
1732 5572 1814 5612 evan·
1933 5574 1948 5623 1
