4104 6014
247 321 311 381 214
826 308 949 368 LOCUS
969 306 1174 367 wasemes
1197 307 1344 368 SEXTUS

242 470 401 539 perfectam
419 469 585 536 diseedesio,
603 469 726 538 requiem
744 468 834 542 illam,
857 484 941 536 queam
954 479 1078 536 pracpa-
1105 480 1166 536 cap.
1187 469 1216 520 9:
1239 464 1356 518 Piorum
1376 465 1489 518 animae
1507 472 1679 520 mertuorum
1697 481 1753 517 non
1768 469 1942 545 sequnntur

246 556 319 610 resti
335 557 440 610 sarsctr's
465 555 529 608 tuis.
577 555 655 609 Illuc
681 561 859 609 convertetur
886 554 982 607 anima
1007 551 1077 619 ejus,
1105 552 1140 604 ab
1158 551 1290 617 melesio,
1317 569 1389 621 quae
1414 553 1498 606 etiam
1524 569 1597 606 nunc
1621 559 1662 606 est
1684 567 1800 619 reqnum
1826 546 1942 627 Christi,
2039 581 2045 589 -

246 645 321 696 unde
348 643 504 717 descendit,
535 641 583 694 ubi
609 642 707 696 mortis
737 642 866 695 aculeum
895 640 998 693 sentire
1023 656 1079 691 non
1105 636 1216 720 alioqui
1231 654 1281 690 nec
1299 639 1340 690 ed
1357 637 1450 690 altore
1468 637 1529 691 Dei
1545 639 1624 703 fieret
1641 654 1737 690 eorum
1754 635 1890 689 memorio
1907 634 1940 688 in

245 727 343 796 pessit.
386 730 422 782 Et
439 734 550 798 postea:
568 727 669 782 Diioui
686 726 777 780 eirssm
795 734 821 780 et
840 726 906 780 ideo
921 741 1080 794 prosequar
1106 723 1294 777 communione
1312 724 1441 795 corporis
1464 721 1575 777 Chresti.
1622 721 1679 775 Cur
1698 723 1769 776 enim
1780 722 1856 792 fiunt
1873 721 1941 790 ista,

247 832 308 866 eum
338 832 424 883 usque
456 815 497 866 ad
523 814 664 880 reqionem
693 813 833 882 uiuorum,
864 827 923 868 nec⁴
944 812 1079 874 deseram,
1106 808 1162 860 nisi
1178 809 1246 878 quia
1261 809 1359 875 fideles
1375 810 1459 863 etiem
1478 809 1616 877 defuncti,
1633 808 1756 862 mensim
1774 796 1941 879 ejus'suntl

247 905 335 954 donec
348 901 419 969 fletu
446 908 471 954 et
493 899 625 969 precibus
653 899 786 952 indecem
810 898 916 967 einim,
947 915 1001 966 que
1027 913 1079 949 sua
1109 893 1241 957 Quamvis
1260 912 1326 964 erqo
1356 912 1418 949 eum
1446 896 1506 949 suis
1531 895 1695 967 corporibus
1723 896 1848 950 nondum
1873 893 1941 962 sint,

246 988 348 1040 merita
372 993 488 1053 uocant,
520 987 550 1038 in
575 992 694 1039 montem
720 984 840 1039 Domini
865 991 1003 1050 eandum,
1031 981 1081 1034 ubi
1099 981 1165 1048 jam
1181 989 1272 1035 tamen
1285 999 1380 1035 eorum
1393 983 1504 1034 animae
1517 991 1637 1050 reqnant
1649 980 1781 1038 rumille.
1809 978 1940 1045 Quande-

242 1073 378 1141 perennis
395 1073 464 1141 site,
481 1073 531 1127 ubi
547 1073 710 1142 corruptele
728 1072 810 1126 nullu
829 1071 967 1140 contaqio,
984 1068 1079 1122 nullus
1105 1083 1215 1139 cunque
1242 1083 1309 1138 ergo
1328 1066 1452 1136 requiem
1478 1065 1615 1122 defunctis
1632 1066 1673 1138 pii
1691 1060 1800 1123 veteres
1824 1064 1939 1138 precanss

245 1159 375 1227 qemitus,
401 1159 497 1212 nullus
517 1158 616 1226 dolor,
640 1157 723 1212 nulle
738 1158 883 1211 consortia
901 1164 1079 1218 mortuorum,
1105 1159 1164 1220 tur,
1189 1154 1365 1224 gratulantur
1395 1152 1450 1206 illis
1477 1152 1512 1207 ds
1538 1154 1695 1222 receptione
1728 1152 1881 1209 animarum
1909 1152 1940 1208 in

245 1261 313 1296 vera
331 1244 408 1312 reqio
433 1245 591 1300 viventium.
633 1242 744 1315 Ergone
763 1241 896 1313 (inquies)
917 1239 1080 1296 Ambrosius
1107 1238 1254 1295 coelestem
1271 1237 1487 1309 beatitudinem,
1507 1238 1708 1306 testificantur,
1727 1257 1757 1295 se
1773 1239 1836 1296 illes
1853 1239 1939 1315 etiam

246 1329 374 1400 precibus
394 1330 452 1385 suis
466 1347 481 1384 e
495 1329 658 1402 purgatorie
679 1345 725 1384 eos
746 1328 865 1384 liberare
883 1334 912 1384 et
930 1327 1079 1382 incoelum
1105 1324 1251 1380 defunctos
1280 1323 1372 1380 adbuc
1401 1325 1533 1380 memoris
1562 1331 1591 1380 et
1618 1325 1765 1382 dilectione
1792 1324 1939 1399 c‘emplecti

246 1416 395 1471 transferre
412 1414 538 1486 cogitat?
567 1415 722 1483 imovero,
750 1414 843 1485 inquit
859 1413 1026 1469 Ambrosius
1044 1414 1079 1468 de
1105 1419 1189 1483 atque
1223 1411 1259 1465 ad
1290 1427 1384 1466 serum
1407 1414 1444 1475 ¹in
1473 1411 1550 1467 coele
1581 1413 1749 1469 consortium
1785 1412 1938 1485 adspirare,

245 1500 323 1556 obitu
342 1501 541 1571 Valentiniani,
558 1502 617 1555 oda
627 1503 688 1570 jam
698 1502 816 1569 srus'tm
832 1509 948 1555 cetuna
963 1499 1079 1571 (Valen
1105 1503 1205 1569 regant
1227 1499 1330 1566 Deum,
1357 1503 1390 1551 ut
1414 1498 1556 1552 continuet
1578 1498 1723 1555 animabus
1742 1499 1937 1555 defunctorum

244 1586 383 1656 tinmnns),
401 1589 460 1642 site
477 1596 652 1657 sanctonum,
669 1605 727 1641 non
743 1588 787 1641 lie
809 1587 940 1641 interris
958 1594 1011 1654 est,
1028 1587 1080 1639 sed
1104 1583 1180 1638 illam
1199 1584 1289 1639 lucem
1308 1591 1336 1640 et
1353 1583 1526 1650 felicitatem,
1549 1585 1577 1639 in
1603 1602 1687 1655 quam
1704 1592 1770 1642 sunt
1787 1587 1892 1659 recepti
1909 1591 1938 1643 et

243 1674 273 1726 in
302 1675 378 1729 coelo
398 1675 500 1743 (justis
519 1675 593 1727 enim
618 1674 709 1728 dune
735 1674 862 1728 Christis-r
889 1682 930 1728 est
956 1680 982 1727 et
1007 1671 1080 1726 mori
1104 1687 1220 1742 corpora
1241 1671 1270 1725 in
1292 1677 1383 1725 terras
1407 1668 1522 1741 pulvere
1549 1671 1718 1743 quiescentia
1736 1672 1773 1728 sd
1789 1668 1875 1728 vitam
1896 1689 1937 1728 re·

244 1761 368 1824 lucrum,
387 1761 454 1829 quia
472 1769 498 1814 et
516 1760 635 1815 duroloi
658 1769 684 1814 et
701 1778 763 1813 mm
783 1758 895 1814 Christo
914 1776 972 1814 esse
993 1759 1078 1814 multo
1106 1757 1227 1812 suscitet
1269 1757 1316 1814 Sic
1334 1755 1499 1812 Ambrosius
1523 1757 1552 1810 in
1569 1755 1624 1813 tius
1643 1766 1710 1814 erat.
1728 1759 1763 1814 de
1781 1758 1861 1814 obitu
1878 1757 1935 1816 Vs·

244 1845 379 1915 melius),·
397 1847 549 1900 dolendum
564 1854 617 1914 est,
643 1849 721 1916 quod
736 1847 816 1901 nobis
833 1846 888 1899 cito
915 1854 1016 1915 raptus
1033 1845 1078 1909 sit,
1106 1842 1265 1898 lentiniani:
1297 1845 1337 1898 Te
1362 1860 1465 1913 quaeso
1484 1861 1588 1896 summe
1607 1846 1702 1915 Deus,
1729 1854 1760 1898 ut
1777 1845 1939 1901 carissimos

245 1932 456 2000 consolandum,
477 1934 555 2002 quod
571 1934 613 1986 ad
629 1933 750 1988 meliora
769 1933 925 1990 transierit.
959 1932 1078 2001 Prespi·
1098 1930 1217 1998 juvenes
1241 1928 1479 1998 (Valentinianum
1501 1936 1530 1984 et
1552 1928 1717 1985 Gratianum
1744 1916 1938 2004 imperatores)

244 2020 284 2071 cis
300 2035 352 2071 nos
373 2018 433 2087 (ait)
453 2027 554 2072 sancta
576 2019 673 2072 anima
698 2021 735 2073 dc
761 2020 822 2075 loco
850 2020 996 2088 spinae
1015 2026 1079 2072 tan·
1104 2024 1215 2071 matura
1229 2018 1433 2071 resurrectione
1451 2017 1567 2071 suscites
1581 2026 1607 2070 et
1624 2019 1773 2072 resuscites
1798 2006 1938 2074 etimne·

243 2123 327 2172 qetam
369 2106 510 2170 inferiora
552 2104 721 2175 respiciens,
762 2103 857 2158 estun
889 2106 924 2158 de
959 2103 1078 2158 tenebris
1104 2110 1198 2155 turum
1217 2104 1375 2158 iunceitae
1385 2103 1468 2156 istius
1482 2122 1593 2159 cursum
1606 2113 1717 2158 matura
1731 2106 1937 2170 ressurectione

244 2192 324 2244 illius
344 2191 434 2245 seculi
451 2199 477 2246 et
496 2199 527 2245 nt
545 2193 614 2246 lune
632 2191 808 2260 resplendes,
829 2197 860 2243 ut
878 2191 924 2244 sol
941 2191 1076 2259 refulqes.
1105 2206 1269 2258 compenses.
1309 2189 1374 2260 lpse
1398 2198 1495 2245 auctor
1516 2189 1580 2245 libri
1605 2190 1730 2248 Maccab.
1756 2209 1853 2262 preces
1872 2192 1936 2249 illas

244 2278 329 2348 (Ergo
352 2294 408 2332 nen
434 2294 468 2332 ex
495 2276 667 2332 tenebricoso
690 2275 843 2348 purgatorii
872 2292 982 2331 carcere
1006 2276 1079 2330 intra
1105 2275 1140 2328 ad
1159 2292 1237 2346 spem
1262 2275 1468 2331 resurrectionis
1494 2268 1683 2332 accommodat
1708 2283 1732 2334 t.
1750 2278 1876 2334 Maccab.
1897 2267 1936 2348 1‘2,

242 2370 331 2420 terrae
349 2365 456 2419 viscera
474 2364 620 2419 conclusus
639 2365 821 2435 prospectat.)
865 2364 926 2417 Neo
944 2381 995 2418 nos
1016 2362 1074 2434 qui·
1103 2379 1128 2416 r.
1146 2368 1194 2419 44:
1218 2363 1287 2417 Nisi
1305 2380 1365 2431 ees,
1388 2364 1438 2432 qui
1454 2363 1630 2428 redderent,
1648 2356 1856 2421 resurrecturos
1875 2383 1937 2436 spe-

244 2453 307 2504 dem
325 2452 480 2505 dubiemus
512 2451 547 2502 de
573 2449 681 2503 nerins
713 2448 917 2518 Valentiniani,
949 2451 1001 2503 sed
1012 2449 1078 2518 jam
1103 2456 1196 2518 reret,
1224 2450 1395 2519 superfluum
1420 2448 1566 2503 uideretur
1593 2458 1619 2502 et
1645 2469 1747 2504 eanum
1774 2469 1858 2525 orare
1879 2471 1937 2525 pro

243 2539 393 2591 credamus
418 2537 462 2590 oei
478 2535 644 2590 testimoniis
670 2535 847 2604 enqelorum,
866 2537 943 2604 quod
965 2536 1078 2588 detersa
1103 2535 1228 2589 mortuis.
1261 2534 1372 2606 Excipit
1389 2534 1586 2590 Bellarminus:
1607 2534 1641 2589 ss·
1653 2537 1772 2591 recussu
1792 2539 1936 2607 defunctis

243 2625 306 2678 labe
329 2623 445 2692 peccati
475 2623 587 2677 ablutus
620 2623 782 2686 adscersdit,
813 2639 892 2691 quem
922 2640 975 2675 sua
1005 2623 1076 2687 fides
1101 2629 1268 2691 precaretur
1287 2622 1333 2688 id,
1352 2624 1429 2690 quod
1443 2628 1527 2690 putat
1538 2623 1603 2691 jem
1624 2639 1671 2675 eos
1693 2633 1935 2694 consumentem

242 2710 326 2773 lauit,
353 2710 402 2762 ubi
428 2727 489 2761 eum
518 2710 614 2774 fratre
640 2709 805 2776 conjunctus
828 2716 943 2762 aeterno
965 2708 1077 2774 fruitur
1102 2726 1157 2777 pro
1175 2708 1300 2762 omnibus
1319 2707 1476 2777 aequaliter
1495 2717 1604 2776 oraret,
1630 2709 1714 2762 etiam
1728 2728 1784 2779 pro
1803 2699 1936 2780 martyri·

242 2797 394 2865 uoluptate.
414 2798 443 2850 in
462 2802 531 2851 orat
551 2797 586 2851 de
606 2794 672 2850 obit.
690 2793 852 2850 Theodosii:
878 2796 917 2849 Et
942 2796 993 2849 ille
1018 2795 1077 2864 qui·
1104 2796 1161 2864 bees,
1179 2797 1256 2864 quod
1273 2802 1364 2846 tamen
1380 2802 1463 2862 neqet
1476 2794 1647 2864 Auqustinus
1661 2802 1744 2851 tract.
1763 2798 1804 2849 84.
1820 2796 1851 2850 in
1870 2797 1935 2854 Jot.

243 2886 307 2938 dem
325 2882 519 2951 (Theodosius)
546 2883 617 2935 abiit
641 2882 697 2934 sibi
718 2898 888 2951 reqnumque
911 2900 968 2936 non
989 2884 1078 2953 depo·
1104 2880 1326 2952 Respendemus:
1346 2881 1374 2934 in
1391 2880 1531 2950 primitiva
1550 2881 1669 2935 ccclesia
1687 2882 1769 2957 etiam
1782 2891 1935 2957 martyrum

241 2971 306 3042 suit,
325 2973 377 3025 sed
394 2969 518 3038 mutauit,
536 2969 566 3021 in
586 2967 769 3022 tabernacula
790 2966 897 3022 Christi
908 2969 974 3036 jure
986 2969 1076 3038 pieta·
1105 2967 1326 3024 commemoratio
1344 2967 1420 3020 iacta
1438 2974 1488 3030 est,
1507 2973 1539 3021 ut
1556 2985 1589 3022 ex
1600 2966 1739 3039 Cypriane
1755 2970 1936 3038 ostendimus,

242 3059 279 3113 tis
297 3059 437 3124 adscitus,
471 3057 501 3109 in
533 3056 615 3110 illam
639 3055 801 3108 Jemssalem
831 3072 997 3124 supernam,
1030 3055 1078 3108 ubi
1105 3070 1160 3108 neu
1179 3061 1211 3108 ut
1229 3053 1270 3107 illi
1294 3068 1344 3122 pro
1371 3053 1529 3106 viventibus
1553 3062 1677 3124 orarent,
1702 3056 1746 3111 vel
1769 3062 1801 3110 ut
1819 3072 1852 3111 ex
1870 3075 1935 3129 pur·

241 3162 314 3199 nime
333 3144 443 3214 positus
461 3142 548 3195 dicit:
568 3141 648 3196 Sicut
667 3139 834 3205 audivimus,
854 3142 896 3195 ita
909 3149 935 3195 et
952 3142 1078 3195 videmus
1105 3140 1212 3210 guterio
1232 3138 1432 3202 liberarentur,
1449 3139 1498 3193 sed
1516 3145 1548 3192 ut
1566 3138 1675 3194 illerum
1694 3142 1819 3212 exemplo
1840 3143 1934 3197 viven-

242 3233 273 3287 iu
297 3231 408 3285 civitate
428 3229 488 3282 Dei
510 3229 608 3282 nostri.
652 3229 719 3296 Ipse
743 3229 784 3280 ad
813 3227 917 3280 Clmsti
933 3229 1078 3295 perveniet
1105 3231 1147 3281 tes
1164 3226 1200 3280 ad
1219 3224 1284 3280 fidei
1304 3224 1486 3279 constantiam
1505 3223 1690 3280 excitarentur
1706 3233 1734 3282 et
1749 3234 1781 3281 ut
1799 3228 1834 3282 de
1850 3229 1936 3285 beata

242 3319 372 3387 requiem,
392 3318 441 3385 qui
457 3314 643 3368 bumilitatem
660 3313 768 3368 Christi
782 3313 882 3377 fueret
900 3320 1008 3368 santus
1024 3321 1077 3369 etc.
1105 3311 1261 3367 certaminis
1281 3312 1515 3366 consummatione
1534 3310 1659 3367 viventes
1678 3314 1745 3384 ipsis
1763 3317 1934 3386 gratularen-

244 3403 389 3458 absolutus
406 3403 490 3454 dubio
510 3400 659 3454 certamine
678 3400 787 3460 fruitur
806 3417 879 3451 stunc
900 3399 960 3452 luce
975 3416 1077 3469 perpe-
1105 3406 1157 3452 tur.
1198 3398 1241 3452 De
1260 3398 1406 3453 Ambrosie
1425 3398 1505 3463 dicit,
1523 3401 1599 3467 quod
1615 3399 1783 3467 sperauerit,
1807 3400 1934 3458 Theodo-

244 3499 305 3553 tuo,
334 3487 543 3556 tranquillitate
569 3487 720 3552 diuturno,
747 3492 839 3537 resonet
870 3485 1022 3538 inlumina
1052 3494 1078 3539 et
1104 3485 1176 3536 sium
1198 3491 1258 3545 jam
1279 3501 1337 3537 esse
1365 3485 1394 3535 in
1422 3484 1512 3550 coele,
1541 3486 1616 3537 uredo
1645 3485 1702 3554 ipsi
1725 3487 1934 3559 qratulcbatur,

243 3583 403 3629 sanctorum
436 3573 557 3625 coetibus
592 3573 750 3640 qloriotur,
785 3589 857 3624 nureo
889 3588 918 3624 se
957 3588 1077 3640 repsere
1105 3571 1172 3639 quia
1189 3587 1254 3624 uero
1273 3589 1328 3623 non
1356 3579 1430 3623 certo
1448 3572 1566 3634 sciebat,
1593 3590 1629 3623 uri
1650 3573 1690 3624 ita
1710 3581 1787 3636 esset,
1807 3593 1864 3646 pre
1884 3575 1935 3629 illo

244 3662 400 3731 repressit,
427 3661 542 3728 quando
569 3660 598 3711 in
626 3676 712 3727 reqno
745 3658 863 3712 Domini
888 3659 961 3711 Jesu
986 3666 1025 3711 est
1051 3665 1076 3711 et
1104 3657 1212 3710 orabat.
1246 3655 1470 3725 Respondemus:
1487 3656 1539 3709 hec
1558 3655 1666 3710 disertis
1683 3658 1775 3713 verbis
1794 3651 1934 3715 Ambrosii

244 3749 403 3801 considerat
432 3762 547 3811 reqnum
578 3745 638 3812 ejus
669 3751 721 3798 etc.
754 3742 803 3797 lib.
829 3748 853 3799 2.
880 3743 959 3814 epist
985 3749 1007 3797 84
1040 3742 1075 3797 ad
1105 3749 1259 3814 repugnat,
1284 3750 1315 3795 ut
1347 3742 1434 3796 cuivis
1459 3742 1561 3812 oppido
1588 3743 1775 3814 conspicuum.
1820 3754 1843 3802 5.
1864 3746 1937 3811 Quia

242 3832 367 3888 Faustin.
394 3830 428 3883 de
453 3829 531 3883 obitu
555 3829 656 3882 sororis
689 3827 812 3882 scribens
838 3828 891 3881 ait:
925 3830 999 3881 Eam
1022 3849 1076 3882 non
1103 3826 1215 3898 ipsimet
1233 3827 1371 3882 Pontificii
1389 3837 1558 3898 agnoscunt,
1577 3846 1609 3882 ex
1630 3831 1800 3885 erationibus
1819 3851 1869 3903 pre
1889 3834 1934 3888 de·

243 3927 301 3972 tam
329 3917 545 3986 deplorandam,
564 3934 648 3985 quom
659 3917 884 3985 prosequendam
905 3916 1077 3969 orationibus
1102 3914 1205 3967 feristis
1233 3931 1287 3966 non
1305 3932 1386 3984 pesse
1416 3923 1490 3967 certo
1517 3923 1545 3968 et
1564 3911 1717 3984 apodictiee
1744 3919 1937 3990 purgatorium

244 4014 269 4060 et
286 4005 410 4059 animam
431 4003 491 4071 ejus
510 4019 565 4054 nen
585 4010 642 4056 tam
662 4000 797 4068 lacrymis
817 4016 874 4052 esse
892 4001 1076 4066 necestifican-
1102 3998 1221 4069 probari.
1268 3999 1446 4054 Innocentius
1464 3999 1516 4054 Ill.
1544 4018 1569 4060 c.
1595 4018 1658 4054 curn
1680 4002 1805 4059 Marthae
1833 4001 1858 4080 ξ.
1886 4007 1935 4061 ult.

243 4095 318 4158 dom,
338 4108 420 4160 quam
438 4089 625 4142 oblationibus
639 4089 702 4141 Deo
719 4088 977 4155 commendandam,
998 4087 1076 4141 addit
1104 4093 1155 4140 ext.
1175 4085 1208 4140 de
1227 4085 1357 4142 celebrat.
1378 4086 1465 4141 miss:
1488 4087 1628 4141 Nonnulli
1653 4091 1825 4161 critiquiores
1844 4094 1936 4147 credi-

243 4179 341 4245 etiam,
369 4194 430 4230 eam
459 4175 601 4229 meliorem
629 4174 715 4227 uitem
740 4172 856 4240 ccipere.
904 4171 938 4225 ln
961 4173 1074 4243 liturgia
1102 4172 1375 4234 damnaticiorum
1398 4172 1521 4242 qloriam
1547 4191 1656 4242 semper
1682 4193 1767 4245 usque
1788 4177 1829 4231 od
1848 4189 1936 4233 estre·

243 4262 394 4318 Ambrosii:
409 4261 551 4314 Menmnto
564 4259 685 4314 Domine
696 4258 873 4322 famulorum
887 4259 1075 4322 famularum·
1103 4275 1176 4310 mum
1199 4258 1258 4333 Dei
1281 4258 1420 4326 judicium
1438 4260 1539 4326 auqeri
1552 4277 1651 4329 posse,
1678 4262 1799 4332 indeque
1819 4264 1935 4333 colliqe-

242 4366 294 4418 que
315 4356 442 4415 tuarurn,
466 4348 517 4416 qni
534 4365 584 4400 nor
599 4352 813 4415 praecesserunt
832 4362 893 4396 ersru
911 4346 990 4412 siquo
1008 4346 1077 4409 fidei
1103 4345 1182 4408 bant,
1210 4342 1295 4397 licere
1318 4345 1359 4397 ud
1376 4347 1469 4397 Deum
1489 4361 1588 4412 preces
1611 4347 1734 4410 fundere
1750 4366 1805 4416 pro
1824 4350 1936 4418 qlers'ae

243 4442 269 4486 et
288 4435 431 4486 dormiunt
450 4435 592 4485 insomne
615 4431 703 4498 pacis.
742 4428 876 4482 Paulinus
897 4430 925 4483 in
942 4429 1020 4501 epist.
1039 4430 1075 4484 ad
1104 4430 1184 4482 illius
1202 4437 1362 4483 sanctorum
1381 4431 1555 4484 incremento.
1582 4430 1738 4486 Cassander
1763 4434 1792 4486 in
1818 4436 1934 4492 consult.

245 4518 403 4574 Pammacb.
421 4516 516 4570 laudat
534 4516 633 4586 ipsum,
653 4517 730 4583 qued
747 4517 880 4568 remediis
901 4517 1075 4570 salutarium
1105 4516 1139 4571 de
1155 4515 1245 4570 iterat.
1261 4515 1334 4569 miss.
1347 4533 1374 4586 p.
1386 4520 1444 4573 219.
1456 4515 1568 4584 latetur,
1588 4509 1725 4571 uetustus
1743 4537 1794 4573 nec
1807 4523 1841 4575 de
1859 4505 1936 4577 statu

244 4621 358 4657 usorem
380 4602 543 4672 defunctam
559 4610 723 4671 prosecutus
751 4610 834 4666 esset,
861 4601 965 4657 ibidem
983 4609 1075 4657 tamen
1105 4604 1273 4671 animarum,
1293 4604 1391 4672 quibus
1409 4603 1551 4672 suffreqia
1564 4606 1745 4673 prodessent,
1765 4623 1815 4659 nec
1835 4604 1871 4662 de
1889 4625 1936 4660 ra·

111 4723 172 4762 33,st
185 4720 230 4762 :aa
246 4689 328 4749 dicit,
360 4689 522 4750 defunctam
554 4690 595 4741 ad
622 4687 761 4740 Uiriatum
795 4680 936 4742 evocatam
966 4707 1024 4743 esse
1050 4689 1186 4776 etltione,
1204 4706 1259 4757 qua
1271 4690 1456 4758 prodessent,
1472 4689 1543 4742 setes
1561 4690 1724 4744 constitisse.
1762 4690 1936 4748 Hostanen

241 4770 357 4846 placide
375 4775 506 4827 dormire.
537 4774 712 4844 Augustinus
731 4774 747 4829 l
767 4781 791 4829 9.
812 4773 930 4833 consess.
948 4792 1008 4845 cap.
1030 4781 1090 4856 l3zj
1105 4776 1232 4842 officium
1255 4791 1306 4828 ceu
1336 4776 1521 4829 testimonium
1545 4777 1673 4830 caritatis
1697 4797 1764 4848 erqo
1787 4782 1937 4848 defunctos

245 4862 327 4915 Nunc
342 4877 398 4929 pro
413 4860 539 4928 peccatis
558 4860 656 4913 metris
670 4878 748 4912 meae
760 4861 899 4928 deprecer
917 4868 951 4927 te,
971 4863 1078 4914 eneudi
1088 4872 1090 4881 ’
1104 4868 1129 4913 et
1147 4860 1355 4930 professionem
1374 4861 1444 4926 fidei
1460 4862 1494 4914 de
1512 4863 1721 4917 immortalitate
1736 4867 1896 4920 animarum
1910 4874 1936 4921 et

245 4964 287 5001 me
302 4965 356 5018 per
381 4946 547 4999 medicinam
571 4945 714 4999 rurlnerum
739 4955 913 5016 nostrorum,
938 4965 1010 5016 quoe
1025 4964 1075 5018 pe·
1088 4948 1204 5014 jutura
1223 4949 1500 5003 resurrectioneDeo
1520 4958 1631 5017 qratam
1650 4952 1820 5004 eteoclcsiae
1837 4952 1935 5006 milam

242 5035 342 5103 pendit
359 5033 389 5086 in
407 5032 484 5100 liqna
504 5039 530 5085 et
547 5033 647 5084 sedens
661 5034 702 5087 ad
719 5034 935 5087 destrantuarn
953 5043 978 5087 te
992 5035 1076 5088 inter·
1089 5008 1091 5069 l
1104 5034 1180 5105 ipsos
1199 5033 1351 5101 judicasse.
1388 5032 1444 5089 ses
1470 5035 1536 5105 quia
1554 5034 1708 5091 Cassander
1727 5037 1755 5090 in
1774 5036 1874 5108 exigue
1891 5039 1936 5092 vel

241 5121 335 5190 pellet
357 5137 414 5191 pro
443 5119 522 5171 nolis
550 5125 601 5172 ete.
653 5119 771 5172 Dimitte
802 5119 937 5186 Domine,
968 5074 1199 5190 dimittelporius
1217 5119 1294 5174 nulle
1313 5120 1388 5190 apud
1406 5120 1527 5177 lesuitas
1545 5128 1588 5177 est
1606 5139 1727 5186 numero,
1743 5124 1855 5178 summis
1871 5119 1937 5179 lic‘et

248 5207 374 5275 obsecro,
395 5221 428 5258 ne
446 5205 531 5258 intres
551 5221 612 5256 cum
631 5220 665 5257 ea
682 5205 711 5257 iu
724 5204 876 5272 judicium.
914 5205 963 5260 Sic
975 5224 1076 5278 peren·
1105 5205 1318 5278 imperatoribus
1346 5206 1523 5263 Ferdinsnde
1556 5215 1584 5262 et
1608 5208 1795 5265 Maximiliane
1819 5226 1936 5282 magnus

248 5293 333 5345 sultet
365 5289 562 5344 misericordia
598 5290 749 5358 judicium.
806 5289 872 5345 Mox
917 5308 983 5346 vero
1017 5309 1077 5349 sese
1104 5292 1204 5354 tuerit.
1222 5311 1286 5348 cnm
1305 5292 1489 5350 Bellarminus
1507 5293 1554 5349 lib.
1574 5299 1598 5348 3.
1617 5295 1651 5348 de
1671 5291 1749 5349 laicis
1766 5313 1827 5367 esp.
1847 5300 1884 5353 19.
1903 5315 1937 5352 ex

248 5378 398 5447 reprimens
417 5381 445 5431 et
469 5374 548 5447 qussi
566 5374 705 5447 corrigens
731 5376 893 5450 subjungit,
924 5380 964 5432 Et
982 5380 1076 5450 crede,
1104 5377 1229 5450 professe
1247 5383 1344 5435 centra
1370 5381 1461 5452 ipsum
1485 5380 1621 5451 disputet,
1647 5382 1709 5436 ideo
1734 5383 1858 5453 produce
1878 5381 1936 5438 Sal·

248 5462 350 5533 inquit‚
372 5464 437 5531 jam
453 5463 568 5532 feceris,
595 5464 671 5533 qued
688 5470 714 5516 te
732 5480 815 5531 roqo,
844 5466 897 5518 sed
913 5463 1077 5538 voluntaria
1104 5466 1257 5521 merenium
1274 5484 1358 5522 unum
1381 5485 1415 5523 ex
1433 5466 1530 5538 primis
1548 5466 1719 5522 Jesuitarum
1738 5460 1872 5538 patribus.
1908 5470 1937 5525 Is

247 5547 309 5601 oris
327 5548 382 5601 mei
405 5548 534 5618 approba
559 5549 689 5605 Domine.
717 5546 766 5603 lib.
793 5553 837 5606 20.
863 5548 898 5605 de
922 5549 997 5606 civit
1022 5550 1076 5610 Dei
1106 5559 1173 5609 tem.
1194 5557 1235 5610 14.
1253 5550 1384 5627 disputat.
1402 5559 1445 5609 25.
1465 5571 1493 5622 p.
1512 5555 1569 5609 220.
1589 5548 1617 5624 ξ.
1653 5553 1850 5611 monumen
1864 5555 1938 5611 inter
