4104 6014
292 251 331 308 78
635 268 636 273 ’
876 247 998 304 LocUs
1015 244 1219 302 vlcnslnus
1242 242 1390 303 SEXTUS

291 407 399 466 essem,
427 406 590 455 recusarunt
609 417 643 455 ae
672 401 846 459 demanant.
884 401 985 458 Confer
1003 406 1064 456 Aet
1083 404 1123 467 10,
1149 405 1268 455 casaur.
1299 399 1436 461 Quartin
1452 402 1571 456 concilio
1593 403 1877 460 0abillonensic.3i.
1890 420 1986 473 repre·

291 503 317 540 v.
339 491 380 541 26.
401 502 461 557 cap.
485 493 525 554 14,
543 503 568 540 v.
588 492 628 542 14.
1149 484 1316 554 tenduntur,
1339 487 1389 555 qui
1406 488 1526 542 Romam
1546 497 1595 542 aut
1612 490 1753 542 duranum
1771 491 1820 543 sub
1833 497 1987 559 maneam

166 572 196 615 ¹&
210 573 246 612 nx
330 578 385 628 101.
423 574 465 625 13.
480 573 526 626 En
543 574 687 627 saniorum
707 573 922 636 Pontificius-um
938 573 1122 635 confessione.
1150 570 1329 624 adorationis
1349 581 1507 641 peroprant
1524 582 1670 642 putantes,
1695 576 1922 642 frequentatione
1939 575 1988 628 bo·

153 626 279 718 iiiifm.
292 657 424 711 Erasmus
453 657 482 710 in
513 665 606 715 annot.
639 658 739 712 Mauo.
759 663 804 713 23:
835 661 962 714 Damnat
984 659 1035 711 boc
1061 657 1123 711 loco
1150 673 1213 710 mm
1231 656 1357 711 locorum
1374 675 1403 711 se
1423 676 1442 710 o
1456 662 1582 728 peccatis
1603 662 1730 729 purpori
1747 668 1773 714 et
1790 662 1904 732 impune
1920 677 1988 730 pcc-

162 729 278 820 {fflssss'f’n‘
292 744 481 812 Hieronymus
501 743 730 797 muliercularum
752 747 931 812 qrmrundam
950 743 1125 814 superstitio·
1151 758 1227 795 care.
1273 742 1460 796 Accesserant
1488 754 1513 798 et
1536 746 1598 798 celia
1627 746 1718 813 mala,
1744 749 1820 816 prod
1845 747 1988 800 auaritiae

163 841 277 922 pumiceo·
291 847 369 898 mm,
407 847 479 898 quae
504 832 581 898 quod
608 830 675 884 olim
708 832 738 883 in
769 831 953 899 pbplacteriis
982 830 1125 893 faciebant
1151 845 1239 881 causa
1272 831 1312 881 ad
1341 831 1496 899 simplicem
1522 831 1662 900 populum
1685 832 1862 887 illiciendum
1887 833 1988 896 falsae

173 893 274 923 essone.
292 915 454 985 Pharisaei,
474 917 507 969 id
523 924 582 969 tum
598 915 743 980 faciebant
764 918 792 970 in
807 903 910 986 paruis
928 916 1083 984 eoanqeliis
1098 924 1125 969 et
1150 914 1288 982 reliquiae
1317 918 1546 985 supponebantur
1577 925 1604 970 ct
1618 919 1687 986 ficta
1711 920 1851 973 miracula
1866 919 1987 988 praedi·

291 1005 321 1057 in
351 1004 443 1056 mucis
472 1003 551 1070 liquo
583 1003 704 1072 otiaque
735 1005 817 1057 rebus
845 1004 1019 1074 hujusmodi,
1053 1019 1124 1073 qrsae
1150 1001 1305 1068 cubantia,
1323 1002 1413 1070 iisque
1431 1003 1578 1057 miraculis
1590 1005 1693 1073 populi
1711 1006 1874 1073 superstitio
1892 1005 1988 1059 oleba-

290 1089 399 1159 babent,
412 1089 512 1158 iuquit,
532 1089 620 1142 selum
640 1090 712 1153 Dei,
726 1092 778 1144 sed
793 1099 850 1144 non
867 1091 1020 1144 secundum
1037 1089 1124 1142 scien
1150 1095 1211 1152 tur,
1238 1093 1270 1139 ut
1288 1088 1379 1157 mapis
1404 1089 1434 1140 in
1451 1088 1669 1143 admirationem
1684 1091 1885 1144 miraculorum
1903 1106 1989 1158 rape-

290 1177 373 1238 tiam,
399 1176 516 1229 culicem
535 1176 673 1244 liquentes
699 1185 724 1230 et
743 1177 879 1230 camelum
895 1177 1051 1245 plutientes.
1091 1175 1126 1229 Si
1149 1180 1241 1235 retur,
1274 1191 1358 1242 quam
1385 1175 1426 1226 ad
1456 1183 1617 1229 sanctorum
1635 1177 1819 1230 imitationem
1844 1177 1887 1230 ool
1913 1177 1989 1230 sitae

289 1263 333 1315 oir
350 1262 544 1315 sanctissimus
557 1262 626 1315 baec
644 1263 727 1316 sentit
744 1265 780 1316 de
797 1263 987 1326 mulierculis,
1005 1280 1124 1332 quarum
1151 1259 1371 1312 emendationem
1396 1269 1611 1328 provocaretur.
1663 1265 1872 1334 Nonnunquam
1895 1271 1989 1316 andem

289 1349 518 1417 infirmitatipar
532 1357 594 1402 erat
611 1349 740 1403 nonnibil
758 1351 928 1413 condonare,
946 1350 1017 1419 quid
1035 1350 1124 1403 dictu·
1152 1352 1216 1398 astu
1246 1351 1271 1397 et
1297 1345 1430 1398 illusione
1448 1348 1595 1401 daemonis
1619 1347 1760 1402 bominum
1790 1349 1989 1418 superstitione

288 1453 339 1488 rus
357 1436 402 1503 sit,
421 1436 448 1488 si
464 1437 567 1504 uideat,
586 1436 670 1489 bodie
685 1437 794 1505 passim
812 1439 854 1489 od
870 1444 1016 1505 mestum
1035 1443 1124 1489 osten-
1152 1431 1291 1483 abutentis
1305 1447 1360 1499 per
1377 1432 1517 1487 insomnia
1541 1441 1567 1488 et
1590 1435 1651 1488 uisa
1675 1451 1764 1489 nouae
1789 1436 1929 1503 reliquiae
1945 1451 1990 1488 re-

289 1521 349 1574 tari
367 1522 413 1574 iac
430 1521 562 1588 Marsae,
593 1523 670 1592 qnod
699 1522 802 1576 bonore
824 1522 1030 1595 propemodum
1050 1536 1124 1574 eusc-
1151 1515 1318 1569 relobantur
1333 1524 1359 1569 et
1377 1517 1503 1585 ejusdcm
1519 1521 1681 1588 operatione
1692 1520 1832 1574 miracula
1850 1522 1898 1574 edi
1910 1521 1988 1574 oide-

290 1617 393 1676 qnatnr
429 1609 547 1677 corpori
577 1608 683 1664 Christi
714 1618 892 1677 sommam,
924 1608 1125 1677 prodipiomm
1151 1602 1261 1655 borstnr.
1300 1602 1376 1656 Hine
1401 1605 1543 1658 demotum
1567 1606 1645 1660 illud
1661 1607 1857 1676 Lupdrmensis
1873 1606 1990 1660 concilii

290 1696 396 1762 oleum,
413 1695 611 1764 fropmentula
628 1695 702 1764 liqui
726 1696 818 1749 crucis
839 1705 898 1750 tam
914 1695 1017 1764 multa,
1045 1701 1077 1746 ut
1100 1693 1127 1745 si
1151 1705 1174 1744 c.
1194 1691 1247 1741 6⁸2:
1263 1689 1398 1743 Praelati
1413 1709 1471 1744 non
1488 1694 1668 1761 permittam,
1682 1695 1822 1763 populum
1839 1695 1922 1746 oanis
1939 1695 1989 1760 tiq-

291 1782 321 1832 in
351 1797 480 1834 murum
504 1781 688 1850 rediqantur,
719 1783 766 1835 oia
791 1800 848 1835 una
882 1782 963 1835 naen
990 1779 1126 1834 oneraria
1151 1776 1250 1828 mentis
1268 1783 1318 1828 aut
1333 1776 1421 1839 falsis
1436 1780 1608 1833 documerstis
1630 1781 1740 1848 decipi,
1758 1781 1830 1833 sicut
1843 1779 1990 1832 occasione

292 1867 386 1936 celat,
413 1868 459 1920 bic
478 1866 614 1920 commori
631 1867 783 1921 Franessci
796 1867 949 1932 cucullam,
978 1866 1041 1920 illic
1060 1866 1125 1918 inti·
1152 1869 1283 1930 queam
1300 1863 1364 1926 fieri
1388 1868 1535 1920 consuerit.
1580 1869 1620 1920 Et
1646 1867 1677 1918 in
1700 1867 1819 1920 concilio
1841 1866 1991 1934 Cartbaqi-

292 1972 364 2008 mam
384 1961 484 2007 uestem
496 1953 614 2006 Mariae
632 1953 760 2020 oirpinas,
778 1953 851 2006 alibi
866 1953 1002 2022 pectinem
1011 1952 1125 2029 *Annua
1151 1948 1233 2001 nene
1262 1946 1292 2001 V.
1324 1966 1387 2005 can.
1405 1956 1456 2003 tr.-
1486 1952 1618 2017 Altaria,
1653 1969 1725 2020 quae
1744 1968 1800 2019 per
1823 1953 1934 2004 sonsnia
1963 1959 1989 2004 ct

292 2041 365 2094 alibi
382 2041 504 2108 caliqam
523 2040 656 2109 Josepbi,
673 2039 746 2093 olibi
766 2026 890 2093 cummim
911 2040 1033 2093 Thomas
1052 2038 1124 2093 Can·
1151 2034 1249 2086 inanes
1265 2035 1448 2089 revelationes
1470 2038 1690 2106 constituuntur,
1715 2039 1826 2090 omnino
1840 2038 1992 2106 reprobari

293 2127 459 2190 munais,
477 2126 551 2179 alibi
569 2125 677 2180 Christi
692 2126 888 2194 praepmium,
911 2127 989 2194 qnod
1007 2142 1069 2177 cum
1086 2125 1124 2177 sit
1151 2119 1290 2175 ridentur.
1328 2121 1417 2175 Item.-
1441 2122 1582 2176 Permulti
1600 2123 1709 2194 reperti
1725 2131 1796 2187 sunt,
1816 2126 1865 2191 qui
1880 2132 1991 2178 sancto·

293 2230 339 2268 res
354 2213 475 2278 ineerta,
501 2213 665 2281 relipiosius
687 2214 812 2265 odorant
835 2229 920 2280 quam
937 2219 1026 2266 totum
1047 2210 1127 2264 Citri-
1153 2223 1215 2257 rum
1232 2207 1370 2275 reliquiae
1388 2224 1437 2260 seu
1451 2209 1560 2274 falsas,
1580 2227 1628 2262 scu
1646 2226 1727 2262 veras
1744 2212 1875 2278 quaestui
1889 2211 1990 2264 leubae·

293 2309 373 2355 stum.
416 2300 513 2368 Neque
535 2315 602 2353 cero
624 2299 694 2351 boec
718 2299 760 2351 ita
780 2299 969 2366 proferuntur
994 2305 1128 2365 tanquam
1153 2299 1234 2356 runt,
1257 2292 1299 2346 ita
1315 2301 1345 2347 ut
1367 2294 1479 2361 passim
1498 2312 1517 2346 a
1542 2296 1777 2359 circumforaneis
1801 2304 1827 2350 et
1843 2296 1990 2351 uilmsimis

293 2387 416 2450 suenda
429 2393 454 2438 et
468 2384 631 2454 plebeculae
646 2386 783 2438 dorsanda
795 2384 948 2454 affectibus,
967 2384 1127 2438 oerumbuc
1154 2379 1310 2432 homenibus
1338 2382 1430 2434 instar
1458 2398 1603 2434 samonam
1621 2380 1710 2434 Isidis
1737 2383 1989 2445 circumferrentur

292 2474 355 2536 fere
369 2489 479 2525 mmma
497 2471 645 2541 relipionis
661 2478 787 2535 vocatur,
806 2471 933 2524 cremia
948 2471 1126 2523 sacerdotum
1154 2473 1181 2518 et
1201 2466 1296 2519 multis
1318 2467 1473 2521 mendaciis
1499 2468 1630 2536 imperito
1652 2469 1735 2535 culpo
1762 2471 1988 2522 commendarem·
2004 2473 2051 2516 xvi

293 2566 319 2612 et
336 2557 533 2612 monmborum
548 2559 727 2626 quomndam
742 2557 900 2626 hypocrisi,
920 2574 989 2626 quos
1007 2556 1062 2610 ulit
1075 2572 1126 2624 po·
1153 2561 1207 2605 tur.
1245 2551 1316 2608 Ibid
1334 2552 1408 2607 inter
1431 2553 1535 2607 abusus
1554 2559 1694 2617 numerat,
1724 2557 1800 2623 quod
1825 2555 1892 2623 jam
1920 2555 1989 2609 olim

288 2645 355 2714 puli
377 2644 505 2697 stultitia.
551 2645 645 2712 Atque
676 2643 707 2696 in
739 2643 815 2697 bisce
840 2643 991 2697 comwdiis
1015 2641 1127 2711 prim
1152 2645 1313 2693 sanctorum
1343 2657 1465 2710 corpora
1505 2657 1590 2709 super
1627 2641 1735 2695 altaria
1773 2642 1988 2714 collocarentur,

292 2738 380 2797 apunt
399 2729 527 2802 epiceopi
549 2729 666 2799 qiidam
692 2729 811 2794 factitii,
834 2745 869 2783 ne
890 2746 1010 2799 utquam
1032 2726 1126 2780 ualcre
1153 2725 1228 2796 quod
1244 2724 1280 2779 ab
1293 2724 1442 2782 Ambrosio
1459 2726 1623 2795 reprehendi
1641 2727 1717 2795 dicit,
1737 2734 1764 2782 et
1781 2727 1873 2783 addit:
1891 2729 1989 2782 Hodie

291 2817 456 2879 uideantur,
485 2816 552 2868 baec
580 2816 640 2868 usis
662 2816 829 2885 diplomatis
861 2816 1035 2884 approbant,
1068 2812 1126 2864 suis
1152 2829 1247 2864 uerum
1265 2829 1327 2865 cum
1342 2813 1452 2884 passim
1470 2814 1564 2867 omnia
1581 2814 1711 2884 reliquiis
1728 2823 1888 2868 sanctorum
1900 2816 1989 2884 plena

291 2904 401 2956 naeniis
431 2910 546 2970 omont,
576 2908 657 2955 tanta
686 2902 841 2970 pronitate,
871 2909 901 2953 ut
928 2901 1036 2971 quoties
1058 2899 1127 2952 mibi
1153 2914 1211 2950 esse
1237 2900 1408 2967 uideantur,
1437 2902 1588 2953 emendum
1612 2908 1668 2962 est,
1700 2918 1734 2954 nc
1762 2903 1790 2954 si
1818 2902 1947 2971 epiceopi
1964 2911 1989 2955 et

292 2990 397 3057 lepitur
416 2990 535 3043 istorum
558 2988 762 3056 comprobatio,
789 2987 882 3040 minus
901 2989 1025 3055 medam,
1043 3003 1126 3056 quam
1148 2984 1297 3054 principes
1323 2987 1354 3038 in
1373 2988 1448 3039 ceris
1475 2987 1604 3056 reliquiis
1629 2988 1805 3056 inquirendis
1828 3005 1861 3041 ac
1880 2989 1988 3056 dijudi-

292 3083 377 3129 antea
395 3076 550 3129 credebam
596 3075 701 3138 Quibus
720 3075 751 3127 iu
769 3074 851 3127 rebus
870 3073 929 3126 nisi
944 3072 1041 3140 praeis
1055 3073 1125 3124 ines·
1152 3074 1261 3137 candis,
1281 3091 1365 3144 quam
1385 3075 1523 3144 deberent,
1543 3091 1660 3144 operam
1673 3076 1846 3144 adhiberent,
1865 3078 1989 3144 inpentes

291 3171 334 3215 set
355 3162 473 3232 pietatis
496 3163 626 3230 iactura,
653 3159 782 3213 Christus
807 3177 863 3212 non
885 3167 943 3212 tam
968 3158 1072 3211 corito
1095 3157 1125 3209 in
1152 3167 1179 3211 et
1204 3160 1387 3213 detestandae
1410 3161 1585 3229 imposturae
1605 3164 1790 3230 patefierent,
1811 3165 1988 3230 quemadmo-

293 3250 345 3302 boc
363 3249 507 3301 bominum
526 3264 612 3318 penus
632 3247 822 3311 inveberetur,
848 3263 909 3299 cum
927 3246 1039 3315 alioqui
1056 3244 1126 3298 leuis
1152 3247 1219 3298 dum
1237 3246 1267 3299 in
1286 3248 1430 3300 mannetis
1449 3248 1519 3302 locis
1536 3249 1712 3313 factumest,
1730 3256 1757 3300 et
1776 3248 1843 3301 olim
1856 3249 1987 3304 Martiae

292 3337 330 3388 sit
348 3335 378 3387 in
387 3341 557 3403 peccatores.
592 3332 672 3388 Idem
689 3332 717 3386 in
734 3331 846 3404 paraph.
868 3349 889 3388 s.
906 3331 1015 3388 Novum
1029 3329 1126 3384 Testa·
1151 3333 1265 3399 occidit,
1284 3334 1334 3403 qui
1349 3351 1411 3386 cum
1422 3333 1513 3387 locum
1533 3337 1672 3404 quendam
1690 3350 1760 3387 suae
1778 3336 1913 3389 dioecesis
1930 3355 1986 3389 mo·

294 3428 432 3476 mentum:
452 3420 562 3491 Siquis
581 3420 690 3475 Obristi
706 3421 829 3473 tunicam
847 3419 981 3480 celibrat,
999 3435 1053 3487 quo
1070 3433 1125 3469 non
1151 3426 1281 3472 numento
1319 3421 1471 3488 cujusdam
1505 3428 1638 3491 tanquam
1678 3422 1813 3489 martprir
1852 3422 1985 3476 celebrem

296 3516 437 3562 terrarum
452 3506 631 3578 proooloturi
647 3523 750 3572 sumus,
769 3514 799 3559 ut
814 3523 875 3560 eam
893 3505 1019 3559 osculari
1033 3504 1125 3556 liccat.
1153 3507 1287 3574 adiisset,
1316 3507 1499 3575 deprehendit
1517 3527 1571 3562 non
1589 3510 1730 3576 martyris,
1747 3510 1799 3561 sed
1817 3509 1928 3562 scelesti
1945 3510 1985 3562 lo·

296 3595 387 3663 Atqui
424 3601 454 3645 ut
490 3599 575 3646 totam
615 3591 723 3646 Christi
755 3591 957 3662 serpellcctilem
983 3590 1126 3660 masmae,
1153 3593 1242 3646 tronis
1260 3599 1462 3645 monumentum
1484 3611 1502 3645 a
1521 3594 1627 3663 populo
1651 3595 1755 3647 meltum
1780 3601 1806 3647 et
1822 3596 1985 3664 frequenta·

292 3679 366 3732 nibil
388 3679 457 3746 erit,
482 3678 561 3746 quod
579 3676 723 3732 Christum
744 3679 903 3746 expressius
920 3694 955 3730 ac
972 3677 1065 3730 uerius
1083 3693 1126 3730 re·
1154 3687 1223 3742 tum,
1243 3680 1321 3748 quod
1334 3679 1421 3731 merli
1437 3679 1532 3731 statim
1550 3688 1576 3733 et
1594 3681 1722 3734 succindi
1734 3681 1836 3750 jussit,
1862 3683 1988 3750 quamuis

289 3773 454 3834 praesentet
489 3782 574 3833 queam
611 3764 788 3830 manqclicac
823 3763 933 3818 literae.
988 3761 1127 3833 Georgius
1153 3766 1200 3820 illi
1219 3782 1325 3835 proque
1339 3765 1461 3834 probari
1479 3784 1535 3819 non
1552 3769 1683 3834 debcant,
1702 3768 1751 3836 qui
1769 3769 1836 3821 odio
1853 3770 1987 3835 supersti-

299 3850 456 3905 Cassander
472 3850 501 3905 in
519 3850 635 3904 consult.
654 3855 705 3906 aa
726 3855 767 3906 21.
784 3865 811 3918 p.
834 3854 896 3904 147:
924 3849 1068 3917 Lepinus,
1087 3850 1128 3902 ad
1155 3853 1239 3906 tionis
1268 3853 1382 3921 piorum
1414 3853 1555 3906 borninum
1587 3860 1765 3907 mercamenta
1792 3854 1937 3907 riolarsmt
1961 3863 1987 3907 et

292 3938 356 3991 loca
373 3945 529 4005 martprnm
545 3937 677 4004 reliquiis
696 3937 821 4005 incip-nia
838 3944 904 3989 nota
920 3942 1083 4004 nunoupata
1101 3943 1127 3989 et
1154 3956 1219 3993 ossa
1236 3939 1293 3991 sire
1311 3938 1433 4007 cineres,
1462 3940 1562 4007 quibus
1587 3939 1670 3991 etiam
1690 3940 1887 3993 barbarissimi
1902 3941 1987 3995 nasi-

287 4024 535 4094 percprinctioncs
551 4030 711 4091 assceptos,
739 4039 810 4091 quae
839 4023 934 4075 omnia
952 4029 1011 4074 tum
1042 4022 1126 4075 utilio
1154 4042 1203 4078 nes
1217 4033 1422 4094 pepercerant,
1448 4042 1555 4078 sumam
1569 4043 1631 4078 cum
1650 4024 1806 4093 ipnominia
1827 4028 1987 4096 objecerunt

292 4119 385 4179 mant,
410 4128 472 4164 cum
494 4109 588 4163 adbuc
613 4115 755 4161 recenset
774 4115 851 4161 certa
869 4109 1005 4161 memorio
1023 4115 1125 4174 marty·
1154 4120 1179 4165 ee
1211 4111 1411 4179 disperserunt.
1461 4111 1530 4164 Cum
1558 4112 1647 4181 ipitur
1669 4128 1753 4166 uerae
1776 4120 1802 4165 et
1831 4122 1988 4181 compertas

291 4217 354 4251 rum
371 4198 482 4267 ciperet,
501 4203 526 4249 et
544 4197 632 4261 Deus,
650 4196 702 4264 qui
716 4194 883 4247 indubitatis
902 4193 1051 4247 miraculis
1069 4210 1125 4261 eos,
1152 4197 1306 4266 reliquiae,
1335 4198 1506 4266 praesertim
1530 4198 1561 4250 in
1585 4197 1629 4250 bis
1642 4199 1808 4267 prouinciis,
1822 4216 1988 4267 perpaucae

292 4285 342 4354 qui
353 4284 457 4337 mortui
467 4282 642 4345 uidebantur,
660 4280 716 4333 sibi
730 4280 822 4333 vicere
839 4279 1009 4348 declararet,
1026 4280 1125 4347 quibus
1152 4285 1212 4338 sint
1228 4291 1254 4337 et
1270 4284 1373 4338 multae
1391 4301 1424 4338 en
1445 4285 1501 4351 iis,
1520 4301 1592 4353 quac
1610 4293 1792 4349 ostentantur,
1810 4303 1866 4338 non
1886 4293 1987 4338 tentem

289 4373 381 4437 ficies,
416 4388 500 4440 quam
536 4368 595 4438 ipsi
618 4367 747 4437 professi
783 4373 864 4434 sunt,
900 4367 1126 4431 confirraabotur.
1152 4377 1297 4441 mapsam
1315 4371 1415 4424 baberi
1428 4371 1546 4439 possint,
1564 4378 1645 4440 utque
1664 4371 1985 4440 illarumfrequentatio

296 4457 399 4510 Verum
417 4459 448 4509 in
466 4458 535 4510 baec
547 4454 691 4524 paulatim
711 4453 814 4505 abcessu
832 4453 958 4521 irrepsit,
976 4471 1043 4506 nam
1062 4470 1125 4524 quc·
1152 4465 1179 4511 et
1207 4457 1350 4510 uerteratio
1369 4475 1425 4509 non
1453 4457 1568 4509 multum
1587 4457 1705 4527 pietati,
1732 4459 1887 4527 plurimum
1921 4475 1985 4512 uero

292 4544 366 4594 ritur
392 4542 538 4610 Basilius,
568 4542 640 4594 bane
673 4539 901 4594 coueududinem
926 4557 977 4593 sero
1002 4548 1124 4610 tempore
1151 4544 1346 4612 superstitioni
1365 4543 1408 4596 cel
1430 4544 1560 4611 quaestui
1574 4547 1707 4613 serviant,
1726 4545 1812 4598 multo
1832 4546 1986 4598 conssrltius

293 4635 457 4697 corruptam
479 4629 570 4692 fuisse
595 4635 621 4680 et
643 4626 812 4694 temporibus
838 4627 991 4695 Anqustini
1016 4635 1042 4680 et
1058 4628 1125 4680 Am·
1152 4631 1278 4696 uidetur,
1306 4638 1336 4683 ut
1353 4630 1388 4681 ab
1406 4630 1484 4681 omni
1499 4629 1684 4698 reliquiarum
1703 4631 1884 4684 ostentatione
1902 4632 1985 4713 absti-
2046 4673 2050 4681 .

294 4715 382 4767 brosii
398 4714 591 4777 mosferendi
613 4714 712 4782 epum
738 4714 779 4766 ad
804 4719 960 4783 martyrum
976 4715 1125 4769 maestas
1152 4725 1253 4769 nentur
1279 4724 1305 4769 et
1330 4716 1455 4785 populus
1483 4718 1525 4768 ad
1549 4733 1630 4770 omas
1660 4722 1819 4771 sanctorum
1847 4717 1986 4785 reliquias

295 4803 331 4854 ab
342 4801 492 4854 Ambrosio
513 4801 678 4854 interdictus
696 4807 767 4864 erat,
786 4807 817 4852 ut
832 4807 913 4869 patet
932 4803 1011 4869 apud
1029 4802 1126 4868 Aupu·
1152 4802 1303 4868 colendas,
1324 4801 1357 4854 id
1375 4808 1414 4854 est
1432 4801 1560 4870 esemplo
1572 4803 1690 4871 pietatis
1709 4811 1736 4854 et
1755 4803 1900 4871 uirtutum,
1915 4822 1986 4872 quae

293 4890 405 4943 stinum.
438 4887 648 4940 Posterioribus
665 4888 750 4940 ctiam
766 4887 937 4956 temporibus
953 4887 1084 4956 reliqniis
1101 4894 1126 4939 a
1152 4889 1182 4941 in
1210 4888 1325 4956 scriptis
1356 4887 1399 4941 uel
1416 4887 1452 4939 ab
1470 4888 1554 4958 ipsis,
1581 4888 1624 4942 rel
1643 4891 1679 4941 de
1698 4889 1768 4957 ipsis
1788 4897 1904 4957 ommni,
1924 4892 1985 4944 imi·

292 4973 434 5029 memoriis
466 4980 626 5026 sanctorum
655 4974 739 5026 nimis
771 4973 911 5025 indultum
939 4981 966 5025 ct
993 4973 1126 5026 tributam
1151 4978 1242 5029 tanda
1257 4982 1431 5045 provocetur.
1467 4973 1546 5029 Haec
1567 4973 1730 5030 Cassander.
1748 4975 1877 5046 Vasques
1894 4975 1942 5030 lib.
1962 4984 1984 5033 3.

292 5063 383 5125 fuiem
401 5067 517 5122 constat,
534 5059 576 5111 sic
594 5067 624 5111 ut
644 5077 663 5112 a
690 5058 768 5112 bonis
786 5075 894 5128 qnoque
912 5058 981 5112 siris
997 5059 1050 5128 pio
1067 5059 1125 5113 celo
1153 5061 1486 5130 democratiaene.
1508 5069 1532 5117 8.
1549 5081 1576 5117 n.
1599 5067 1645 5116 112
1663 5067 1692 5115 ct
1714 5067 1771 5119 121.
1800 5063 1923 5134 quaerit,
1948 5082 1985 5117 an

292 5148 433 5219 praeditis
450 5163 559 5199 summa
577 5147 661 5214 quasi
675 5146 824 5212 rsliqionis
838 5147 869 5197 in
887 5145 1050 5214 hujusmodi
1061 5164 1125 5199 corr·
1151 5151 1241 5218 possit
1258 5150 1321 5218 quis
1339 5156 1418 5201 recta
1435 5149 1587 5204 intentione
1612 5167 1677 5203 ossa
1701 5157 1857 5218 snartprum
1875 5151 1905 5202 in
1923 5152 1986 5219 pul·

293 5236 451 5305 qrsirendis,
476 5251 547 5287 auro
568 5241 595 5285 et
612 5234 726 5299 pemmis
748 5233 919 5286 cnornandis
943 5240 969 5285 ct
985 5234 1126 5287 manoeir's
1152 5253 1242 5289 serem
1259 5238 1391 5304 redmta,
1414 5237 1498 5289 ctiam
1518 5237 1549 5289 in
1573 5252 1829 5290 summasunmna
1849 5236 1940 5291 colere
1960 5245 1986 5292 ct

292 5339 342 5375 seu
359 5321 470 5391 templis
483 5319 710 5373 mnnuosissimis
728 5321 917 5382 aedificandis
927 5321 1025 5387 posita
1039 5329 1125 5390 puto·
1152 5324 1300 5389 uenerari,
1325 5338 1358 5375 ac
1376 5321 1448 5377 inter
1474 5328 1565 5376 cetera
1583 5323 1742 5395 subjungit,
1767 5325 1921 5377 Henrimsm
1939 5343 1986 5379 nc·

292 5418 390 5462 rentur
415 5416 441 5461 et
461 5409 496 5460 ab
521 5406 656 5475 improbis
684 5423 792 5476 quoque
809 5401 964 5460 lsaosinibue
987 5408 1071 5471 salsa
1093 5410 1125 5472 ti·
1152 5426 1241 5478 passe,
1260 5409 1336 5476 qnod
1351 5410 1444 5461 sancti
1454 5410 1601 5462 adorandi
1612 5412 1668 5464 sint
1684 5413 1714 5464 in
1729 5414 1825 5473 forma
1843 5412 1984 5467 ramirum.

294 5497 380 5549 duria
393 5496 423 5549 in
439 5495 516 5547 cultu
535 5495 629 5562 inepto
643 5493 824 5560 etnrpcrjluo
840 5492 1124 5562 reliquiacumcollo·
1193 5500 1249 5550 108.
1285 5494 1379 5565 Atque
1397 5494 1467 5550 hace
1492 5513 1543 5565 pro
1570 5497 1778 5551 confirmatione
1795 5504 1907 5552 nostrae
1924 5516 1985 5553 son·
2000 5506 2051 5552 aas
