4104 6014
207 222 268 280 496
469 249 473 258 -
833 207 1062 269 TRAOTATUS
1079 209 1281 270 SECUNDUS

206 369 413 439 mortalitatem,
431 371 483 424 scd
501 377 527 423 et
545 370 668 440 ylariam
681 377 894 439 consequuntur.
928 365 1041 440 Apolli·
1055 365 1057 425 t
1070 366 1264 421 absoluantur
1289 369 1341 422 etc.
1370 365 1418 420 cui
1444 365 1596 422 sententiae
1629 365 1719 436 mayis
1751 361 1909 438 mortereis

207 450 306 511 narius
336 457 401 510 licet
430 457 498 511 aliis
520 459 623 523 verbu,
652 459 751 513 eadem
774 474 847 526 quae
876 457 1041 511 Toeoeorus
1070 453 1195 522 usaue,
1214 460 1245 505 ut
1262 468 1355 507 omncs
1373 454 1513 509 communi
1530 462 1618 510 morte
1635 454 1796 510 moriamur
1811 460 1909 507 cinon

182 548 184 553 '
207 544 337 610 asseruit,
356 544 493 611 quosdam
510 562 566 598 non
585 561 644 598 csse
662 544 823 614 morituros,
841 544 893 595 sed
905 544 941 595 de
956 557 1041 613 prae·
1070 557 1163 593 omnes
1186 547 1321 593 mutemur
1348 540 1378 593 in
1400 541 1523 610 pierium
1547 547 1599 596 ete.
1638 539 1716 604 Quae
1735 557 1800 594 cum
1818 539 1860 592 ita
1878 555 1909 592 se

207 631 279 684 senti
295 631 352 683 vita
372 632 527 699 rapiendos
548 634 577 685 in
589 634 734 701 suturam,
752 638 783 683 ut
801 630 915 683 sasemis
933 628 1041 698 yloriti-
1068 626 1189 680 babeant
1208 634 1234 680 ct
1250 627 1291 680 sic
1310 627 1452 682 intellecta
1469 629 1525 683 sint
1541 647 1560 682 a
1577 628 1666 697 nobis,
1682 644 1781 682 eorum
1798 633 1910 679 tantum

207 715 333 783 ratisque
351 717 515 784 corporibus
533 719 589 772 sint
609 735 670 772 crrur
685 717 804 783 Christo,
822 717 899 784 quod
918 731 990 768 nunc
1006 714 1041 766 os
1068 713 1307 767 commutatione-m
1325 714 1474 784 suscipere,
1494 715 1544 784 qui
1559 722 1704 783 rccurycnt
1722 713 1753 766 in
1773 712 1909 782 otorten,

209 801 306 855 Enoch
334 808 360 854 et
384 801 456 854 Elia
482 804 633 860 credimus.
670 804 812 871 Didymus
834 820 890 856 non
910 787 1247 890 pedibus,tpeccatorum
1267 808 1358 853 autem
1376 808 1402 854 ct
1420 801 1593 866 infidelium,
1613 803 1664 872 qui
1680 799 1788 854 mortui
1807 798 1908 868 appel-

208 890 259 940 sed
278 888 369 941 verbis
389 889 418 940 in
436 888 567 957 Oriycnis
586 889 727 943 transiens
740 888 914 956 sententiam,
932 893 1041 939 contra·
1071 886 1166 939 lantur
1185 894 1211 940 et
1228 895 1374 957 resurycrrt
1394 886 1569 957 incorrupti,
1588 903 1765 969 ncystayuum
1785 902 1909 940 commu·

208 976 255 1027 ria
280 974 330 1028 uia
352 974 494 1042 proditur.
539 979 612 1031 Ecce
639 976 797 1045 mysterium
824 975 901 1028 uobis
933 974 1042 1042 loquor,
1070 974 1218 1037 tationem,
1255 975 1305 1026 scd
1336 990 1446 1045 poenas
1481 981 1632 1045 perpetuas
1669 991 1727 1028 csse
1758 973 1908 1026 dicendas

208 1077 300 1114 omncs
330 1061 442 1130 quidem
472 1063 655 1129 dormiemus,
686 1081 742 1115 nou
771 1077 865 1115 omncs
884 1067 976 1114 uestem
993 1059 1042 1112 im-
1074 1058 1263 1112 Transeamus
1280 1047 1321 1111 ad
1338 1062 1491 1113 secundam
1510 1061 1673 1129 lectionem,
1694 1076 1765 1130 quae
1784 1059 1829 1113 ita
1846 1059 1909 1124 fcr-

208 1150 391 1220 mutabimur,
418 1153 495 1218 quod
519 1153 561 1205 ita
584 1150 735 1205 disseruit:
770 1150 805 1203 Si
829 1165 885 1202 non
904 1145 1044 1214 indiyeret
1070 1152 1116 1198 tur
1133 1146 1162 1198 in
1178 1145 1323 1215 plerisque
1341 1146 1496 1211 codicibus,
1520 1165 1577 1202 non
1595 1146 1707 1216 quidem
1727 1162 1823 1199 omnes
1840 1147 1909 1199 dor·

211 1238 379 1292 rerurrectio
398 1241 563 1308 interprete,
594 1256 644 1291 ncc
669 1235 863 1291 obscuritatem
883 1234 996 1288 baberet
1013 1233 1043 1285 iu
1070 1232 1193 1300 miemus,
1212 1250 1306 1287 omnes
1325 1241 1416 1303 autem
1435 1234 1650 1289 immutabimur.
1691 1234 1738 1288 Ee
1762 1250 1821 1304 qua
1838 1250 1909 1286 non·

212 1326 347 1395 sensibus,
366 1342 509 1394 nunquam
529 1326 639 1379 Paulus
653 1331 720 1394 post
739 1323 838 1387 multa,
858 1337 929 1391 quae
948 1321 983 1373 dc
1001 1335 1044 1373 re·
1070 1318 1146 1372 nulli
1163 1327 1299 1384 asserunt,
1317 1321 1419 1373 multos
1438 1321 1514 1375 riuos
1531 1322 1561 1374 in
1579 1320 1745 1391 corporibus
1761 1317 1907 1390 reperien-

211 1412 385 1465 surrectione
404 1412 515 1465 loeutus
537 1419 591 1478 est,
620 1411 774 1465 intulisset:
803 1424 865 1461 ecee
883 1405 1044 1474 mysterium
1071 1407 1139 1475 dos,
1168 1413 1194 1458 et
1211 1407 1239 1458 si
1256 1425 1313 1460 non
1333 1407 1476 1460 dormiant
1501 1424 1610 1473 omnes,
1640 1424 1696 1462 non
1725 1421 1821 1462 omnes
1848 1421 1910 1458 esse

212 1498 290 1550 vobis
310 1499 383 1564 dico,
402 1489 495 1551 orrrnes
514 1498 625 1566 quidem
645 1496 822 1558 dormiemus,
840 1493 928 1546 idest
945 1492 1043 1546 moric-
1070 1492 1237 1560 morituras,·
1269 1493 1296 1545 si
1323 1501 1415 1546 autem
1446 1511 1500 1547 non
1528 1494 1686 1547 moriautur
1712 1509 1819 1559 omnes,
1850 1509 1910 1545 non

209 1601 283 1647 mur,
309 1600 365 1635 non
384 1600 477 1636 onracs
495 1591 600 1652 autem,
629 1585 680 1637 sed
704 1582 761 1635 soli
777 1580 870 1634 sancti
887 1577 1043 1632 immutabi·
1071 1594 1164 1631 omues
1181 1585 1403 1647 resurrecturae,
1428 1595 1575 1648 resuryerc
1600 1579 1674 1634 enim
1696 1579 1816 1649 proprie
1834 1578 1910 1632 dici·

209 1687 280 1722 mur.
319 1668 401 1736 Scio,
428 1670 505 1736 quod
526 1669 555 1722 in
582 1667 727 1723 nonnullis
746 1668 889 1723 codicibus
908 1665 1044 1733 scriptum
1070 1670 1131 1729 tur,
1162 1665 1212 1734 qui
1230 1665 1316 1734 prius
1334 1666 1479 1719 moriendo
1497 1665 1614 1734 cecidit,
1641 1666 1716 1718 unde
1736 1673 1762 1719 et
1781 1665 1910 1719 Paulum

210 1757 261 1823 sit,
288 1774 343 1809 non
366 1757 479 1825 quidem
506 1772 599 1809 omncs
620 1756 805 1823 dormiemus,
833 1768 927 1808 omnes
952 1759 1044 1805 autem
1070 1750 1165 1805 uolunt
1186 1754 1307 1807 scribere
1328 1757 1351 1809 1.
1374 1753 1500 1811 Thessal.
1521 1757 1544 1805 ι.
1569 1770 1620 1808 nos
1638 1752 1688 1822 qui
1705 1752 1839 1819 uiuimus,
1859 1753 1912 1820 qui

211 1841 426 1900 immutabimur.
468 1841 528 1896 Sed
561 1842 810 1910 considerandum,
842 1858 880 1893 an
910 1839 937 1892 ei
967 1839 1045 1906 quod
1070 1840 1182 1895 residui
1203 1858 1297 1894 sumus
1318 1841 1348 1894 in
1367 1841 1488 1894 aduentu
1509 1839 1640 1909 Domini,
1667 1856 1723 1893 non
1737 1840 1909 1909 praeemit·

92 1946 150 1986 xlx.
165 1944 198 1988 rr.
208 1928 397 1997 praemissum
415 1935 471 1996 est,
500 1945 592 1982 omnes
617 1927 839 1990 immutabimur,
866 1925 959 1995 possit
980 1940 1045 1977 con·
1073 1947 1133 1982 mus
1163 1943 1224 1991 eos,
1257 1927 1306 1996 qui
1332 1927 1506 1980 dormierunt
1534 1930 1587 1981 etc.
1623 1925 1663 1978 Et
1690 1941 1724 1979 ee
1749 1924 1794 1977 bis
1822 1923 1912 1977 dictis

211 2016 315 2084 uenire,
335 2017 411 2083 quod
428 2015 567 2084 scyra'tur,
599 2015 703 2068 mortui
723 2021 870 2081 resuryent
888 2009 1046 2080 incorrupti
1067 2016 1192 2085 probare
1215 2021 1367 2083 conantur,
1396 2012 1554 2083 apostolum
1577 2011 1704 2066 Paestum
1728 2018 1753 2064 ct
1776 2011 1827 2080 qui
1845 2029 1910 2064 cum

212 2110 237 2156 et
253 2120 306 2156 nos
322 2102 538 2157 immutabimur.
575 2101 611 2157 a·
629 2101 703 2154 enim
726 2117 819 2155 omnes
838 2097 1045 2152 immutabimur
1073 2117 1105 2154 oo
1124 2100 1296 2165 scribebant,
1313 2107 1445 2170 putasse,
1472 2115 1503 2152 sc
1521 2116 1577 2152 uon
1595 2115 1653 2153 csse
1668 2097 1834 2162 morituros,
1856 2099 1911 2151 scd

211 2195 237 2241 et
264 2189 316 2242 boc
339 2205 482 2242 commune
505 2204 566 2241 cum
590 2187 688 2240 ceteris
710 2194 764 2252 est,
796 2185 968 2253 superfluum
983 2182 1043 2249 suit
1071 2186 1254 2257 reperiendos
1277 2185 1588 2241 discensumrnatiom's
1607 2184 1783 2255 incorpore.
1823 2183 1911 2248 Quod

212 2277 316 2340 dicere,
336 2283 360 2328 et
383 2292 433 2328 nos
450 2273 663 2327 immutabimur.
696 2271 881 2334 Quamobrem
899 2271 940 2323 ita
955 2269 1045 2337 leyen·
1072 2274 1099 2327 si
1115 2291 1209 2328 uerum
1229 2282 1284 2337 cst,
1315 2275 1422 2328 errarit
1447 2274 1557 2327 Paulus
1582 2282 1608 2328 et
1628 2274 1751 2327 bumana
1775 2273 1910 2326 aestima-

213 2365 280 2415 dum
304 2370 360 2415 est:
393 2363 493 2415 Omnes
518 2361 631 2429 quidem
658 2358 840 2427 dormiemus,
868 2375 924 2411 non
952 2371 1045 2411 orrrues
1072 2361 1147 2414 tione
1168 2363 1300 2432 deceptus
1318 2369 1372 2430 est,
1389 2370 1420 2415 ut
1438 2362 1643 2431 arbitraretur,
1662 2376 1692 2413 se
1709 2358 1910 2414 inveniendum

212 2456 303 2502 autem
313 2448 530 2503 immutabimur.
545 2446 579 2500 Si
589 2447 661 2500 enim
671 2446 701 2498 in
710 2445 805 2497 Adam
817 2459 910 2498 omncs
924 2441 1045 2496 moriun·
1072 2447 1102 2500 in
1119 2465 1247 2518 corpore,
1267 2450 1345 2518 quod
1358 2448 1472 2517 salsum
1490 2464 1564 2518 esse,
1581 2464 1676 2501 rerum
1695 2447 1784 2500 esdra
1802 2462 1910 2515 appro-

212 2543 272 2601 tur,
297 2536 371 2588 etin
388 2542 477 2588 morte
495 2533 629 2588 dormitio
648 2540 702 2601 cst,
724 2547 818 2585 omncs
838 2546 904 2598 cryo
925 2529 1045 2582 dormio·
1072 2535 1147 2588 bavit
1172 2543 1224 2592 etc.
1261 2535 1370 2590 Melius
1397 2541 1438 2589 est
1465 2535 1552 2602 iyitur
1578 2532 1768 2603 spiritualiter
1791 2533 1911 2602 sentus,

211 2639 273 2674 mus
292 2621 349 2674 siue
378 2621 537 2674 moriemur.
574 2618 689 2673 Dormit
715 2624 807 2671 autem
831 2618 914 2686 iusta
938 2617 1046 2668 idioma
1073 2623 1149 2690 quod
1166 2621 1300 2690 seriptum
1319 2629 1368 2685 est,
1389 2629 1415 2674 et
1430 2621 1626 2675 dormitionem
1638 2621 1667 2674 in
1681 2619 1832 2689 praesenti
1844 2619 1909 2674 loco

214 2708 439 2776 scripturarum,
468 2706 517 2786 qui
541 2713 667 2759 mortuus
693 2712 733 2757 est
756 2721 805 2773 spe
829 2702 1046 2756 resurrectionis
1071 2726 1127 2762 mon
1145 2715 1260 2762 mortem
1279 2708 1421 2777 (κοίρανε,
1444 2724 1499 2779 por
1526 2725 1611 2776 quom
1634 2706 1730 2761 animo
1749 2724 1769 2759 a
1788 2722 1910 2774 corpore

210 2797 336 2863 futurae,
355 2795 496 2862 crurisque
515 2794 564 2862 qui
583 2793 701 2855 dormit,
720 2792 813 2859 utiquc
834 2789 1046 2859 eupcryiscr'tur,
1071 2803 1235 2866 sopor-otor,
1269 2797 1321 2848 ,βά
1344 2802 1491 2862 peceatum
1514 2802 1580 2863 pom
1600 2795 1691 2862 fldem
1718 2801 1743 2847 ot
1768 2794 1909 2862 offensam

211 2882 239 2933 αι’
259 2888 350 2934 lamere
368 2897 424 2933 uon
443 2880 535 2932 subita
560 2879 602 2931 vie
629 2879 726 2932 suariis
746 2895 807 2931 ert-m
829 2877 1000 2946 oppresserit
1020 2882 1044 2928 el
1074 2881 1138 2951 Dei,
1159 2881 1407 2950 dormitionemque
1421 2889 1487 2950 post
1506 2881 1673 2950 baptismum
1694 2886 1747 2936 etc.
1771 2887 1813 2934 cot
1834 2880 1911 2934 emim

212 2985 288 3022 mors
319 2984 414 3020 sonruo
444 2965 536 3032 feeerit
569 2965 716 3034 copulata,
748 2980 860 3032 curaque
886 2978 978 3014 omnes
1004 2962 1045 3014 ita
1071 2985 1184 3022 mmmm
1199 2969 1325 3036 pocomi,
1357 2969 1406 3036 qm·
1423 2968 1502 3021 doctr
1519 2969 1560 3020 od
1578 2959 1708 3032 mortam,
1736 2973 1762 3021 ot
1783 2972 1824 3020 ost
1845 2966 1910 3021 olio

213 3053 380 3112 dormierint
409 3052 469 3121 lette
498 3058 633 3117 naturae,
664 3049 720 3104 toli
747 3050 840 3103 batteli
868 3057 894 3102 el
926 3062 1045 3116 corpore
1073 3055 1172 3109 delicti
1202 3053 1351 3107 dormitio,
1387 3069 1458 3122 quae
1489 3060 1576 3107 morte
1601 3073 1655 3108 mom
1679 3053 1831 3121 otrimyt'tur
1855 3057 1910 3109 etc,

213 3149 238 3195 et
256 3139 400 3194 animuin
419 3138 519 3192 molius
537 3138 730 3200 mutabuntur,
754 3136 795 3189 ita
819 3143 849 3187 ut
868 3134 1045 3203 incorruptio
1073 3140 1141 3194 Cum
1160 3140 1248 3210 iyitur
1271 3141 1389 3209 quidum
1408 3157 1464 3192 non
1487 3140 1646 3208 dormiant,
1673 3140 1724 3210 qui
1744 3151 1857 3210 semper
1878 3141 1910 3194 in
1923 3158 1978 3202 111.

213 3228 335 3281 omnium
353 3224 557 3292 resuryentium
577 3225 629 3293 sit,
659 3224 755 3292 yloria
774 3229 866 3276 autem
886 3230 970 3290 atque
988 3238 1045 3273 mu·
1075 3228 1188 3282 Christo
1205 3229 1300 3280 vivom
1317 3235 1343 3280 ot
1363 3226 1497 3295 myrtunt,
1515 3229 1656 3295 osquam,
1680 3234 1710 3280 nt
1728 3243 1909 3296 nequaquam

213 3317 282 3370 talio
306 3313 426 3385 proprie
455 3321 616 3367 camelorum
641 3316 694 3366 ele.
731 3311 855 3363 Aeacius
877 3311 1045 3375 Caesareae,
1073 3331 1166 3368 omnes
1190 3314 1331 3369 dormiant
1356 3321 1381 3366 et
1405 3330 1419 3367 e
1443 3315 1587 3367 contrario
1610 3331 1703 3368 ommes
1720 3314 1910 3382 immutentur,

214 3419 284 3473 quae
299 3402 382 3471 prius
402 3400 503 3453 Turris
522 3398 666 3453 Stratonis
683 3398 851 3460 vocabatur,
871 3403 938 3464 post
957 3397 1046 3448 Eusc-
1072 3419 1129 3454 noo
1159 3401 1350 3455 immutatione
1383 3398 1508 3469 ytom‘oo,
1544 3417 1614 3469 quor
1630 3401 1761 3470 ¹propr-to
1790 3401 1910 3455 (totam

214 3491 288 3543 bium
324 3487 473 3557 l'umplrrli
507 3486 654 3554 episcopus
689 3485 719 3537 in
759 3490 860 3551 quarto
897 3485 1046 3536 συιιίκτων
1073 3489 1191 3551 sanctio,
1218 3489 1271 3542 rere
1288 3504 1322 3541 eo
1339 3488 1545 3552 immutatione,
1572 3504 1629 3557 qua
1647 3488 1839 3557 corruptivum
1856 3488 1911 3544 lroc

215 3571 374 3647 ζητημάτων
393 3573 467 3626 libro
484 3587 648 3642 proponens
667 3569 723 3623 sibi
742 3569 814 3622 banc
834 3571 950 3622 eandem
963 3584 1047 3637 orme·
1074 3575 1295 3644 incorruptivum
1312 3575 1446 3642 efficitur,
1473 3580 1504 3626 ut
1523 3575 1567 3628 ucl
1583 3589 1692 3642 poenas
1710 3573 1753 3629 cel
1770 3576 1910 3643 praemia

215 3664 331 3716 ctionem
364 3660 451 3714 latiur
485 3658 643 3727 <imputavit
665 3664 690 3709 ιι
714 3663 859 3723 virumque
883 3654 1047 3724 moialem,
1073 3661 1193 3731 recipiat
1212 3660 1383 3730 sempiterna
1400 3667 1452 3716 etc.
1478 3662 1543 3715 Hoc
1557 3668 1649 3714 autem
1661 3661 1816 3728 sciendum,
1830 3664 1911 3731 quod

217 3751 294 3819 quod
311 3748 383 3800 inter
401 3764 430 3800 se
447 3746 559 3799 uidetur
576 3760 634 3798 esse
651 3743 839 3807 contrarium,
871 3742 912 3795 sic
939 3742 1046 3795 locutus
1073 3749 1163 3815 Μαρία
1181 3748 1326 3802 conveniat
1343 3747 1458 3801 oorttoti
1474 3748 1517 3801 ito
1534 3748 1641 3815 loyoro,
1675 3765 1768 3801 omnm
1793 3748 1911 3817 modom

218 3844 274 3889 est:
294 3834 432 3888 Dicamus
445 3833 569 3901 primum
590 3833 626 3885 de
646 3848 686 3897 eo,
705 3831 781 3899 quod
799 3830 890 3897 saurir
909 3830 938 3881 io
955 3828 1046 3898 pluri·
1075 3835 1253 3903 dormiemus,
1269 3853 1325 3889 non
1341 3851 1434 3888 ornnes
1452 3842 1543 3889 autem
1555 3835 1769 3899 immutabimur,
1787 3837 1912 3890 munium

218 3925 271 3977 mis
288 3921 429 3976 codicibus
447 3919 603 3982 inuenitur,
621 3933 682 3970 cccc
699 3917 859 3983 mysterium
878 3915 956 3969 uobis
974 3915 1048 3979 dice,
1075 3921 1142 3990 onio
1160 3921 1298 3991 sequitur,
1327 3921 1431 3974 mortni
1454 3929 1598 3988 rcsuryent
1622 3921 1782 3990 incorrupti
1805 3929 1832 3975 ot
1858 3941 1913 3978 nos

219 4027 311 4063 ornnes
337 4008 450 4077 quidem
474 4005 658 4069 dormiemus,
690 4020 745 4056 uon
772 4009 864 4055 aretem
887 4017 981 4055 omnes
999 4002 1048 4055 im·
1076 4008 1291 4063 immutabimur.
1329 4007 1362 4061 Si
1379 4008 1452 4060 enim
1467 4024 1560 4071 omues
1571 4015 1635 4060 sunt
1649 4008 1818 4061 immutandi
1824 4008 1914 4075 iccata

219 4095 396 4151 mutabimur.
424 4091 594 4159 Mysterium
614 4090 695 4154 dicit,
711 4097 740 4140 ut
761 4089 924 4142 attentiores
932 4090 1049 4157 faceret
1077 4095 1195 4149 ammom
1218 4093 1375 4159 lectionem,
1407 4095 1546 4162 quomodo
1574 4101 1674 4165 postea
1700 4094 1807 4150 dicitur
1824 4097 1915 4164 quusi

220 4184 366 4235 creditores
403 4182 438 4232 dc
478 4177 681 4232 resurrectione
714 4177 830 4246 plenius
868 4177 1049 4230 disserturus.
1075 4181 1261 4250 praecipuum
1280 4187 1364 4249 atqrre
1378 4182 1522 4249 privatum
1543 4182 1698 4249 ctpropric
1707 4180 1915 4251 apostolorum,

223 4267 365 4323 Dormitio
384 4274 473 4319 autem
492 4273 605 4319 mortem
624 4265 723 4329 istam,
751 4280 822 4333 meae
839 4265 990 4318 communis
1010 4271 1050 4317 est
1078 4276 1104 4322 ct
1122 4286 1172 4321 nos
1192 4267 1419 4322 immutabimur.²
1456 4267 1612 4333 Quaeritis,
1640 4271 1779 4338 quomodo
1803 4269 1914 4324 intelli·

220 4356 356 4423 ornuium,
382 4354 535 4422 siynificat,
564 4353 639 4405 unde
665 4352 817 4405 rectissime
832 4353 940 4420 posuit,
976 4354 1052 4420 orrea
1078 4357 1197 4425 ycndum
1213 4356 1250 4407 sit
1271 4355 1357 4423 illud,
1387 4357 1464 4422 quod
1486 4357 1516 4409 in
1538 4356 1635 4425 prima
1662 4358 1703 4410 ad
1729 4357 1913 4413 Thessaloni·

220 4459 313 4498 omnes
337 4441 523 4508 dormiamus,
551 4439 585 4492 id
611 4445 651 4493 est
677 4439 843 4507 moriamur,
873 4439 945 4492 sicut
962 4456 1050 4507 supra
1078 4458 1172 4495 censes
1189 4442 1311 4510 epistola
1330 4442 1476 4510 scribitur,
1499 4459 1550 4495 nos
1575 4444 1626 4511 qui
1642 4443 1773 4514 uicimus,
1799 4443 1851 4511 qui
1870 4460 1915 4498 rc·

221 4531 308 4596 dicit,
338 4530 368 4582 in
398 4528 511 4582 Adamo
535 4543 628 4580 omncs
654 4525 735 4581 mori.
773 4526 841 4580 Cum
866 4542 932 4593 eryo
958 4542 1051 4579 omncs
1078 4528 1156 4581 sidui
1172 4545 1267 4581 seimus
1283 4528 1312 4580 in
1331 4530 1454 4581 adremu
1475 4529 1606 4594 Domini,
1624 4546 1680 4583 non
1694 4531 1916 4599 praeveniemus

222 4617 351 4672 rrrorituri
386 4616 460 4682 siut,
502 4615 599 4667 audde
636 4620 830 4678 sacramenta,
869 4630 941 4681 quae
977 4614 1052 4683 stica,
1079 4632 1134 4679 eos,
1154 4617 1204 4684 qui
1217 4616 1392 4669 domnierunt
1410 4614 1482 4669 eto?
1504 4614 1597 4684 Super
1617 4634 1670 4684 quo
1689 4615 1815 4685 mauvis
1829 4634 1915 4686 supe·

221 4721 314 4759 omncs
351 4703 463 4771 yrsidern
502 4702 666 4765 moriemur,
702 4703 754 4753 sed
787 4717 843 4753 non
875 4717 969 4754 omnes
1003 4701 1051 4753 im·
1079 4703 1140 4755 rior
1153 4701 1256 4755 Aeacii
1272 4701 1429 4770 disputatio
1440 4701 1556 4769 plenius
1575 4702 1725 4770 ventilarit,
1756 4710 1850 4757 tamen
1869 4704 1916 4757 er·-

221 4792 397 4847 mutabimur.
444 4788 528 4842 (lauit
557 4788 630 4841 enim
661 4788 741 4856 tuba,
773 4787 851 4840 baud
878 4788 961 4841 dubie
984 4788 1052 4856 quin
1079 4790 1197 4841 cendum
1220 4795 1275 4854 est,
1304 4788 1376 4855 quid
1396 4788 1528 4841 uideatur
1550 4788 1632 4856 aliis,
1666 4788 1814 4843 eumaem
1833 4789 1915 4844 oide-

221 4880 338 4947 anyelus
359 4877 506 4946 septimus,
534 4882 560 4928 ct
584 4875 688 4929 mortui
715 4882 861 4942 resuryent
887 4874 1051 4942 incorrupti.
1079 4873 1153 4943 licet,
1170 4873 1355 4943 Apollinaris
1376 4881 1402 4926 et
1419 4874 1567 4938 Diodoro,
1586 4875 1637 4943 qui
1653 4892 1737 4928 unum
1756 4884 1918 4943 sequuntur

223 4967 258 5021 Si
300 4973 392 5020 autem
435 4963 595 5030 incorrupti
632 4968 713 5016 erunt
751 4961 873 5027 mortui,
914 4962 1052 5030 quomodo
1080 4962 1257 5028 sententiam,
1276 4978 1394 5031 quorum
1414 4961 1564 5014 Diodorus
1583 4963 1650 5016 besec
1669 4962 1801 5032 scripsit:
1832 4965 1918 5019 Resi-

221 5070 277 5106 non
304 5050 537 5116 immutabuntur,
566 5065 627 5102 cum
656 5049 829 5117 incorruptio
853 5048 918 5118 ipsa
937 5047 1053 5100 multatio
1081 5049 1153 5102 (tuos
1172 5055 1254 5116 atque
1276 5045 1397 5101 cicentes
1416 5046 1526 5101 Paulus
1556 5049 1703 5116 apostolus
1730 5056 1828 5118 roem,
1857 5069 1918 5106 nors

223 5141 284 5194 sit!
318 5139 377 5193 Sed
403 5137 449 5190 bie
478 5136 670 5203 commutatio,
699 5153 756 5204 oua
775 5134 885 5188 Paulus
904 5134 1054 5187 mutandus
1081 5153 1136 5203 quo
1153 5133 1218 5186 velit
1234 5133 1357 5199 iutelliyi
1375 5140 1402 5186 ct
1421 5151 1452 5187 se
1471 5141 1497 5186 et
1518 5134 1592 5188 alios
1615 5136 1830 5189 resurrectionis
1849 5144 1917 5192 tem·

223 5235 248 5281 ct
265 5226 446 5289 sanctisunt,
464 5222 635 5292 ylorificutio
655 5221 834 5290 intelliyitur.
873 5221 1054 5289 Incorruptio
1079 5237 1150 5288 pore
1168 5220 1198 5272 in
1218 5236 1336 5287 corpore
1353 5221 1543 5289 reperiendos,
1561 5224 1684 5276 sednon
1702 5222 1863 5291 cumpro
1881 5240 1917 5278 co

223 5321 314 5367 autem
342 5312 451 5365 idcirco
481 5308 631 5364 communis
657 5315 696 5362 est
721 5308 857 5371 omnium,
888 5306 955 5375 quia
974 5307 1003 5360 in
1021 5324 1054 5362 eo
1081 5309 1159 5378 qssod
1185 5315 1225 5362 est
1247 5307 1356 5375 justos,
1387 5309 1423 5359 sle
1453 5325 1569 5376 quorum
1594 5314 1621 5361 ct
1639 5325 1690 5377 syo
1708 5327 1769 5362 sum
1788 5326 1919 5381 numero,

223 5398 442 5453 miserabiliores
474 5403 554 5451 erunt
583 5402 759 5464 peccatores,
793 5401 823 5447 nt
851 5395 892 5446 ad
917 5401 1054 5448 tor-menta
1081 5394 1139 5464 ipsi
1158 5394 1229 5447 enirn
1246 5395 1393 5463 rapientur
1417 5395 1523 5448 obor'urn
1547 5392 1661 5448 Cirristo
1684 5403 1709 5447 et
1733 5413 1790 5449 uon
1810 5414 1919 5464 peccu-

221 5486 353 5557 pcrpetui
367 5486 424 5540 sint
444 5492 469 5538 et
486 5502 542 5538 nou
560 5481 678 5536 mortali
694 5487 720 5535 ct
739 5481 920 5552 corruptibili
937 5498 1055 5549 corpore
1082 5488 1162 5536 tores.
1199 5480 1326 5535 Viventes
1348 5488 1441 5536 autern
1463 5498 1520 5535 non
1537 5481 1624 5549 juata
1640 5481 1829 5551 tropoloyiam
1849 5502 1919 5541 san·
