4104 6014
109 265 170 323 144
732 251 962 312 moranus
981 252 1183 335 44444444.

108 411 187 483 impii
223 416 316 468 4444114
352 409 477 466 membra
508 408 627 477 Christi,
655 425 829 480 consequens
862 406 944 470 ioret,
971 409 1112 462 4444411441·
1127 410 1158 463 in
1175 409 1350 479 pehennami
1366 408 1403 464 Et
1413 412 1526 481 postem
1544 411 1589 465 Ne
1601 425 1663 462 eum
1676 405 1806 463 caeteris

109 497 233 553 membra
257 497 394 569 quaedam
414 495 516 552 Christi
543 495 725 552 infernalibus
743 494 860 550 flammis
879 493 944 549 olim
970 510 1139 551 communem
1165 496 1393 563 vivificationem,
1423 497 1508 551 etiam
1528 502 1693 566 peccatores
1710 492 1806 547 coisti-

110 584 274 656 torqueuda,
294 588 323 639 44
340 583 381 637 414
392 599 457 653 pars
470 582 594 653 corporis
605 581 708 637 Christi
725 578 944 652 glorificandain
971 597 1064 635 mares
1086 598 1145 636 esse
1161 583 1275 651 salvos,
1298 581 1458 653 subJungit,
1480 599 1554 636 unus
1578 581 1695 650 quisque
1713 585 1806 632 autem

110 669 369 741 coelo,parsautem
377 665 945 740 torquendaminieruo,quodabsurdum.
972 666 1002 719 in
1021 685 1072 721 suo
1095 669 1204 725 ordine
1240 668 1390 722 Priatitiae
1407 666 1549 766 Christus,
1576 667 1679 720 deinde
1696 664 1733 729 11,
1756 662 1807 732 qui

1 755 92 847 ’ξζᾱψ
146 759 188 812 ti).
225 760 249 810 4.
278 755 324 808 Ee
346 754 532 808 absurdarum
554 754 756 808 concentione.
796 757 817 808 1.
843 750 904 808 si·
896 766 946 803 rm·
971 759 1034 806 eunt
1062 753 1182 822 Christi,
1212 755 1239 812 41.
1263 771 1286 810 4.
1310 755 1410 820 11414444
1432 761 1458 807 44
1483 753 1534 823 qui
1555 760 1620 806 sunt
1638 750 1807 821 probatiet

2 867 69 898 nso
71 868 96 898 ιι·
109 839 220 911 piorum
247 838 414 895 resumectio
440 844 514 895 44444
536 838 644 894 1144444
664 838 754 895 meriti
778 844 807 894 ct
826 851 946 893 resurre-
972 838 1294 895 bonaeeeistintationis.
1320 839 1633 896 Ambrosiusiucomm.
1648 844 1670 894 l.
1680 836 1743 893 Cor.
1759 841 1805 892 151

1 918 54 1002 ‘⁰22'
111 924 211 981 ationis
231 923 348 990 Christi,
377 939 550 996 consequeus
574 924 660 990 ioret,
689 941 750 980 eam
775 941 825 994 per
842 919 946 978 Christi
974 923 1047 986 Quia
1073 933 1192 993 peccato
1225 925 1345 980 hominis
1373 944 1450 981 mors
1475 925 1586 979 incenia
1612 931 1668 986 eet,
1699 921 1808 977 Christi

112 1010 341 1067 resurrectionem
372 1027 432 1065 esse
459 1015 648 1066 consecratam
677 1017 705 1065 et
736 1008 945 1075 sanctiticatam,
968 1010 1082 1078 justitia
1111 1012 1212 1065 4144414
1240 1012 1475 1067 resurrectionem
1501 1017 1681 1064 moratorum.
1728 1007 1808 1062 81444

112 1095 178 1151 inde
193 1095 266 1151 enim
284 1100 369 1168 44444
388 1096 452 1151 ideo
469 1095 594 1151 Christus
612 1112 645 1150 ex
664 1096 779 1151 mortuis
796 1094 945 1150 suscitatus
971 1096 1091 1150 enimin
1110 1097 1204 1151 Adam
1224 1114 1317 1152 omnes
1336 1097 1508 1167 4144144444,
1532 1097 1575 1150 iia
1594 1103 1621 1150 44
1644 1095 1675 1148 io
1693 1094 1806 1149 Christo

110 1185 227 1236 vocatur
243 1179 371 1256 ἀπαρχὴ,
391 1182 539 1252 primitiae
555 1183 753 1237 dormientium
774 1187 797 1237 1.
815 1180 878 1236 Cor.
905 1184 945 1248 15,
971 1199 1065 1237 omnes
1087 1184 1310 1252 vivificabuntur.
1347 1185 1410 1239 Hoc
1428 1183 1512 1251 dicit,
1534 1183 1603 1254 quia
1619 1181 1692 1236 sicui
1709 1180 1807 1233 Adam

110 1270 199 1323 410.
226 1266 292 1338 qnia
316 1267 481 1323 rerurrectio
499 1268 560 1338 ejus
578 1268 736 1324 4444414444
754 1273 782 1324 44
802 1270 946 1321 4411444144
968 1285 1090 1340 peccone
1111 1277 1228 1323 mortem
1256 1270 1361 1324 inuenit
1384 1276 1411 1322 44
1439 1285 1590 1345 4141144144
1612 1268 1675 1337 ejas
1699 1264 1807 1333 oripise

110 1352 278 1425 reliquorum
296 1352 438 1408 hominum
454 1355 682 1409 resurrectionem
703 1353 740 1410 ab
759 1368 793 1408 ea
811 1358 944 1423 tanquam
969 1356 1057 1408 tenuit
1079 1362 1110 1409 nt
1134 1355 1340 1423 dissoluantur,
1358 1355 1401 1408 ita
1420 1361 1445 1407 44
1469 1354 1596 1414 Christus
1612 1370 1669 1408 aaa
1683 1366 1807 1422 peccans

110 1454 196 1495 44444
220 1438 362 1494 meritoria
385 1438 604 1509 dependentem,
630 1439 704 1494 sicut
720 1457 771 1511 per
789 1436 943 1493 4411441444-
970 1447 997 1494 44
1017 1456 1072 1511 per
1100 1441 1151 1494 hoc
1175 1441 1288 1495 uincens
1312 1447 1426 1494 14444414
1446 1440 1528 1510 (quia
1546 1440 1596 1508 qui
1618 1455 1674 1492 non
1695 1441 1807 1508 peccat,

111 1525 214 1581 tionem
243 1529 272 1580 et
297 1524 467 1580 oblationem
495 1524 679 1595 primitiarum
708 1525 737 1580 in
760 1525 796 1581 V.
823 1523 856 1579 T.
883 1540 945 1578 san·
970 1526 1056 1580 vincit
1073 1533 1197 1592 mortem,
1221 1527 1290 1595 quia
1307 1543 1382 1580 mors
1402 1542 1435 1579 44
1448 1523 1585 1594 peceato)
1605 1523 1740 1587 4144114444,
1758 1520 1808 1589 qui

112 1610 228 1667 44144441
252 1611 438 1668 censebuntur
460 1611 568 1668 fructus
591 1611 690 1683 reliqui
714 1611 778 1666 Lev.
797 1615 838 1678 2³,
859 1628 885 1665 v.
905 1614 945 1666 10.
970 1619 1035 1664 esent
1056 1627 1088 1664 ee
1107 1612 1168 1681 ejus
1188 1628 1317 1682 corpore,
1331 1609 1481 1679 4444141414
1497 1609 1592 1679 odam,
1609 1610 1644 1662 id
1660 1615 1807 1662 444444444-

111 1696 196 1753 Dent.
223 1703 266 1763 26,
286 1702 310 1753 1.
360 1697 447 1767 Atqui
473 1697 624 1754 absurdum
650 1703 691 1754 est
715 1701 844 1759 statuere,
870 1695 945 1767 quod
969 1697 1126 1752 rectionem.
1164 1696 1296 1762 Quamvis
1313 1713 1380 1765 4444
1393 1695 1551 1765 pecualem
1566 1693 1697 1748 4414144414
1712 1709 1805 1748 444141·-

112 1798 162 1853 per
180 1782 284 1838 chricti
303 1783 531 1840 resurrectionem
552 1783 728 1839 sanctificata
745 1783 781 1837 sit
799 1781 944 1852 impiorum
969 1783 1127 1846 rectionem,
1144 1790 1176 1835 144
1194 1784 1266 1836 siout
1285 1783 1315 1836 in
1333 1783 1447 1835 Adane
1465 1797 1558 1835 omnes
1574 1781 1632 1835 er'rre
1654 1778 1731 1849 justi
1747 1779 1807 1832 4144

112 1869 290 1934 resurrectio,
319 1886 381 1924 cum
406 1871 513 1926 ratione
537 1870 642 1927 formae
664 1887 698 1925 44
715 1870 779 1925 linis
796 1867 945 1940 plurimum
971 1868 1073 1938 injusti
1104 1869 1275 1932 moriunucr,
1311 1869 1353 1923 ito
1381 1874 1408 1922 44
1440 1867 1470 1921 in
1492 1867 1604 1922 04441444
1632 1881 1725 1920 ornnes
1749 1871 1807 1918 4441

112 1954 228 2012 iurioem
249 1955 388 2011 differant
429 1962 452 2012 2.
478 1956 508 2013 si
527 1957 654 2013 Christus
673 1957 769 2013 merito
788 1972 837 2011 suo
856 1970 944 2009 resur-
972 1957 1114 2009 4444444444
1134 1972 1220 2025 quam
1238 1954 1400 2024 (4441444444
1417 1959 1579 2023 resurqant,
1597 1952 1663 2006 licet
1681 1953 1722 2006 ad
1735 1966 1807 2019 pce·

112 2041 261 2098 14441444111
283 2041 319 2097 ad
342 2040 479 2113 judicium
505 2048 533 2098 et
560 2042 767 2098 damnationem
784 2040 876 2111 impiis
894 2039 947 2094 im·
973 2058 1047 2110 nam,
1064 2041 1211 2095 increduli
1229 2048 1323 2093 tamen
1341 2038 1482 2104 vivificari
1500 2038 1640 2107 eicientur,
1660 2036 1730 2106 qaia
1745 2053 1807 2091 eor-

111 2126 947 2199 4444444441ιί4144444444444444444444411141144444
969 2142 1046 2196 pora
1066 2143 1120 2181 444
1141 2126 1277 2195 recipient
1295 2127 1363 2195 jam
1382 2143 1439 2178 non
1459 2125 1602 2194 merituri,
1625 2124 1678 2178 sed
1688 2123 1810 2191 passuri

112 2229 163 2285 per
187 2230 217 2268 se
235 2213 461 2269 attribuerentur.
498 2213 582 2268 Ratio
599 2213 776 2269 connexionis
798 2217 853 2278 est,
880 2211 947 2284 quia
973 2213 1003 2266 irs
1024 2212 1064 2264 414
1085 2228 1209 2281 poenam
1234 2212 1294 2265 sine
1312 2213 1388 2281 fine,
1412 2212 1490 2280 quod
1515 2212 1631 2264 creden
1647 2210 1807 2266 noluerunt.

112 2297 237 2355 Christus
259 2299 357 2355 merito
381 2315 432 2355 suo
449 2299 677 2356 resurrectionem
693 2299 729 2354 ad
749 2299 835 2352 vitam
854 2304 882 2353 et
901 2314 947 2352 sa·
973 2297 1149 2369 Augustinus
1165 2298 1195 2352 111
1215 2298 1331 2368 exposit.
1352 2297 1484 2354 inchoata
1499 2296 1579 2367 epist
1597 2296 1804 2354 1144144414.

112 2382 199 2440 lutam
222 2383 276 2455 piis
303 2384 469 2456 impetravit
510 2391 534 2441 3.
558 2384 588 2442 Si
604 2384 779 2440 resuscitatio
801 2384 947 2455 impiorum
973 2400 1037 2455 pag.
1059 2388 1123 2440 835:
1143 2387 1189 2439 Ee
1207 2385 1333 2454 ipsorum
1348 2383 1482 2455 (piorum)
1500 2385 1585 2437 etiam
1603 2382 1807 2436 resurrectione

113 2476 186 2526 esset
201 2469 309 2528 fructus
326 2471 416 2526 meriti
427 2470 539 2541 Christi,
559 2476 730 2542 sequeretur,
747 2469 872 2525 homines
891 2486 947 2525 non
968 2470 1201 2539 praedestinatus
1216 2476 1257 2523 444
1276 2469 1413 2538 Christus,
1432 2469 1551 2541 stipsis
1566 2468 1700 2537 princepe
1717 2470 1806 2534 114444,

113 2555 236 2628 potuisse
264 2573 282 2613 4
309 2562 396 2612 morte
421 2573 579 2629 resurgere,
615 2556 668 2611 uisi
698 2554 823 2611 Christus
850 2555 948 2611 fuisset
972 2563 1125 2610 ceterorum
1147 2562 1239 2609 4444111
1267 2556 1298 2608 in
1327 2572 1381 2609 4144
1407 2555 1566 2610 conditione
1593 2554 1805 2622 reescrpentium,

113 2647 236 2697 mortuus
256 2648 285 2697 et
303 2641 493 2698 resuscitatus.
540 2642 579 2697 At
596 2657 768 2712 consequeus
788 2648 831 2697 est
851 2641 947 2696 411441-
973 2641 1181 2710 conprinceps,
1201 2642 1254 2693 sed
1263 2641 1416 2710 judeeest.
1452 2640 1625 2710 Nostraque
1642 2639 1808 2694 atilionem

113 2728 195 2796 dum,
222 2725 290 2798 quia
314 2726 396 2782 homo
428 2733 543 2799 propter
570 2732 716 2799 peccatum
746 2726 892 2799 temporali
918 2732 948 2782 et
974 2734 1144 2781 mortuorum
1169 2727 1373 2780 remrrects'one
1393 2726 1624 2796 praedestinatus
1651 2732 1709 2793 444,
1736 2740 1808 2793 quos

112 2818 243 2868 aeternae
262 2812 343 2867 morli
360 2812 452 2868 factm
473 2819 533 2869 erat
551 2813 693 2870 obnoxius.
736 2821 763 2871 4.
782 2814 812 2871 si
831 2814 946 2870 1444441-
974 2821 1014 2868 est
1036 2815 1231 2867 devoraturus.
1268 2814 1517 2868 Praedestinatum
1542 2813 1616 2868 enim
1634 2827 1692 2866 esse
1709 2827 1744 2865 ee
1762 2829 1806 2867 re·

112 2899 183 2955 tatio
211 2897 357 2968 impiorum
387 2903 431 2953 est
453 2898 561 2955 fructus
575 2900 675 2976 ‚meriti
700 2900 818 2970 Christi,
850 2900 948 2973 ntique
972 2899 1144 2954 messene
1161 2906 1349 2963 mortuorum,
1375 2907 1406 2953 ut
1422 2901 1609 2969 praecederet
1628 2898 1808 2952 rmurrects'o·

113 2983 198 3039 etiam
217 2985 391 3041 contemtio
413 2984 560 3055 impiorum
588 2988 618 3041 in
638 2986 746 3042 inferno
768 2986 820 3042 erit
840 2986 947 3042 1144444
972 3001 1036 3040 nem
1056 2992 1239 3055 mortuorum,
1256 2984 1316 3039 cuit
1329 2984 1453 3056 intellipi
1465 2985 1629 3055 apostolus,¹
1648 2984 1699 3040 4144
1715 2990 1808 3039 auem

113 3069 204 3128 meriti
221 3069 340 3140 Christi,
365 3068 432 3142 quie
456 3076 487 3125 ut
504 3073 680 3128 resuscitatio
698 3073 760 3144 ipsa
779 3073 903 3144 praecise
919 3079 948 3128 44
971 3071 1141 3143 praecessit,
1164 3071 1214 3140 qui
1231 3073 1273 3124 ad
1290 3072 1381 3140 ipsum
1397 3072 1512 3127 coeleste
1529 3087 1661 3140 requam,
1687 3087 1741 3140 quo
1761 3085 1808 3124 eos

36 3214 41 3223 ,
112 3157 264 3213 formaliter
283 3158 342 3214 sine
359 3162 488 3227 respectu
507 3158 544 3213 ad
568 3158 723 3230 subjectum
742 3165 771 3214 44
789 3159 911 3215 finem
889 3177 947 3215 sive
971 3158 1132 3228 praecessit,
1151 3159 1356 3212 444444414444
1374 3163 1427 3213 444.

113 3260 286 3316 4444444444
305 3243 482 3300 considerata
500 3249 542 3298 444
560 3244 612 3299 1)41
630 3244 804 3307 beneficium,
826 3245 865 3301 ita
882 3243 1133 3309 444-611141
1158 3243 1327 3299 contrarium
1353 3242 1603 3313 44444444,111444
1632 3241 1842 3341 potissimumm
1820 3250 1898 3343 4444-

113 3330 233 3385 cenatio
258 3330 420 3385 existentiae
445 3330 569 3400 praecise
595 3336 623 3386 44
647 3329 801 3389 formaliter
824 3332 883 3387 sine
906 3347 947 3386 re·
973 3333 1090 3385 utuntur
1118 3328 1303 3401 argumentis,
1339 3336 1360 3385 1.
1388 3345 1420 3382 ec
1447 3328 1621 3399 oppositione
1648 3311 1861 3426 4444444144“,,,
1857 3305 1935 3394 ”pp

113 3420 212 3486 spectu
229 3416 267 3471 ad
283 3413 439 3486 subjectum
456 3421 485 3470 44
499 3414 645 3485 adJunctas
656 3432 761 3486 poenas
772 3418 947 3473 considerata
977 3423 996 3472 1.
1018 3415 1081 3473 Cor.
1103 3421 1142 3484 15,
1159 3432 1186 3473 r.
1201 3420 1249 3472 tt:
1272 3415 1352 3469 Sicut
1368 3431 1421 3484 per
1437 3414 1576 3468 hominem
1594 3431 1677 3483 mors,
1695 3414 1737 3467 414
1753 3430 1833 3513 per
1821 3408 1898 3445 ”²¹¹¹ss

84 3576 87 3580 ι
114 3505 157 3557 444
174 3501 228 3556 Ι)41
251 3500 426 3558 beneficium.
464 3501 571 3566 Quodsi
596 3516 664 3573 ergo
683 3503 775 3557 omnia
793 3503 847 3558 Dei
864 3504 945 3560 bene·
972 3503 1108 3558 hominem
1132 3503 1299 3556 resurreetio
1322 3509 1507 3569 mortiterum,
1538 3518 1564 3555 v.
1584 3504 1625 3555 te.
1645 3507 1671 3554 44
1690 3500 1761 3554 cieret
1776 3500 1807 3554 in
1820 3507 1904 3548 suoru

113 3586 179 3642 4414
195 3602 229 3641 ex
247 3586 345 3642 merito
358 3586 462 3642 Christi
481 3587 663 3656 descendunt,
681 3588 778 3658 utique
797 3589 879 3644 etiam
899 3589 947 3644 illa
976 3589 1085 3641 Adamo
1105 3604 1198 3641 amnes
1215 3589 1383 3650 moriuntur,
1401 3587 1441 3640 414
1461 3563 1936 3672 1404414444444444141-ῗᾚψ

113 3672 285 3729 consumatio
322 3679 351 3728 44
386 3672 537 3744 prohibitio
573 3672 744 3741 ἀνυπιιρξίιις
779 3691 811 3729 41
849 3675 946 3730 merito
972 3674 1136 3737 ficaburttur.
1172 3674 1261 3743 Aqui·
1282 3674 1319 3727 44
1336 3673 1484 3727 Adarin
1472 3691 1502 3726 sn
1518 3689 1611 3728 omnes
1630 3673 1741 3727 41114144
1759 3673 1940 3726 441-14414444·

1820 3735 1849 3774 ap
1851 3727 1913 3765 estol
1906 3724 1955 3765 1144

113 3757 216 3814 Christi
254 3757 411 3813 descendet
467 3767 490 3814 5.
522 3758 551 3813 si
590 3759 767 3814 resuscitatio
801 3761 945 3831 impiorum
973 3760 1577 3830 4114444144441441444144444444444114,
1596 3760 1767 3827 4444441414
1787 3775 1910 3818 41441.

1820 3826 1886 3875 lh..v
1899 3827 1936 3870 22.

114 3849 226 3901 aetemo
256 3842 339 3899 exitio
372 3842 622 3914 adjudicandorum
649 3851 692 3899 est
723 3845 829 3901 fructus
856 3847 946 3902 meriti
976 3846 1117 3900 Christo'
1105 3864 1135 3900 sn
1153 3862 1246 3903 amites
1264 3847 1389 3901 homines
1402 3846 1470 3916 pios
1484 3847 1536 3900 44
1523 3845 1625 3915 impios
1638 3845 1853 3900 resurrectio·
1820 3877 1892 3922 „a

114 3928 1130 4003 (1111144144444444114444,14414444441444114144414·4444141444.
1165 3929 1805 4031 114444444444·144144441441444444415.

113 4015 248 4071 dicendos
271 4031 367 4070 rerera
392 4031 452 4070 esse
473 4015 624 4084 participes
649 4015 738 4070 meriti
765 4016 876 4074 Christi.
908 4019 947 4072 At
973 4035 1027 4074 non
1049 4018 1084 4072 de
1101 4019 1305 4071 resurrectione
1322 4018 1486 4086 uniuersali,
1509 4017 1562 4089 piis
1579 4017 1630 4074 44
1622 4017 1715 4088 impiis
1734 4034 1806 4073 com·

114 4118 287 4174 consequens
310 4106 353 4157 444
376 4101 546 4171 4114414441,
571 4102 619 4172 441
642 4103 715 4157 enim
740 4103 769 4157 in
787 4102 831 4159 die
846 4103 947 4174 judicii
973 4104 1058 4171 muni,
1076 4103 1104 4156 in
1122 4118 1232 4173 genere,
1251 4102 1299 4157 sed
1315 4102 1350 4157 de
1364 4105 1570 4158 resurrectione
1582 4105 1699 4174 piorum
1716 4103 1806 4158 deter-

114 4203 212 4243 rerera
233 4188 373 4259 particeps
400 4189 452 4244 erit
469 4187 577 4243 fructus
598 4188 688 4243 meriti
705 4188 821 4255 Christi,
850 4189 874 4243 is
892 4206 947 4243 non
973 4190 1077 4244 minate
1096 4194 1124 4244 et
1144 4189 1171 4243 in
1191 4188 1282 4258 specie
1302 4188 1432 4260 loquitur,
1451 4197 1483 4245 ut
1502 4190 1714 4262 chrysostomus
1732 4190 1805 4246 hom.

114 4272 324 4344 adjudicabitur
343 4277 454 4329 aeterno
469 4274 561 4343 exitio,
580 4274 628 4330 sed
648 4275 742 4345 potius
760 4274 844 4329 vitam
859 4280 946 4330 aeter·
974 4282 1015 4334 39.
1042 4275 1070 4329 14
1097 4281 1119 4330 1.
1140 4274 1200 4329 Cor.
1228 4274 1313 4332 Luth.
1338 4276 1367 4329 iu
1393 4293 1489 4331 comm.
1514 4276 1596 4348 hujus
1620 4275 1674 4330 loci
1698 4280 1805 4333 4411111.

114 4375 178 4414 nam
190 4357 291 4413 Christi
311 4358 409 4413 merito
429 4365 537 4429 partam
555 4359 700 4416 obtinebit
738 4366 762 4416 4.
781 4360 812 4414 Si
830 4361 946 4416 resusci·
973 4360 1035 4416 Jeu.
1059 4359 1078 4414 f.
1106 4365 1165 4416 231.
1190 4359 1335 4425 Η444144,
1361 4360 1503 4433 Rungius,
1530 4361 1685 4416 Balduinus
1707 4367 1737 4416 44
1758 4360 1806 4416 4111

113 4443 183 4500 44414
202 4443 348 4512 impiorum
367 4448 409 4497 eet
424 4443 532 4499 tructus
545 4445 635 4501 meriti
647 4445 758 4509 Christi,
776 4463 947 4517 consequens
972 4455 1049 4503 recte
1065 4452 1199 4501 44444444.
1232 4445 1356 4502 14441111
1376 4447 1517 4518 colligitur
1533 4463 1567 4501 ec
1585 4448 1807 4502 antecedentium

114 4534 173 4598 est,
191 4526 405 4599 applicationem
426 4529 517 4584 meriti
536 4530 638 4586 Christi
656 4529 763 4602 absque
781 4530 837 4586 fide
856 4532 946 4588 locum
974 4541 1000 4589 et
1024 4533 1245 4603 consequentium
1270 4534 1506 4589 coadunatione.
1540 4532 1677 4605 quuitur
1697 4540 1805 4605 aposto·

113 4615 225 4672 habere.
267 4611 445 4682 Consequens
464 4622 603 4688 repugnat
617 4617 763 4673 universae
781 4618 947 4688 Scripturas,
973 4619 1017 4674 lus
1044 4620 1078 4674 de
1097 4618 1144 4685 iis,
1169 4620 1268 4689 441444
1283 4620 1458 4687 esanpdium
1471 4620 1703 4688 praedicaverat,
1729 4621 1807 4690 quod

114 4701 219 4773 quippe
244 4714 315 4770 qnae
332 4702 463 4768 44444441,
495 4701 706 4772 acquisitionem
725 4702 837 4772 quidem
856 4703 947 4759 meriti
973 4707 1058 4760 etiam
1084 4713 1265 4775 acceperant,
1294 4706 1324 4759 in
1350 4723 1404 4775 qao
1430 4708 1515 4759 etiam
1539 4706 1652 4760 stabant
1669 4724 1694 4762 v.
1716 4711 1738 4760 1.
1759 4707 1808 4775 qui

113 4802 174 4842 esse
196 4782 396 4847 universalem,
421 4784 471 4838 sed
494 4786 707 4854 applicationem
730 4794 845 4859 propter
862 4788 946 4844 homi·
976 4792 1119 4848 Christum
1139 4807 1172 4844 ee
1190 4791 1518 4846 41144414144444441444414
1536 4796 1598 4846 444
1617 4792 1733 4847 44441144
1752 4791 1808 4847 4414

113 4889 179 4927 4441
207 4869 428 4928 incredulitatem
459 4868 519 4925 fieri
552 4874 756 4940 particularem.
812 4876 947 4932 Videatur
973 4878 1065 4950 dignis
1089 4877 1179 4932 visum
1204 4878 1295 4942 faisse
1317 4880 1498 4932 crediderant
1528 4895 1552 4932 v.
1574 4883 1599 4934 3.
1625 4884 1654 4934 44
1672 4895 1748 4950 4444.
1769 4878 1807 4934 lo·

113 4959 247 5031 scriptum
276 4955 407 5012 Balduini
436 4955 557 5027 theologi
594 4958 700 5027 eximii,
742 4961 822 5016 amici
860 4963 946 5019 nostri
974 4966 1069 5036 quitur
1090 4963 1125 5017 de
1145 4964 1347 5019 resurrectione
1367 4980 1470 5033 eorum,
1488 4965 1537 5033 qui
1550 4965 1762 5019 obdormierunt
1777 4966 1808 5018 in

115 5044 264 5117 singularis
290 5043 325 5100 de
349 5043 401 5098 hac
427 5042 589 5114 quaestione
608 5043 642 5099 D.
663 5045 699 5100 Η.
720 5046 753 5102 Β.
782 5049 947 5118 oppositum,
974 5051 1086 5105 Christo
1110 5067 1134 5103 r.
1155 5054 1194 5104 18.
1220 5051 1300 5118 atqui
1325 5049 1355 5101 in
1373 5050 1496 5103 Domino
1521 5052 1594 5105 mori
1609 5050 1719 5121 piorum
1737 5051 1810 5118 dun,

13 5131 189 5203 1*·1⁷·quod
213 5135 357 5186 comment.
382 5128 411 5183 14
431 5136 453 5185 1.
471 5127 531 5183 Cor.
552 5144 616 5199 pag.
636 5136 693 5186 818.
712 5134 888 5202 postmodum
906 5134 946 5187 in·
973 5141 1051 5191 taxat
1074 5134 1216 5206 proprium
1234 5139 1277 5190 est
1294 5134 1381 5206 Apoc.
1403 5141 1442 5202 14,
1460 5155 1485 5191 v.
1510 5137 1693 5210 1314441441
1713 5139 1748 5193 de
1766 5154 1808 5192 re·

112 5217 207 5272 seruit
974 5221 1144 5277 surrectione
1170 5237 1280 5289 441441,
1310 5221 1357 5293 441
1387 5223 1539 5279 4111444414ιί
1565 5232 1656 5279 essent
1685 5225 1808 5280 omnium

148 5306 190 5356 oo.
220 5301 297 5356 Idem
320 5301 462 5357 nobiscum
478 5306 605 5357 statuunt
620 5301 660 5373 pii
678 5308 800 5372 veteres,
827 5302 946 5374 Chryso·
973 5307 1129 5376 hominum,
1147 5307 1176 5360 41
1192 5325 1248 5362 non
1265 5316 1336 5362 esset
1353 5312 1533 5378 retro-rectio,
1549 5312 1596 5382 qui
1617 5312 1646 5367 111
1667 5312 1807 5368 Christum

112 5392 217 5442 4444144
236 5386 264 5441 14
286 5393 306 5443 1.
321 5387 382 5443 Cor.
402 5388 477 5443 hom.
492 5394 537 5443 39:
558 5388 634 5452 Quid
651 5403 717 5442 cero
735 5388 871 5458 dicropa
890 5407 946 5444 oru-
973 5399 1124 5461 spuerunt
1142 5393 1199 5447 siue
1219 5395 1399 5450 credideritne
1415 5396 1445 5450 in
1456 5397 1580 5452 haesita
1594 5414 1619 5450 r.
1637 5403 1675 5454 19.
1690 5415 1806 5469 44414111

111 5490 160 5532 4144
186 5473 401 5541 oiosJieubuntur
427 5474 458 5528 in
480 5474 611 5531 Christo!
624 5481 650 5530 44
667 5473 716 5531 441
734 5483 811 5539 sunt,
833 5477 883 5545 qut
900 5477 947 5536 44·
974 5475 1085 5551 ἀπαρχὴ
1104 5478 1162 5534 eive
1175 5479 1323 5549 primitiae
1343 5481 1470 5539 04414444
1488 5482 1518 5539 ia
1535 5484 1738 5541 resurrections
1756 5501 1808 5539 444
