4104 6014
224 255 286 315 284
824 247 947 308 Locus
966 241 1173 307 VIGESIMUS
1192 244 1339 305 SEXTUS

224 411 384 457 raucarum
401 404 495 471 pieria
516 412 542 459 et
560 405 741 475 beatitudine,
759 422 794 459 an
813 405 920 460 scilieet
939 407 1062 476 ipsorum
1094 399 1131 453 ab
1158 401 1268 472 objecta
1292 402 1461 458 adorationis
1479 419 1570 472 omne,
1599 403 1673 474 quod
1699 420 1755 459 non
1784 410 1826 460 est
1852 402 1932 460 Deus

225 489 334 543 animae
361 506 456 544 somno
484 507 632 560 oppressae
647 491 805 546 antediem
832 490 933 560 Judicii
959 491 1063 546 otiosae
1090 502 1141 555 per
1160 488 1308 542 essentiam
1326 505 1378 542 nec
1396 489 1456 544 Deo
1482 490 1664 559 personaliter
1680 490 1797 546 unitum.
1834 491 1931 557 Quare

225 580 360 644 torpeant,
379 591 415 628 an
435 591 502 630 vero
519 577 633 632 coelesti
653 576 742 648 gloria
762 584 791 631 et
809 576 982 632 beatitudine
1000 593 1063 631 eum
1091 589 1155 626 cnm
1179 573 1304 628 defuncti
1328 575 1417 630 sancti
1446 593 1498 631 nec
1517 577 1573 631 sint
1597 576 1675 632 Dens
1700 593 1750 647 per
1772 577 1930 641 essentiam,

226 659 334 714 Christo
354 660 382 713 in
404 662 489 715 coelis
509 661 695 732 perfruantur,
736 662 879 717 Pontificii
899 663 1011 732 quidem
1030 679 1063 717 ex
1091 674 1143 713 nec
1155 661 1216 714 Deo
1231 661 1412 730 personaliter
1429 661 1509 728 uuiti,
1527 679 1698 735 munequens
1711 670 1760 730 est,
1779 663 1853 734 qnod
1873 679 1929 717 non

225 762 266 810 eo,
286 744 360 816 qnod
380 751 538 801 sanctorum
550 748 751 803 invocationem
770 765 913 819 negamus,
934 748 1065 813 inierunt,
1092 745 1182 798 minus
1202 763 1285 816 qnam
1307 747 1431 817 reliquae
1456 754 1600 802 creaturae
1624 765 1642 802 a
1664 748 1812 819 religiosae
1829 748 1930 803 adora·

225 848 275 886 nos
300 838 536 903 ψιχοπαννυχίαν
555 833 717 900 defendere,
738 834 845 888 animas
871 839 1028 887 sanctorum
1047 848 1065 885 a
1091 831 1174 885 tionis
1192 830 1302 902 objecto
1324 833 1428 887 exclusi
1445 833 1646 905 intelligantur.
1690 834 1825 889 Minorem
1844 841 1932 906 negat

225 916 351 972 coelestis
376 918 482 990 gloriae
506 919 644 974 consortio
668 926 696 973 et
726 918 855 974 beatifica
880 919 934 974 Dei
960 918 1065 973 visione
1091 915 1226 971 Pistoriae
1252 919 1281 972 in
1306 918 1405 990 hadeg.
1429 937 1457 989 p.
1481 924 1541 977 280.
1566 920 1607 974 sic
1626 919 1762 974 scribens:
1788 922 1931 989 Naspiam

226 1001 388 1067 excludere,
411 1004 485 1059 unde
508 1004 692 1059 Bellarminus
716 1004 763 1058 lib.
788 1011 810 1061 l.
831 1005 867 1060 de
886 1004 960 1060 beat.
977 1006 1064 1057 sanct.
1092 1003 1121 1056 in
1153 1011 1212 1058 tota
1245 1004 1396 1073 Scriptura
1423 1013 1625 1074 pracceptum,
1653 1013 1684 1058 ut
1717 1006 1808 1059 solum
1836 1007 1930 1060 Deum

226 1103 249 1140 c.
271 1093 291 1142 1.
316 1087 450 1144 Friderici
481 1089 610 1161 staphyli
640 1089 807 1144 calumniam
826 1090 952 1161 repetit,
988 1090 1066 1158 quod
1091 1091 1242 1142 adoremus
1264 1091 1308 1143 ccl
1334 1091 1503 1156 invocemus,
1533 1091 1581 1144 sed
1606 1089 1776 1145 confirmatio
1804 1091 1930 1161 ejusdem

226 1174 366 1229 laoderus
386 1176 416 1229 in
432 1177 671 1244 praelectionibus
689 1193 774 1245 super
791 1175 914 1231 Genesin
928 1175 1064 1242 statuarii,
1090 1173 1216 1244 depromi
1244 1181 1349 1246 potest,
1386 1181 1410 1230 1.
1451 1193 1484 1230 cc
1516 1176 1678 1239 manifestis
1713 1183 1740 1229 et
1768 1178 1930 1246 perspicuis

224 1261 335 1313 animas
359 1278 452 1315 omnes
477 1270 639 1315 sannorum
670 1265 820 1332 usquead
842 1263 970 1316 ultimum
987 1262 1062 1315 diem
1092 1261 1259 1329 Scripturas
1279 1263 1371 1318 dictis.
1408 1261 1492 1318 Deut.
1512 1269 1541 1331 6,
1561 1279 1586 1315 v.
1609 1268 1649 1319 13.
1666 1261 1765 1318 Matth.
1782 1269 1811 1328 l,
1835 1280 1862 1317 v.
1884 1269 1929 1317 10:

219 1345 330 1413 judicii
346 1349 457 1402 savari
485 1349 514 1400 in
539 1349 707 1416 quibusdam
738 1348 843 1400 abditis
868 1347 1061 1416 receptaculis,
1090 1345 1244 1399 Dominum
1262 1348 1356 1401 Deum
1375 1357 1450 1401 tuum
1475 1348 1609 1403 adorabis
1632 1356 1657 1400 et
1677 1349 1726 1402 illi
1741 1349 1799 1402 soli
1814 1349 1928 1404 seruies.

223 1432 273 1485 nbi
291 1448 342 1487 nec
363 1437 454 1487 Deum
474 1434 597 1502 uideant,
613 1451 663 1488 nec
682 1434 780 1487 beatae
799 1434 860 1486 daci
871 1433 990 1502 possim,
1006 1433 1064 1484 aiei
1089 1430 1195 1486 Psalms
1211 1439 1258 1500 50,
1282 1449 1308 1488 v.
1330 1439 1375 1489 lb:
1406 1435 1513 1487 Inuoco
1531 1451 1573 1488 me
1602 1434 1633 1487 in
1652 1435 1699 1488 die
1727 1434 1928 1491 tribulationis.

224 1518 255 1570 in
270 1535 325 1587 spe.
357 1519 412 1573 Sed
433 1525 462 1573 et
481 1518 605 1573 Luthero
625 1524 653 1574 et
670 1517 750 1572 nobis
768 1518 937 1574 luculentam
954 1517 1062 1572 faciunt
1089 1516 1151 1572 Esa
1171 1524 1217 1586 bb,
1241 1534 1265 1573 v,
1287 1523 1318 1573 b:
1345 1521 1479 1573 Invocats
1500 1519 1667 1587 Dominum,
1687 1520 1754 1572 dam
1766 1537 1858 1589 prope
1878 1527 1926 1579 est,

224 1604 370 1674 injuriam,
396 1611 429 1658 ut
452 1621 486 1658 ex
505 1604 574 1670 illis,
601 1620 673 1675 quae
700 1604 827 1674 superins
850 1603 886 1658 de
909 1604 1062 1658 animarum
1089 1607 1176 1673 Apoc.
1200 1611 1243 1670 ll,
1274 1623 1300 1659 v.
1322 1611 1350 1659 t:
1384 1607 1512 1659 Adorota
1529 1622 1598 1672 mm,
1617 1607 1669 1673 qui
1686 1605 1757 1670 fecit
1776 1606 1883 1659 coelum
1900 1613 1927 1658 ct

224 1695 381 1744 sanctarum
401 1695 465 1758 post
481 1695 598 1744 mortem
612 1695 687 1743 stetu
704 1695 733 1745 et
746 1689 906 1745 conditione
921 1690 1063 1759 disputata
1089 1696 1202 1743 terram.
1248 1693 1275 1743 2.
1293 1691 1340 1743 Ea
1363 1691 1455 1743 uerbis
1481 1691 1612 1743 mandati
1639 1691 1734 1746 dicim.
1777 1689 1865 1744 Exod.
1883 1695 1927 1758 20,

224 1781 303 1844 suut,
330 1779 427 1846 patere
456 1779 556 1845 potest.
596 1775 655 1831 Nos
675 1774 877 1831 beatitudinem
901 1779 1058 1831 sanctornm
1088 1793 1114 1831 v.
1133 1780 1157 1830 3.
1175 1775 1295 1844 Danti,
1314 1795 1339 1832 v.
1359 1782 1387 1831 t:
1407 1778 1474 1829 Non
1491 1777 1604 1830 babebis
1616 1780 1683 1830 deos
1700 1777 1811 1830 diones
1828 1794 1926 1830 corani

225 1861 308 1916 etiam
323 1867 389 1916 ante
409 1860 483 1915 diem
499 1860 600 1930 judicii
618 1861 886 1933 minimeuegsmus,
906 1861 955 1918 sed
974 1877 1007 1916 ex
1028 1878 1061 1916 ea
1088 1877 1139 1914 nse.
1177 1860 1232 1924 Qui
1252 1861 1358 1915 cultum
1375 1867 1404 1915 et
1422 1862 1554 1916 honorem
1578 1861 1724 1932 religiosae
1744 1860 1926 1917 invocationis

142 1984 147 1993 ·
227 1948 432 2002 invocationem
456 1963 551 2002 eornm
576 1947 734 2018 religiosam
760 1948 823 2003 elici
851 1964 933 2019 posse
956 1946 1062 2002 inficias
1088 1946 1138 2001 soli
1159 1945 1219 2001 Deo
1240 1947 1365 2002 debitum
1384 1948 1516 2002 transfert
1537 1948 1573 2002 ad
1591 1948 1768 2018 peregrinum
1788 1952 1818 2002 et
1836 1953 1926 2002 extra·

224 2033 303 2090 imus.
345 2032 475 2089 Viderint
502 2039 595 2089 antem
616 2033 768 2100 Pontificii,
799 2034 937 2106 quomodo
956 2033 1060 2089 lohan-
1089 2051 1172 2088 neum
1190 2032 1346 2104 objectum,
1375 2033 1527 2088 introducit
1553 2033 1618 2087 deos
1638 2033 1743 2088 alienos
1760 2039 1789 2088 et
1808 2033 1926 2105 gloriam

223 2136 288 2173 nem
305 2118 401 2172 XXII.
422 2118 581 2189 pontificem
604 2119 760 2175 Romanurn
786 2137 804 2173 a
826 2125 1061 2191 ιρυχοπαννυχίας
1089 2119 1140 2173 soli
1158 2119 1220 2174 Deo
1239 2119 1379 2189 propriam
1404 2119 1483 2174 alteri
1513 2120 1618 2176 tribuit.
1661 2119 1801 2173 Probatur
1820 2119 1873 2173 hoc
1891 2135 1924 2172 er

227 2205 357 2276 dogmate
384 2205 504 2260 liberare
527 2205 645 2275 possint,
669 2221 732 2260 cnm
752 2205 776 2259 is
799 2204 912 2277 publice
928 2205 1062 2274 docuerit,
1088 2223 1110 2262 e
1131 2212 1172 2262 20.
1191 2205 1279 2262 Exod.
1298 2223 1324 2259 r.
1345 2211 1368 2261 3.
1395 2212 1543 2277 postquam
1567 2208 1641 2261 enim
1660 2205 1849 2276 prohibuisset
1869 2205 1925 2260 Do·

228 2289 413 2345 declaraverit
432 2295 461 2344 et
480 2289 516 2345 ab
537 2291 664 2346 omnibus
681 2291 769 2349 teneri
781 2290 967 2359 mandaverit,
987 2295 1064 2361 quod
1088 2291 1193 2356 minus,
1213 2292 1418 2345 rehabeamus
1434 2295 1515 2345 Deos
1537 2293 1661 2361 alienos,
1686 2292 1832 2362 subjungit
1850 2309 1875 2345 v.
1895 2297 1925 2346 l:

229 2379 342 2431 animae
358 2384 499 2447 purgatae
521 2385 587 2432 ante
601 2378 693 2447 finale
706 2378 851 2446 judicium
869 2396 925 2432 non
943 2379 1064 2432 babeant
1088 2378 1154 2431 Non
1190 2378 1284 2441 facies
1316 2378 1368 2431 tibi
1389 2378 1520 2446 sculptile
1550 2385 1602 2435 etc.
1630 2396 1686 2432 non
1714 2379 1852 2431 adorabis
1875 2394 1926 2431 nec

225 2465 343 2529 stolam,
363 2479 435 2533 puae
455 2471 496 2516 cst
514 2463 597 2516 clara
618 2471 643 2516 et
657 2464 777 2527 facialis
795 2465 855 2518 Dei
871 2464 957 2528 auio,
972 2473 1004 2517 ut
1031 2483 1063 2518 cr
1089 2463 1162 2516 coles
1181 2480 1227 2532 ea,
1244 2480 1277 2519 eo
1295 2465 1355 2535 ipso
1376 2465 1531 2530 ostendens,
1549 2465 1624 2534 qnod
1645 2464 1814 2518 adorationis
1833 2464 1925 2518 cultus

228 2550 357 2616 Occamo,
380 2549 514 2613 Gorneae,
534 2548 674 2602 Massilia
694 2554 747 2606 etc.
768 2548 914 2604 docuimus
927 2550 1061 2621 superius.
1089 2548 1198 2604 delatus
1233 2549 1283 2603 ulli
1312 2549 1396 2603 alieni
1424 2549 1534 2619 objecto
1552 2554 1709 2619 praeterat
1733 2554 1811 2604 exue
1836 2551 1924 2604 solnm

95 2654 192 2696 mnia·
263 2640 321 2691 ate.
357 2633 444 2689 Hisce
474 2635 509 2689 de
529 2650 594 2689 vero
617 2633 786 2705 quaestionis
806 2639 881 2690 statu
903 2635 1062 2705 praemissis
1087 2652 1183 2690 verum
1202 2635 1293 2688 Deum
1322 2634 1480 2690 introducat
1506 2636 1573 2691 deos
1600 2636 1706 2691 alienos
1730 2643 1758 2690 et
1782 2635 1870 2691 saciat
1889 2652 1922 2691 cx

96 2705 205 2798 {2¹32ssssss
228 2727 326 2777 centn
354 2720 556 2777 invocationem
586 2728 744 2776 sauctorum
775 2727 940 2793 argumenta
969 2727 1063 2776 nostra
1088 2719 1152 2786 illis,
1173 2721 1275 2792 quibus
1298 2719 1433 2785 defertur,
1462 2721 1528 2776 deos
1547 2721 1661 2776 alienos.
1706 2724 1732 2777 3.
1752 2723 1799 2775 Ec
1817 2724 1921 2775 ‹lesui-

96 2817 207 2901 ffifff·
227 2807 415 2881 producimus,
435 2807 593 2878 generalem
607 2807 680 2863 hunc
697 2807 890 2879 syllogismum
908 2824 1062 2878 proponen-
1083 2810 1182 2880 ptione
1214 2808 1317 2876 objecti
1347 2808 1530 2862 invocationis
1555 2809 1586 2860 in
1616 2808 1773 2876 Scripturis
1802 2809 1922 2862 andita

97 2909 214 2952 teones·
227 2900 277 2951 tes.
322 2894 464 2964 Quidquid
494 2899 522 2950 lq
539 2911 590 2949 nec
611 2896 683 2959 Dei,
707 2900 730 2951 2.
749 2911 801 2950 nec
820 2893 940 2959 Christi,
968 2899 992 2947 3.
1010 2909 1062 2948 nee
1089 2892 1233 2963 Scriptura
1251 2893 1286 2948 de
1302 2893 1477 2949 invocatione
1494 2893 1533 2947 sic
1547 2893 1636 2963 docet,
1655 2893 1729 2964 quod
1747 2893 1777 2945 in
1793 2893 1923 2963 precibus

96 2963 128 3006 ²¹⁰
141 2963 192 3003 ¹³⁸¹·
227 2989 402 3048 sannorum,
427 2986 453 3035 4.
477 2995 529 3034 nee
554 2981 740 3033 invocationis
762 2981 915 3049 relipiosac
938 2979 1061 3034 conditio
1088 2981 1188 3033 nostris
1208 2977 1374 3048 compellare
1394 2978 1546 3033 debeamus
1565 2978 1654 3032 Deum
1679 2996 1765 3033 unum
1783 2979 1812 3032 in
1830 2995 1922 3033 essen·

225 3067 375 3138 permittit,
394 3066 465 3120 illud
489 3065 518 3119 in
535 3064 653 3120 ecclesia
670 3065 819 3136 approbari
838 3065 950 3120 minime
968 3064 1059 3121 debet
1087 3064 1127 3119 tia
1146 3071 1175 3120 st
1191 3064 1294 3119 binum
1311 3064 1339 3118 iu
1356 3065 1490 3135 personis,
1508 3065 1619 3119 Patrem
1638 3064 1752 3135 scilicet,
1770 3064 1873 3118 Filium
1888 3081 1921 3120 ae

223 3155 290 3208 lam
308 3169 374 3210 vero
386 3157 497 3208 sanctos
509 3150 632 3206 invocari
654 3157 677 3207 l.
690 3167 742 3206 nee
756 3152 823 3218 Dei,
843 3157 868 3209 2.
880 3166 932 3207 nee
946 3151 1060 3216 Obrssti,
1088 3149 1220 3220 Spiritum
1234 3168 1256 3207 s.
1277 3150 1325 3221 qui
1343 3150 1482 3221 promisit,
1509 3149 1583 3220 qnod
1608 3167 1658 3205 nos
1683 3151 1719 3204 sit
1737 3149 1859 3221 benigne
1876 3167 1922 3205 ex·

224 3245 248 3295 3.
266 3257 319 3294 nec
336 3246 504 3301 sanctorum,
522 3242 547 3293 l.
565 3253 617 3291 nec
633 3237 724 3306 ipsius
737 3237 890 3307 relipiosae
908 3239 1058 3292 inuocatio-
1087 3235 1245 3303 auditurus,
1274 3236 1377 3307 quique
1401 3241 1494 3307 potest
1522 3236 1603 3292 nobis
1632 3237 1762 3303 anxilari,
1796 3252 1860 3291 cnm
1885 3235 1923 3291 sit

222 3327 268 3379 nis
293 3324 415 3379 conditio
436 3322 579 3394 permittit.
630 3321 705 3393 Ergo
734 3328 891 3376 sanctornm
921 3323 1059 3378 invocatio
1087 3323 1266 3393 omnipotens.
1320 3322 1365 3376 De
1395 3322 1445 3376 tali
1479 3322 1669 3388 invocatione,
1701 3340 1774 3394 quae
1804 3324 1841 3377 ad
1870 3323 1922 3378 boe

223 3412 253 3466 in
282 3409 399 3465 ecclesia
426 3408 575 3480 approbari
604 3408 716 3463 minim0
744 3407 835 3464 debet.
881 3408 926 3463 De
954 3409 1059 3478 majore
1086 3406 1225 3478 objectum
1246 3407 1374 3479 dirigitur
1392 3414 1420 3462 et
1437 3424 1471 3463 ex
1488 3407 1544 3463 lide
1562 3408 1760 3479 proficiscitur,
1779 3409 1923 3480 Scriptura

221 3496 300 3551 nulla
333 3502 425 3567 potest
458 3511 518 3550 csse
552 3494 698 3549 dubitatio.
749 3493 841 3549 Minor
869 3510 920 3565 per
950 3494 1061 3565 singula
1086 3501 1217 3564 astabit,
1237 3495 1312 3566 quod
1332 3495 1369 3548 sit
1389 3510 1467 3563 vers,
1486 3496 1546 3549 Deo
1565 3503 1647 3566 grata
1664 3503 1693 3551 ct
1711 3495 1825 3563 efficax,
1846 3495 1921 3566 qnod

223 3581 348 3638 membra
366 3588 409 3636 eet
429 3579 651 3636 demonstranda.
695 3577 819 3632 Primum
839 3578 993 3634 membrum
1016 3595 1058 3634 as·
1086 3597 1136 3651 per
1162 3597 1221 3636 eam
1239 3581 1387 3652 impetrare
1411 3581 1548 3651 possimus
1573 3582 1679 3650 omnia,
1709 3598 1781 3652 quse
1801 3583 1921 3637 suntad

223 3667 366 3722 snmtionis
384 3667 424 3720 sic
435 3663 528 3729 hebet,
547 3664 622 3734 quod
636 3664 758 3720 conditio
773 3663 827 3718 Dei
839 3682 894 3719 non
906 3666 1059 3736 permittat,
1085 3667 1158 3720 hanc
1183 3673 1212 3722 et
1233 3668 1354 3722 futuram
1379 3669 1466 3722 vitam
1487 3671 1650 3724 accusaris.
1694 3667 1831 3738 Nuspiam
1856 3684 1921 3723 vero

223 3759 333 3808 sanctas
351 3752 480 3823 religiose
503 3750 632 3805 invocari.
675 3749 749 3804 Illud
769 3749 989 3807 demonstramus
1006 3751 1059 3807 hoc
1087 3758 1199 3808 saneim
1217 3753 1364 3824 religiosae
1382 3754 1563 3807 invocationis
1582 3754 1724 3823 objectum
1742 3754 1847 3821 statuit,
1866 3770 1922 3824 quo

224 3844 396 3912 argumento.
448 3837 639 3906 Quodcunque
674 3836 723 3890 uui
759 3843 786 3892 et
823 3837 875 3892 soli
906 3855 971 3894 vero
998 3839 1058 3894 Deo
1085 3839 1146 3909 ipso
1166 3839 1378 3909 intelligendum
1390 3839 1529 3910 relinquit,
1549 3840 1706 3911 religiosam
1718 3839 1927 3910 invocationem-

127 3958 131 3963 -
223 3925 364 3997 competit,
382 3922 452 3978 illud
474 3921 577 3976 sanctis
597 3937 651 3974 nou
668 3926 762 3992 potest
784 3938 836 3978 nec
856 3923 941 3979 debet
958 3924 1058 3978 desani
1086 3940 1147 3980 esse
1171 3926 1276 3979 cultum
1300 3925 1351 3980 soli
1377 3924 1438 3980 Deo
1462 3925 1596 3980 debitum.
1646 3930 1668 3980 4.
1688 3928 1734 3979 Ea
1751 3925 1921 3978 accusariis

219 4013 301 4082 juxta
325 4010 438 4066 evidens
458 4007 582 4064 dehovae
606 4007 720 4062 effatum
746 4006 793 4062 Es.
818 4013 865 4076 42,
892 4027 918 4063 v.
937 4015 965 4065 8:
996 4012 1059 4077 Epo
1085 4013 1276 4081 requisiistis
1295 4013 1401 4080 obiecto
1419 4011 1610 4065 invocationis.
1652 4011 1706 4077 Qui
1724 4028 1742 4064 a
1759 4010 1839 4065 nobis
1858 4011 1921 4064 reli-

223 4098 378 4166 Dominue,
412 4097 463 4149 boc
490 4100 531 4148 est
561 4109 660 4148 nomen
687 4111 793 4158 meum,
819 4096 943 4163 pieriam
969 4113 1060 4152 meam
1086 4099 1163 4170 giose
1181 4098 1351 4153 invocandus
1374 4106 1422 4167 est,
1446 4099 1523 4153 illum
1543 4104 1652 4169 oportet
1670 4116 1730 4154 esse
1747 4096 1921 4166 omniscium,

222 4185 309 4238 alteri
326 4201 382 4237 non
399 4182 482 4242 dabo,
501 4179 575 4252 quod
594 4180 731 4251 repetitur
751 4197 812 4252 cap.
828 4187 868 4248 48,
886 4199 910 4238 v.
927 4187 966 4238 11.
994 4181 1059 4238 Jem
1087 4184 1310 4254 omnipotentem,
1323 4184 1578 4255 omnipraesentem,
1591 4189 1774 4238 scrutatorem
1788 4183 1922 4252 cordium,

223 4286 288 4326 vero
311 4271 403 4325 cultus
423 4268 570 4341 religiosae
593 4267 775 4323 invocationis
799 4270 848 4324 uni
869 4273 897 4325 et
920 4270 971 4324 soli
994 4285 1059 4324 vero
1086 4269 1176 4340 ipsam
1193 4270 1370 4340 sapientiam,
1394 4270 1538 4324 veritatem
1558 4276 1586 4323 et
1605 4269 1772 4338 bonitatem,
1790 4269 1819 4323 in
1838 4284 1921 4340 quem

223 4355 284 4410 Deo
308 4357 449 4426 competit.
493 4354 570 4425 Ergo
592 4353 684 4408 cultus
707 4353 854 4424 religiosae
880 4355 1060 4410 invocationis
1087 4353 1191 4409 fiducia
1208 4355 1298 4409 cordis
1316 4354 1447 4410 collocari
1467 4354 1561 4425 possit.
1585 4354 1649 4410 dam
1667 4372 1732 4410 vero
1750 4355 1825 4410 solus
1843 4356 1921 4410 Dens

225 4442 328 4496 sanctis
351 4458 408 4495 non
433 4446 526 4512 potest
551 4456 603 4495 nee
623 4439 707 4494 debet
726 4439 836 4496 deferri.
878 4440 992 4495 Minoris
1013 4457 1060 4495 no·
1087 4447 1130 4495 est
1145 4441 1305 4510 omniscius,
1334 4440 1519 4510 omnipotens,
1545 4441 1750 4511 omnipraesens
1769 4447 1821 4498 etc.
1841 4448 1872 4495 nt
1892 4443 1921 4495 in

223 4527 311 4582 tanda
329 4532 353 4584 l.
373 4528 532 4598 explicatio,
550 4530 575 4582 2.
595 4528 779 4591 confirmatio.
809 4525 890 4582 Circa
904 4528 1061 4598 explicatio·
1087 4527 1318 4598 praecedentibus
1343 4527 1551 4597 quaestionibus
1583 4529 1800 4598 comprobatum.
1847 4527 1923 4599 Ergo

225 4629 288 4668 nem
312 4614 478 4678 noandum,
503 4614 615 4684 qnando
636 4612 763 4680 dicimus,
788 4613 893 4667 cultum
914 4613 1061 4684 religiosae
1088 4612 1163 4667 solus
1181 4612 1259 4668 Deus
1280 4620 1322 4667 est
1342 4630 1360 4666 a
1377 4613 1456 4667 nobis
1475 4612 1602 4683 religiose
1621 4613 1805 4683 invocandus,
1824 4620 1853 4668 et
1873 4631 1924 4684 per

224 4699 406 4754 invocationis
424 4699 519 4754 uniet
539 4698 591 4753 soli
611 4714 676 4754 vero
693 4696 755 4753 Deo
774 4705 937 4771 competere,
956 4708 1016 4756 tum
1038 4705 1060 4757 l.
1089 4714 1260 4769 consequens
1276 4697 1410 4768 religiosa
1433 4698 1571 4753 invocatio
1597 4699 1645 4753 uni
1665 4708 1693 4753 et
1710 4698 1762 4753 soli
1781 4717 1845 4756 vero
1862 4700 1924 4754 Deo

224 4802 279 4841 non
306 4784 415 4840 excludi
435 4783 541 4838 Filium
559 4791 586 4838 et
602 4784 740 4854 Spiritum
760 4803 783 4841 s.
810 4785 914 4859 quippe
933 4786 1062 4859 quicum
1088 4785 1227 4854 competit.
1273 4787 1299 4837 b.
1319 4786 1365 4837 Ec
1384 4784 1568 4838 idololatriae
1590 4786 1770 4839 accusatione
1786 4785 1925 4842 intentata

224 4869 309 4927 Patre
334 4875 399 4925 sunt
424 4869 506 4924 unius
535 4871 684 4935 essentiae,
711 4870 835 4942 aequalis
863 4872 1009 4942 potestatis
1034 4878 1063 4926 et
1087 4869 1215 4924 omnibns
1243 4870 1313 4938 illis,
1344 4869 1392 4941 qui
1421 4869 1552 4925 honorem
1580 4877 1609 4926 et
1640 4871 1745 4926 cultum
1776 4871 1924 4944 religiosae

84 4978 163 5030 tvm·
177 4988 211 5033 „g
224 4957 337 5030 gloriae
383 4956 424 5014 Ut
452 4972 519 5029 ergo
549 4972 604 5010 non
635 4956 820 5012 excluduntur
855 4974 872 5013 a
908 4958 1061 5026 divinitate,
1088 4955 1269 5010 invocationis
1298 4955 1348 5010 ulli
1374 4961 1518 5011 creaturae
1545 4962 1707 5028 praeterat
1733 4964 1809 5013 extra
1826 4975 1923 5012 verum

224 5045 267 5100 ita
311 5060 422 5114 quoqne
470 5059 526 5098 non
574 5041 764 5097 excluduntur
812 5041 849 5097 ab
893 5043 1062 5099 adorationis
1088 5041 1178 5097 Deum
1203 5041 1368 5097 tribuerunt.
1417 5042 1501 5099 Deut.
1527 5049 1573 5113 lt,
1607 5063 1633 5099 v.
1652 5049 1681 5098 3:
1716 5045 1785 5099 turn
1814 5045 1926 5112 reperti
2006 5046 2011 5051 “

224 5131 336 5186 honore.
375 5136 401 5187 2.
422 5129 481 5186 Nee
500 5128 611 5184 excludi
628 5131 779 5184 humanans
800 5129 905 5184 Obrr'sti
921 5108 1210 5198 naturam,lfuerint‚
1242 5130 1292 5198 qui
1321 5130 1429 5182 vadant
1462 5136 1488 5182 et
1517 5132 1643 5184 serviant
1669 5130 1737 5183 Diis
1765 5130 1868 5183 alienis
1895 5140 1924 5184 et

222 5232 258 5273 ee
284 5217 358 5273 enim
382 5231 446 5270 cum
471 5215 508 5269 sit
533 5213 606 5286 λόγῳ
630 5215 770 5271 secundas
794 5215 907 5272 deitatis
926 5233 1061 5288 personae
1086 5215 1207 5268 adorent
1224 5230 1286 5283 eos,
1304 5213 1391 5268 solem
1409 5221 1459 5268 aut
1477 5214 1574 5269 lunam
1595 5223 1646 5269 aut
1666 5232 1772 5269 omnem
1788 5215 1924 5269 militiam

223 5303 304 5358 unita
326 5302 406 5358 etad
426 5301 482 5357 Dei
501 5301 627 5356 dextram
651 5300 680 5355 in
701 5300 830 5357 thronum
854 5303 960 5373 gloriae
977 5303 1060 5358 collo·
1086 5302 1165 5371 coeli,
1186 5317 1257 5371 puae
1274 5318 1330 5354 non
1344 5302 1491 5373 praecepi.
1529 5307 1553 5358 2.
1573 5300 1643 5371 Reg.
1665 5307 1709 5366 lt,
1734 5318 1759 5356 v.
1780 5307 1828 5357 33:
1855 5305 1923 5356 Oura

223 5394 299 5457 wia,
328 5388 390 5444 ideo
414 5405 432 5442 a
456 5387 603 5459 religiosae
627 5386 794 5443 adorationis
815 5386 925 5459 objecto
948 5388 1060 5444 excludi
1085 5387 1240 5441 Dominum
1268 5387 1402 5457 colerent,
1440 5388 1498 5441 diis
1536 5403 1643 5457 quaque
1675 5387 1735 5441 ruis
1767 5388 1925 5444 serviebant

223 5473 329 5549 nequit,
348 5479 380 5533 ut
399 5472 465 5531 alibi
484 5473 567 5530 latius
587 5472 798 5532 demonstratur.
831 5480 855 5532 3.
873 5474 929 5533 Sed
948 5475 1057 5532 excludi
1083 5475 1169 5545 justa
1188 5475 1410 5530 consuetudinem
1431 5476 1562 5547 gentium.
1599 5475 1678 5532 Rom.
1700 5481 1722 5544 l,
1747 5493 1772 5531 v.
1793 5481 1839 5531 25:
1860 5476 1924 5531 tiri-
