4104 6014
865 201 1077 259 mmmm.
1284 188 1291 213 '
1449 288 1459 307 .
1767 214 1816 271 'a

119 372 157 411 ax
185 361 261 412 statu
294 354 368 418 vitae
395 357 519 412 mortahs
552 357 581 413 in
615 357 755 430 regionem
796 357 956 414 viventium.
986 375 1053 414 nnus.
1085 357 1216 415 Irenasus
1234 359 1284 416 lib.
1306 364 1330 416 3.
1349 376 1374 415 c.
1392 364 1435 415 37.
1452 360 1474 418 f.
1493 365 1557 416 22⁴:
1577 361 1656 413 Deus
1668 361 1816 430 prohibuit

121 446 151 497 2.
175 444 327 512 Emiprere
350 460 383 496 ea
408 444 529 514 hospitio
553 459 604 498 seu
618 443 777 500 “divaserio
797 461 830 500 ac
849 446 959 500 domum
985 444 1105 498 hominis
1140 448 1390 517 transgressionem
1427 448 1606 517 interponens
1640 456 1756 502 mortem
1792 456 1817 503 et

121 528 230 584 revesti
268 528 338 584 Luc.
368 534 417 597 12,
451 547 476 584 v.
511 535 552 586 33.
583 537 735 601 usurpatur
766 531 801 585 de
829 531 895 586 hero
926 548 958 584 er
984 546 1093 585 cessare
1122 533 1235 597 faciens
1262 541 1417 605 peccatum,
1444 535 1528 603 finem
1558 535 1685 603 inserens
1715 535 1741 588 si
1762 550 1818 603 per

120 613 228 684 nuptiis
255 614 367 669 domum
392 621 565 680 revomente5
597 617 637 671 sic
661 617 691 671 in
709 624 797 672 morta
817 617 909 671 anime
925 633 959 671 ex
985 618 1080 671 carnis
1097 620 1302 689 resolutionem,
1319 635 1391 689 quae
1402 621 1484 689 fieret
1504 620 1533 677 in
1553 628 1638 689 terre,
1655 627 1686 672 ut
1706 637 1817 674 cessans

121 692 247 770 eorporis
263 699 385 772 hospitio
407 701 437 754 in
453 718 546 757 veram
564 703 683 773 patriam
701 703 857 773 revertitur,
885 702 959 757 unde
985 703 1142 772 aliquando
1162 705 1242 759 homo
1269 706 1360 759 ciuem
1373 713 1491 777 peccato
1512 713 1538 760 et
1561 707 1682 759 moriens
1702 707 1730 760 ei
1746 707 1817 760 iuci-

119 783 334 856 chrysostomus
354 787 437 842 vertit
453 794 652 862 μεθίστασθαι,
671 791 764 844 sedem
782 797 959 857 commestore,
981 797 1061 858 peret
1079 791 1170 844 uiuere
1187 796 1255 845 Dea.
1793 840 1796 845 .

119 872 290 941 transferri,
318 891 351 927 ea
376 876 459 929 domo
490 877 660 931 conductitia
691 878 825 945 miprare.
865 879 892 929 3.
913 878 959 928 Ea
1021 880 1063 931 25.
1098 875 1132 929 In
1153 876 1332 946 scriptoribus
1354 875 1548 932 ecclesiasticis
1574 875 1627 933 hae
1643 877 1895 947 potissimnm21i¹
1905 896 1944 936 r·-

121 959 244 1012 ninoulis
263 961 343 1017 solui.
381 959 428 1016 Sic
445 961 529 1017 boves
545 970 604 1018 toto
622 963 667 1017 die
689 964 760 1033 jugo
788 962 894 1034 alligati
913 978 958 1016 ve·
985 967 1133 1015 occurrunt
1149 962 1353 1032 descriptiones.
1388 962 1575 1017 Tertullianus
1596 962 1643 1020 lib.
1656 962 1815 1034 depatient.
1828 936 1907 979 ‘'¹¹³⁰''

122 1043 674 1115 speridicunturciraisisaam,revincti
692 1050 845 1103 incarcere
863 1047 958 1102 solutis
986 1064 1009 1103 c.
1034 1054 1058 1102 s.
1085 1066 1113 1117 p·
1141 1053 1202 1102 132:
1235 1049 1381 1112 Profectio
1406 1057 1454 1113 est,
1485 1068 1568 1118 quam
1585 1056 1700 1103 mortem
1723 1058 1816 1120 putas.

122 1131 303 1200 compedibus
329 1132 358 1185 in
388 1131 544 1188 libertatem
566 1135 686 1189 restituti
712 1135 806 1191 itidem
830 1133 960 1188 dicuntur
987 1135 1051 1186 Nan
1071 1143 1109 1186 est
1129 1134 1277 1202 lupensius,
1296 1135 1345 1204 qui
1362 1136 1517 1199 antecedet,
1535 1137 1587 1188 sed
1600 1136 1689 1205 plane
1710 1136 1817 1189 dmide·
1830 1136 1895 1179 xvlt
1911 1135 1944 1178 lh

122 1216 302 1274 irrideatur.
332 1218 411 1273 Idem
437 1219 473 1275 ad
491 1226 606 1277 mortem
626 1221 733 1292 piorum
751 1221 893 1275 commode
912 1237 960 1291 ap·
985 1221 1102 1273 caridus.
1135 1220 1182 1275 lib.
1212 1220 1247 1275 de
1274 1221 1357 1274 anim.
1383 1238 1406 1276 c.
1434 1226 1475 1276 21.
1504 1239 1530 1292 p.
1549 1227 1614 1277 213ε
1649 1221 1732 1275 Mors
1761 1239 1817 1275 non

122 1302 222 1373 plicari
252 1310 353 1375 potest.
402 1304 525 1377 Tempus
557 1306 641 1378 buJ'us
673 1309 748 1362 ritae
776 1313 820 1362 est
851 1313 959 1378 tempus
986 1306 1070 1359 aliud
1080 1307 1281 1359 detorrninatur
1293 1324 1374 1375 quam
1386 1307 1538 1375 disjunctio
1547 1309 1676 1376 corporis
1695 1308 1818 1361 animae·

122 1390 232 1444 laboris
248 1397 278 1445 et
295 1391 387 1447 oneris
405 1390 469 1448 doh.
489 1398 512 1461 7,
530 1411 555 1449 v.
575 1400 601 1450 2.
640 1394 742 1448 Psalm.
762 1401 803 1462 90,
822 1412 846 1446 v.
870 1400 908 1450 10.
931 1394 959 1447 in
986 1409 1045 1461 que.
1064 1410 1088 1448 c.
1109 1399 1150 1450 51.
1169 1411 1196 1463 p.
1216 1399 1283 1450 tel:
1302 1395 1379 1463 Opus
1404 1395 1501 1449 mortis
1527 1395 1557 1447 in
1575 1396 1668 1448 inedie
1685 1396 1819 1449 dumeto

123 1482 211 1530 morte
240 1493 274 1531 ex
307 1476 426 1531 vinculis
463 1477 518 1531 iliis
550 1479 681 1533 solvimur
714 1496 747 1534 ac
770 1482 840 1551 jugo
870 1479 960 1533 crucis
986 1481 1114 1549 corporis
1140 1480 1312 1552 animaeque,
1331 1487 1359 1535 et
1385 1481 1469 1551 paulo
1487 1486 1552 1536 ante
1569 1497 1593 1535 a.
1614 1487 1664 1536 50:
1700 1481 1819 1536 Publica

121 1561 280 1616 liberamur.
334 1561 523 1618 Tertullianus
566 1565 679 1636 exponit
715 1568 817 1635 recipi,
857 1565 960 1635 inqua
986 1568 1072 1620 totirss
1104 1567 1221 1620 humani
1246 1569 1356 1636 pencris
1391 1567 1526 1621 sententia
1552 1575 1667 1621 mortem
1699 1576 1820 1623 naturas

122 1648 250 1704 versione
280 1656 435 1720 respectum
464 1650 563 1705 habuit
591 1652 629 1706 ad
658 1661 807 1723 cognatum
845 1651 959 1706 verbam
987 1653 1110 1706 delitum
1122 1655 1348 1725 pronuntiamus.
1374 1653 1496 1707 Caecilia
1513 1653 1592 1723 virgo
1605 1653 1817 1724 adsupplicium

124 1732 309 1789 ἀπολύεσθαι.
335 1740 360 1791 t.
379 1734 508 1790 Οαὸἰιασσ
526 1754 556 1791 se
574 1739 713 1806 conferre,
731 1737 797 1794 dud.
822 1744 866 1806 13,
884 1755 910 1793 v.
933 1744 960 1793 1:
986 1739 1071 1793 dueta
1083 1739 1158 1793 dixit·
1178 1740 1243 1794 Non
1255 1740 1343 1807 homo,
1361 1742 1413 1793 secl
1428 1740 1544 1792 miserie
1561 1739 1718 1792 Christiani
1729 1739 1815 1793 homi·

128 1821 163 1875 Ut
193 1837 310 1890 uespera
341 1825 428 1892 jacta
457 1831 514 1892 est,
547 1826 754 1895 festinaverunt
795 1826 871 1879 serui
898 1825 960 1892 ejus
985 1827 1030 1879 nis
1047 1827 1174 1881 meritur.
1208 1824 1362 1896 Cyprianus
1383 1842 1463 1881 serm.
1484 1832 1508 1881 t.
1524 1825 1560 1880 de
1571 1824 1700 1881 mortalit.
1717 1842 1745 1895 p.
1759 1829 1817 1880 208:

124 1906 262 1964 declusa.
313 1906 360 1963 sic
389 1907 430 1978 pii
463 1908 491 1963 in
513 1909 605 1964 cubile
638 1928 720 1964 suum
747 1927 776 1965 sc
806 1911 960 1975 conferunt,
987 1910 1165 1966 Contestatar
1185 1911 1315 1978 Simeon,
1345 1920 1408 1965 tanc
1439 1928 1497 1966 esse
1521 1913 1608 1965 serais
1632 1913 1691 1965 Dei
1708 1928 1819 1981 pacem,

124 1992 237 2065 quando
256 2010 306 2064 per
325 2000 440 2049 mortem
460 2010 493 2048 ex
512 1994 565 2050 bac
584 1996 642 2051 vita
658 2003 815 2052 evocantur.
851 1996 957 2053 Ibidem
985 2005 1049 2052 tunc
1076 1998 1192 2052 liberam
1222 2006 1248 2051 at
1275 1997 1462 2067 tranquillam
1486 1997 1616 2067 quictem,
1647 2000 1761 2067 quando
1781 1999 1817 2051 dc

80 2084 85 2100 ⁸
124 2080 160 2135 sd
184 2078 286 2150 Philip.
312 2080 419 2135 scilicet
441 2097 466 2138 a.
493 2088 521 2150 1,
553 2100 580 2141 v,
605 2088 647 2138 21.
663 2083 693 2136 τὸ
723 2081 876 2138 ἀποθανεῖν
893 2100 958 2153 apo·
986 2084 1048 2136 istis
1074 2084 1174 2137 mundi
1196 2084 1351 2138 turbinibus
1373 2085 1492 2138 maeoti
1516 2085 1594 2138 sedis
1612 2090 1638 2137 et
1658 2085 1818 2139 securitatis

123 2165 210 2221 stolus
229 2172 312 2220 vocet
330 2168 435 2241 κέρδος,
455 2167 484 2220 in
506 2185 579 2238 quae
597 2168 684 2223 verba
702 2169 742 2223 sic
759 2175 959 2225 commentatur
987 2176 1120 2223 aeterrme
1143 2178 1258 2238 portum
1284 2170 1422 2240 petimus,
1453 2172 1566 2238 pando
1596 2178 1733 2239 espurscta
1764 2170 1816 2222 hac

123 2251 279 2324 Cyprianus
313 2269 394 2308 semn.
417 2260 443 2308 l.
464 2253 498 2307 de
523 2255 651 2311 mortalit.
678 2273 705 2325 p.
726 2261 794 2311 209:
838 2258 958 2310 Lucrum
985 2264 1072 2310 morte
1105 2258 1148 2309 ad
1171 2257 1409 2311 immortalitatem
1427 2257 1559 2314 uenimus.
1604 2255 1665 2311 Illa
1686 2263 1727 2309 est
1744 2255 1816 2313 enim

122 2340 272 2393 monimum
290 2347 433 2408 computat
450 2339 644 2407 (Christianus)
665 2344 724 2406 iam
742 2342 831 2395 emuli
849 2343 958 2410 laqueis
985 2349 1083 2396 nostre
1098 2359 1172 2411 pau,
1205 2343 1259 2396 illa
1271 2343 1344 2412 fidei
1359 2340 1567 2413 tranquillitas,
1593 2342 1647 2396 illa
1663 2342 1774 2395 stabilis
1790 2348 1817 2394 et

122 2444 178 2480 non
194 2425 302 2493 teneri,
323 2426 390 2495 jem
407 2425 495 2479 nullis
510 2428 636 2496 peccatis
660 2435 687 2481 et
702 2428 779 2482 uitiis
796 2430 892 2482 camis
913 2429 957 2482 ols-
984 2429 1066 2492 firme
1098 2437 1125 2482 et
1153 2436 1293 2497 perpetua
1322 2429 1467 2485 securitas.
1499 2447 1527 2500 p.
1544 2433 1609 2484 212:
1646 2428 1816 2481 Mortalitas

121 2513 236 2567 nauium
269 2513 346 2580 fieri,
382 2521 517 2566 exemtum
550 2516 696 2585 pressmis
733 2516 897 2583 arpentibus
933 2523 959 2568 et
984 2515 1039 2568 ista
1063 2523 1093 2567 ut
1111 2514 1235 2567 Judaeis
1262 2522 1288 2568 et
1307 2515 1432 2582 pentibus
1458 2522 1484 2568 et
1503 2514 1611 2569 Christi
1629 2515 1752 2569 hostibus
1766 2530 1816 2582 pe-

122 2599 266 2655 asncaatis
297 2598 408 2653 diaboli
426 2601 565 2668 sanamus
589 2601 737 2656 liberatum
760 2603 801 2655 acl
818 2602 958 2657 laetitiam
983 2601 1034 2653 stis
1055 2608 1102 2668 est,
1119 2601 1161 2654 ita
1182 2599 1279 2665 seruis,
1292 2600 1349 2653 Dei
1365 2601 1504 2654 salutaris
1515 2617 1641 2655 semesas
1656 2608 1704 2656 est.
1716 2604 1816 2670 pule:

73 2704 76 2709 ·
122 2686 227 2740 salutis
258 2692 388 2740 σσίαηισα
414 2684 525 2739 Christo
553 2695 668 2741 vocante
691 2688 843 2756 proficisci.
877 2687 958 2742 Alias
986 2686 1074 2749 Quem
1098 2695 1314 2758 praeposterum
1344 2694 1384 2741 est
1421 2703 1558 2758 assamque
1582 2703 1755 2756 peresmm,
1786 2692 1818 2739 ut

123 2788 157 2826 ex
174 2770 316 2826 vacabas
333 2771 452 2841 apostoli
471 2771 577 2826 dictum
597 2772 636 2826 sic
662 2773 797 2844 explicat:
835 2777 957 2828 Lucrum
985 2792 1047 2828 cum
1065 2773 1124 2828 Dei
1139 2774 1306 2827 uoluntatem
1318 2774 1384 2839 fieri
1394 2774 1576 2846 postulemus,
1595 2775 1708 2842 quando
1723 2778 1817 2827 euocet

123 2867 165 2913 est
200 2857 320 2912 seesima
355 2858 526 2911 incrementa
549 2857 673 2927 peccati,
712 2860 820 2913 luorum
848 2860 957 2928 fups'sse
982 2878 1034 2914 nos
1061 2867 1087 2912 et
1116 2860 1236 2914 eecmmt
1268 2862 1302 2913 de
1326 2860 1377 2915 hoc
1401 2863 1505 2914 mundo
1522 2863 1615 2929 Deus,
1641 2878 1698 2913 non
1722 2861 1815 2913 statim

123 2946 284 3009 deteriora,
317 2943 428 2998 lucrum
453 2946 495 2998 ad
524 2944 643 2998 meliora
670 2946 801 2999 transire.
853 2945 957 3018 Ecquis
982 2947 1138 3000 uoluntatis
1175 2948 1236 3016 ejus
1269 2945 1388 3016 imperio
1414 2948 1589 3016 pereamust
1633 2944 1671 2999 Et
1707 2950 1817 3016 postea:

123 3038 216 3103 neget,
235 3031 385 3085 maximnm
400 3046 461 3086 esse
477 3031 594 3099 lucrum,
613 3031 688 3103 quod
705 3033 744 3103 pii
762 3033 790 3087 in
802 3038 889 3088 morte
906 3051 957 3104 pro
983 3019 1102 3088 iratres
1132 3041 1243 3087 nostros
1279 3033 1439 3087 acceruone
1464 3032 1619 3087 Dominica
1657 3034 1692 3084 cle
1722 3031 1817 3086 seculo

122 3124 240 3189 peccato
270 3116 409 3188 justitiam
427 3117 542 3173 Roman.
562 3123 593 3183 6,
623 3135 650 3174 r.
673 3125 695 3176 7.
723 3137 772 3188 pro
798 3119 892 3176 labore
915 3136 957 3175 re·
982 3120 1119 3175 liberatos
1141 3120 1243 3175 sumus
1262 3138 1318 3175 non
1343 3120 1450 3191 amati,
1486 3122 1539 3174 sed
1557 3119 1714 3190 praemitti,
1743 3133 1817 3172 rece-

121 3204 215 3277 quiem
239 3202 300 3259 lob.
327 3209 358 3272 3,
389 3221 416 3259 r.
443 3208 483 3259 13.
506 3221 556 3274 pro
578 3203 677 3259 militia
710 3222 808 3276 pacem
847 3206 911 3263 Job.
932 3214 957 3274 7,
984 3208 1080 3260 dentes
1099 3210 1286 3277 praecedere,
1315 3214 1345 3260 ut
1371 3206 1579 3276 proficiscentes
1604 3212 1629 3259 et
1653 3204 1816 3272 neuipantss

122 3308 149 3346 r.
171 3298 194 3347 1.
212 3289 276 3361 Sap.
297 3296 322 3359 3,
340 3307 367 3343 r.
387 3296 410 3346 3.
429 3308 478 3361 pro
497 3289 565 3344 fletu
585 3291 713 3346 solatium
727 3292 793 3347 Luc.
816 3298 855 3362 16,
874 3311 901 3349 v.
915 3299 956 3348 25.
984 3294 1147 3348 desiderari
1178 3310 1225 3348 eos
1245 3295 1362 3358 debas,
1389 3310 1443 3346 non
1458 3292 1568 3365 plenpi.
1591 3309 1618 3362 p.
1638 3296 1702 3347 tlt:
1736 3290 1818 3353 Quod

123 3393 174 3450 pro
211 3375 446 3446 corruptibilitate
482 3375 659 3450 ἀφθαρσίαν,
694 3394 745 3448 pro
789 3378 958 3436 mortalitate
984 3381 1133 3450 morimur,
1163 3382 1206 3434 ad
1222 3379 1461 3435 immortalitatem
1479 3385 1568 3432 morte
1586 3378 1816 3445 transpredimur‚

123 3464 294 3527 ἀθανασίαν,
311 3478 363 3533 pro
383 3462 533 3534 ignominia
549 3463 666 3535 gloriam
689 3470 712 3522 1.
726 3463 788 3520 Cor.
812 3471 850 3533 15,
868 3482 895 3518 v.
915 3470 957 3522 53.
984 3482 1035 3520 nec
1050 3474 1142 3535 potest
1157 3467 1216 3521 uita
1235 3475 1352 3520 aeterna
1375 3467 1537 3530 succedere,
1568 3464 1626 3518 nisi
1648 3464 1713 3516 hinc
1730 3464 1815 3517 cann-

124 3557 167 3610 54.
200 3567 251 3621 pro
284 3548 396 3604 miseria
418 3548 579 3604 felicitatem
606 3551 694 3620 Apoc.
720 3556 765 3620 14,
796 3568 820 3607 r.
849 3556 886 3607 13.
909 3569 958 3623 pro
984 3553 1057 3622 perit
1075 3554 1167 3621 exire,
1185 3570 1241 3607 non
1260 3559 1300 3606 est
1319 3552 1422 3620 ecum,
1451 3553 1503 3604 sed
1518 3551 1656 3604 transitus
1673 3558 1698 3602 et
1714 3557 1815 3618 tempo·

123 3643 212 3692 morte
236 3634 313 3690 vitali
337 3635 424 3689 vitam
449 3634 630 3690 immortalem
656 3635 720 3693 ioh.
741 3643 772 3705 5,
795 3654 821 3693 v.
848 3644 890 3694 21.
907 3656 958 3709 pro
983 3639 1043 3692 reli
1059 3639 1158 3694 itinere
1175 3641 1293 3693 deersrso
1311 3640 1353 3691 ed
1370 3645 1486 3692 aeterne
1506 3645 1706 3704 manseramus.
1747 3636 1816 3698 Quis

125 3721 287 3794 captivitate
304 3721 470 3784 libertatem,
487 3736 538 3791 pro
557 3720 691 3775 malorum
711 3722 818 3778 tumulo
836 3725 958 3779 omnium
983 3744 1039 3780 non
1057 3728 1098 3779 ad
1117 3725 1234 3779 mamre
1253 3724 1467 3792 restinctionis
1484 3741 1540 3776 non
1557 3723 1704 3776 maturiet
1720 3724 1816 3791 resor-

124 3809 259 3865 bonomm
281 3807 422 3863 cumulum
445 3806 672 3878 consequuntur?
707 3807 793 3865 Hebr.
816 3815 863 3880 11,
889 3829 914 3868 v.
933 3817 956 3868 5.
984 3812 1059 3866 mari
1088 3813 1130 3864 ad
1145 3808 1252 3863 Christi
1281 3810 1400 3878 speciem
1431 3817 1457 3862 et
1483 3810 1524 3862 ari
1554 3808 1681 3862 emlestis
1703 3811 1815 3876 pretias

124 3911 197 3950 mors
216 3895 373 3967 appellatur
390 3893 545 3964 μετάθεσις,
557 3895 717 3964 translatio,
735 3896 770 3951 de
790 3913 846 3967 qna
862 3899 958 3969 appel·
985 3898 1149 3967 dipnitatem
1166 3896 1262 3951 uenire
1280 3895 1363 3949 citius
1383 3897 1511 3965 eeoptetl
1545 3895 1583 3949 Et
1600 3900 1710 3965 postea:
1749 3894 1815 3948 Ven-

123 3982 227 4037 latione
254 3981 358 4036 dictum
385 3987 429 4036 eet
453 3980 578 4051 superius
605 3977 632 4055 ξ.
653 3987 694 4036 22.
714 3982 800 4037 Hebr.
824 3989 869 4047 13,
887 4002 914 4041 v.
934 3991 957 4040 l.
987 3995 1066 4040 turus
1093 3985 1135 4037 ad
1152 3981 1260 4036 Christi
1282 3983 1392 4046 sedem
1421 3983 1463 4034 ed
1484 3997 1634 4050 rapueram
1658 3980 1815 4034 coelestium

125 4069 228 4125 dicitur
240 4069 352 4138 ἔκβασις
362 4070 410 4132 τῆς
426 4064 612 4138 ἀναστροφῆς,
631 4068 720 4121 sadus
740 4072 959 4124 conversationis
985 4072 1143 4126 cleritatem
1161 4070 1256 4137 lupera
1271 4087 1327 4124 non
1340 4068 1421 4121 dehet
1432 4083 1481 4120 naa
1496 4067 1643 4136 planpere,
1661 4068 1817 4138 sedpotius

123 4164 240 4210 nataae
262 4154 291 4209 in
309 4153 451 4218 histerris,
470 4153 519 4225 qui
537 4153 673 4208 autsimul
686 4155 807 4210 omnium
824 4156 958 4211 malorum
984 4159 1134 4212 nectendum
1148 4155 1386 4228 pollicitationem
1405 4154 1539 4217 Domini,
1563 4156 1714 4207 secundum
1725 4156 1816 4221 fidem

123 4249 153 4298 et
169 4241 342 4296 miseriarum
364 4247 520 4295 nostrarum
550 4243 658 4308 ἔκβασις
678 4247 699 4297 1.
718 4240 779 4295 Cor.
802 4248 846 4311 10,
871 4261 896 4299 v.
918 4248 958 4298 13.
984 4242 1110 4299 vadatis
1128 4243 1159 4296 in
1176 4241 1355 4310 profectione
1373 4257 1425 4292 sue
1444 4247 1470 4292 st
1487 4240 1674 4294 translatione
1684 4241 1815 4308 paudere.

123 4328 224 4384 Petrus
245 4332 268 4383 2.
286 4327 367 4397 epist.
397 4331 425 4394 1,
453 4345 477 4381 v.
501 4333 541 4383 ll.
560 4333 674 4382 mortem
694 4343 772 4382 suam
792 4334 873 4383 vocat
890 4326 959 4383 inri-
985 4348 1014 4402 p.
1033 4335 1097 4385 tlt:
1135 4326 1205 4382 Cum
1232 4327 1422 4381 accersitionis
1444 4326 1584 4396 propriae
1618 4326 1679 4380 dies
1704 4325 1817 4393 uenerit,

124 4422 204 4471 θεσιν
240 4419 291 4469 τοῦ
319 4413 503 4481 aequiparas,
540 4414 737 4483 wambanem
774 4416 959 4486 tabernaculi,
985 4419 1178 4470 incunctanter
1206 4421 1232 4467 et
1256 4415 1372 4467 libenter
1388 4415 1429 4465 eol
1447 4413 1600 4466 Dominum
1622 4413 1685 4480 ipm
1702 4419 1816 4467 vocante

123 4501 247 4556 imitatus
267 4499 381 4572 phrasin
400 4499 546 4555 Paulinam
564 4505 588 4556 2.
607 4499 669 4554 Cor.
690 4507 723 4569 5,
742 4519 767 4554 v.
792 4508 813 4557 1.
855 4501 958 4557 Joban·
984 4505 1133 4557 ueniamus.
1169 4500 1206 4555 Et
1224 4506 1335 4571 postea:
1371 4499 1613 4556 Considerandum
1634 4509 1673 4552 est
1691 4508 1718 4552 et
1737 4500 1815 4553 iden·

123 4605 174 4645 nes
197 4587 286 4658 Apoc.
315 4593 358 4656 ll,
386 4604 413 4643 v.
444 4591 483 4645 13.
507 4587 537 4640 in
567 4588 691 4641 Domino
716 4589 789 4641 mori
823 4588 892 4643 dicit
914 4606 958 4643 re·
984 4592 1070 4645 tidem
1096 4588 1291 4655 capitaneum,
1318 4586 1496 4640 renuntiasse
1519 4603 1570 4639 nos
1587 4588 1692 4640 mundo
1710 4594 1735 4640 et
1755 4582 1816 4639 lun·

124 4675 268 4747 quiescere
286 4692 305 4727 a
321 4672 476 4729 laboribus.
519 4671 552 4726 Iu
575 4672 627 4726 hae
644 4673 702 4727 vita
728 4673 886 4729 laboramus
905 4675 957 4729 sub
984 4693 1067 4745 quam
1098 4674 1222 4742 hospites
1251 4679 1278 4728 et
1301 4673 1470 4744 pereprinos
1497 4672 1542 4725 hic
1566 4672 1678 4725 interim
1704 4674 1814 4741 clepere.

122 4761 246 4832 pondere
280 4759 369 4815 crucis
398 4766 426 4816 st
456 4760 580 4830 peceati,
610 4760 657 4814 sed
690 4767 753 4831 post
781 4767 895 4817 mortem
921 4762 956 4816 ad
985 4762 1197 4832 Amplectamur
1215 4759 1297 4825 diem,
1319 4760 1368 4827 eui
1385 4759 1511 4826 asmpnet
1529 4759 1654 4827 sinpulos
1671 4758 1814 4813 dommilio

121 4854 253 4919 pacatam
275 4847 395 4918 quietem
414 4846 600 4917 pervenimus,
634 4851 701 4900 tunc
727 4845 852 4901 Christus
875 4847 957 4917 plene
983 4866 1051 4917 esso,
1079 4847 1129 4916 qui
1153 4863 1204 4899 nos
1229 4845 1312 4897 istinc
1335 4851 1444 4913 ereptos
1465 4851 1492 4897 et
1514 4844 1623 4912 laqsreis
1640 4845 1815 4897 secularibus

123 4940 154 4990 et
179 4932 304 5005 perfecto
331 4949 381 4988 nos
409 4931 545 4988 dannaia
573 4932 672 4987 Mattb.
695 4939 739 5003 11,
771 4952 796 4989 v.
818 4939 858 4989 23.
878 4940 957 4989 etex
983 4942 1078 4990 euneos
1103 4932 1242 5003 paradiso
1267 4931 1390 4985 restituit
1416 4938 1441 4983 et
1469 4947 1553 4996 repro
1583 4930 1703 4985 coelesti.
1746 4930 1815 4992 Quis

122 5020 290 5090 intempesto
318 5018 402 5089 hujus
429 5019 525 5073 mnndi
553 5019 621 5073 mari
649 5020 685 5074 ad
712 5019 911 5090 quietissimum
930 5024 958 5076 et
983 5040 1039 5076 non
1062 5036 1183 5090 perepre
1210 5020 1376 5072 constitutus
1400 5025 1534 5089 properet
1563 5017 1593 5068 in
1614 5017 1742 5087 patriam
1771 5033 1814 5070 re-

123 5103 381 5178 tranquillissimum
400 5110 529 5160 satanae
547 5105 620 5158 vitae
640 5111 750 5175 portum
769 5122 819 5160 nos
836 5106 956 5162 deducit.
981 5108 1086 5177 predii
1125 5105 1194 5168 aaa
1232 5122 1289 5158 aon
1324 5106 1366 5158 aa
1400 5122 1466 5158 ereas
1501 5103 1638 5173 naaipare
1673 5104 1815 5167 festinans

121 5192 156 5247 In
174 5192 337 5264 fragmentis
356 5189 542 5262 apostolorum
565 5190 741 5246 aPraetorio
760 5192 841 5247 editis
856 5193 956 5248 Petrus
982 5202 1092 5249 neruum
1115 5208 1283 5265 prosperum
1311 5191 1443 5260 cupidius
1477 5198 1601 5260 optaret,
1627 5198 1657 5242 ut
1683 5190 1815 5244 uelociter

124 5280 160 5335 ad
178 5277 275 5333 Albini
293 5279 441 5349 conjugem
473 5283 501 5337 et
522 5276 592 5332 alim
617 5277 716 5332 frames
739 5278 840 5334 dixisse
858 5296 957 5334 memo·
984 5298 1065 5334 caros
1083 5278 1180 5332 liceret
1205 5277 1338 5346 amplecti
1344 5279 1358 5330 .²
1393 5277 1525 5331 Patriam
1552 5283 1678 5329 nostram
1693 5277 1815 5345 paracli-

123 5372 219 5421 ratur:
258 5365 437 5433 Fupicndum
456 5365 579 5429 censets's,
597 5372 626 5417 ut
645 5373 759 5419 mortem
779 5367 957 5430 declinemus,
983 5384 1045 5420 sum
1080 5371 1283 5434 computamus,
1317 5372 1452 5435 parentes
1492 5369 1600 5418 nostros
1630 5362 1816 5432 patriarchas

122 5469 207 5525 mam
224 5451 318 5507 multis
336 5451 470 5521 suspiriis
488 5459 519 5504 ut
534 5468 714 5522 propressum
732 5453 807 5507 adae
825 5455 954 5522 expetivi·
984 5453 1086 5507 habere
1098 5452 1164 5521 jam
1182 5451 1331 5521 coepimus,
1351 5450 1422 5520 qaid
1435 5467 1491 5504 aon
1504 5465 1694 5522 properamus
1710 5457 1737 5502 et
1754 5466 1816 5502 cur·

176 5546 342 5590 minusue
359 5542 416 5588 vnn
1469 5555 1485 5606 2
