4104 6014
237 324 295 381 310
834 315 958 375 boens
977 311 1181 371 menenius
1201 314 1348 372 SEXTUS

235 471 320 525 ambo
340 473 497 540 discurras,
515 471 588 526 nihil
608 472 741 541 invenies,
758 473 836 541 quod
852 488 909 525 non
928 471 985 524 ista
1006 471 1068 522 Do·
1097 465 1152 537 ipsi
1183 469 1295 539 quidem
1327 469 1466 526 Pontificii
1501 471 1622 526 saniores
1653 487 1757 542 negare
1787 475 1929 541 poterunt.

237 557 341 610 minica
359 558 499 611 contineat
522 565 548 610 et
573 559 724 612 concludat
743 559 845 614 oratio.
881 558 961 612 Item:
987 554 1067 618 Quo·
1095 556 1118 610 6.
1150 556 1197 609 Eo
1227 558 1372 611 Orationis
1404 559 1572 612 Dominicae
1607 558 1789 613 conclusione.
1843 556 1929 612 Illum

236 643 299 714 quis
317 643 348 696 in
365 644 490 697 cranone
507 644 540 696 id
558 643 635 706 dicit
652 645 731 714 qnod
744 645 806 698 sistis
824 643 992 713 coanpelicis
1001 658 1068 712 pre-
1095 640 1184 695 solum
1203 659 1236 696 ex
1250 642 1354 697 Christi
1374 644 1505 698 mandato
1524 649 1553 699 et
1569 643 1738 714 praescripto
1756 643 1926 710 invocamus,

237 731 314 783 citrea
342 749 397 785 non
424 730 595 799 continetur,
625 733 668 786 uel
701 731 869 794 carnaliter.
896 731 941 783 oet
967 727 1068 783 illicne
1094 729 1175 797 cujus
1199 737 1239 782 cst
1263 747 1380 799 repnum
1405 740 1432 785 et
1453 733 1584 800 potentia
1609 739 1635 785 et
1661 731 1756 799 plocio
1779 731 1809 783 in
1832 730 1929 784 secula

238 823 309 870 orat.
346 818 373 872 3.
393 819 420 870 Α
434 818 502 886 fine.
536 816 663 873 Christus
681 817 733 873 hoc
751 817 805 872 fine
819 817 964 873 formulam
984 815 1067 886 hujus
1093 814 1258 884 emulorum,
1293 816 1391 872 Matth.
1409 824 1438 883 6,
1465 834 1490 872 v.
1521 821 1561 874 13.
1601 817 1731 882 Quamvis
1759 817 1832 872 enim
1857 816 1928 872 haec

236 903 368 957 orationis
408 903 464 957 suis
500 904 644 974 discipulis
676 905 867 976 praescripsit,
901 909 933 958 ut
963 907 1067 957 certum
1095 901 1203 955 coronis
1228 901 1257 956 in
1277 901 1380 957 Latina
1401 904 1526 958 versione
1551 920 1606 957 non
1634 903 1783 973 habeatur,
1810 920 1862 959 nec
1881 920 1926 958 ex·

236 988 333 1042 orandi
368 988 478 1043 modum
507 989 657 1056 heberent,
691 990 720 1044 id
747 990 822 1062 quod
845 997 923 1059 patet
948 996 1007 1043 tum
1034 1004 1068 1042 ex
1093 991 1213 1056 ponatur
1230 987 1266 1042 ab
1287 987 1458 1058 Hieronymo
1477 995 1506 1043 et
1519 988 1646 1059 patribus
1658 987 1766 1043 Latinis
1786 989 1814 1042 in
1828 1006 1926 1044 comm.

236 1073 434 1144 discipulorum
450 1075 584 1145 petitione
601 1076 671 1133 Luc.
695 1083 733 1142 ll,
752 1094 777 1132 v.
798 1083 826 1133 l:
847 1076 979 1137 Domine,
998 1077 1067 1129 doce
1094 1070 1122 1128 h.
1142 1072 1160 1126 b
1178 1073 1254 1128 unde
1267 1073 1450 1128 Bellarminus
1469 1074 1531 1129 libr.
1549 1081 1572 1130 2.
1593 1075 1628 1130 de
1646 1076 1731 1131 verbo
1747 1074 1803 1130 Dei
1820 1092 1881 1147 cap.
1901 1082 1924 1130 t.

236 1177 288 1215 nos
305 1177 397 1221 orare,
418 1163 490 1215 siem
505 1168 533 1215 et
543 1161 689 1216 Jolsonner
708 1163 804 1217 mouit
820 1180 886 1216 suos
898 1162 1067 1232 ananum
1094 1154 1122 1230 ξ
1140 1165 1165 1216 9.
1184 1176 1245 1213 eam
1264 1161 1300 1213 de
1318 1168 1394 1214 testu
1412 1177 1470 1216 esse
1487 1166 1580 1232 negat,
1592 1169 1689 1217 contm
1702 1161 1925 1216 veroaGraecis

237 1250 296 1299 tum
316 1262 349 1300 ex
374 1244 476 1301 Christi
503 1248 680 1318 responsione
705 1265 739 1302 ac
758 1248 895 1319 jussione,
918 1246 1017 1302 Matth.
1043 1251 1067 1315 b,
1092 1245 1222 1298 addeum
1239 1245 1345 1315 asserit,
1364 1264 1425 1299 cum
1439 1248 1640 1317 Tertullianus,
1660 1247 1829 1319 Cyprianus,
1854 1249 1922 1301 Am·

236 1347 261 1383 v.
284 1337 313 1388 9:
332 1329 418 1393 οὕτως
437 1330 625 1406 προσεύχεσθε
645 1333 736 1406 ὑμεῖς,
759 1333 809 1388 ubi
826 1333 963 1404 emphasis
981 1340 1024 1388 est
1039 1333 1068 1387 in
1093 1330 1217 1400 orosius,
1243 1333 1448 1402 Hieronymus,
1473 1334 1649 1403 Aupustinus
1674 1335 1735 1404 ejus
1752 1335 1861 1388 nullom
1877 1337 1925 1400 fa·

236 1416 375 1487 particula
400 1416 493 1494 ὑμεῖς,
522 1437 572 1490 per
590 1436 673 1491 quam
691 1419 795 1475 Christi
820 1421 949 1490 discipuli
969 1436 1003 1474 ac
1020 1419 1066 1474 ho·
1093 1416 1170 1470 ciant
1191 1418 1369 1486 mentionem,
1398 1436 1514 1491 cumque
1543 1420 1651 1475 Graeci
1672 1421 1703 1475 in
1728 1439 1782 1475 sua
1807 1422 1926 1489 lituroia

235 1504 323 1558 mines
345 1521 409 1561 vere
432 1506 473 1577 pii
492 1514 668 1576 opponuntur
683 1506 834 1578 gentilibus
853 1510 1068 1577 tanoloyotorr
1092 1503 1209 1556 recitent
1227 1505 1339 1572 amdam
1357 1507 1387 1559 in
1405 1505 1459 1560 rtur
1476 1508 1576 1575 umba,
1594 1514 1761 1562 nontamen
1781 1526 1844 1562 cum
1862 1523 1927 1561 ora·

236 1594 264 1644 et
286 1589 452 1661 hypocritis,
482 1609 599 1663 quorum
623 1592 652 1646 in
677 1592 907 1663 praecedentibus
925 1592 1067 1648 versiculis
1093 1590 1168 1644 tione
1194 1591 1345 1645 Dominica
1375 1592 1533 1646 continuent
1554 1593 1662 1661 (dicunt
1689 1593 1804 1664 Graeci,
1832 1611 1926 1648 sacer-

234 1675 311 1731 facta
330 1683 389 1732 erat
408 1679 519 1746 mentio,
537 1679 624 1733 voluit
641 1695 706 1750 ergo
726 1677 853 1734 Christus
871 1679 949 1734 falsis
966 1680 1064 1734 oratio·
1093 1675 1157 1730 doti
1172 1677 1312 1731 dumosae
1330 1678 1416 1732 licere
1435 1679 1491 1733 cllo
1511 1681 1594 1735 amba
1608 1683 1759 1751 proferre,
1777 1680 1831 1734 illis
1852 1679 1926 1735 enim

234 1780 301 1816 num
325 1762 450 1817 formalis
474 1762 546 1819 hano
572 1781 649 1819 onom
678 1770 831 1838 προσευχῆς
846 1765 962 1820 lormnm
981 1783 1064 1836 oppo-
1092 1761 1183 1816 verbis
1202 1764 1368 1833 respondere
1391 1766 1462 1820 solet
1479 1767 1607 1821 sacerdos
1624 1767 1653 1821 ia
1678 1767 1775 1832 missa,
1813 1766 1925 1837 quaudo

235 1865 301 1904 nere
317 1865 350 1904 ac
371 1849 521 1920 discipulos
542 1868 605 1904 suos
623 1857 768 1920 precantes
786 1851 823 1905 ab
840 1851 957 1906 ethnicis
975 1858 1004 1906 et
1015 1852 1065 1923 hy·
1092 1848 1210 1918 populus
1229 1850 1310 1918 dixit,
1328 1853 1380 1905 scd
1398 1852 1488 1905 libera
1508 1870 1558 1907 nos
1576 1871 1595 1906 a
1614 1853 1704 1916 malo,
1722 1852 1857 1908 referente
1874 1853 1926 1907 Be·

233 1935 348 2005 pocritis
372 1936 499 2006 preculas
528 1954 592 1992 suas
610 1938 670 1992 sine
686 1945 778 1993 mente
797 1945 826 1992 et
843 1938 937 1993 fructu
957 1939 1065 1993 demur-
1092 1934 1155 1990 ned.
1174 1935 1244 1990 Aria
1259 1936 1390 1992 Montano
1417 1936 1511 2006 h.1.);
1541 1939 1595 1992 illis
1615 1944 1708 1994 tamen
1723 1939 1846 1993 nondum
1863 1957 1925 2009 per-

234 2021 406 2077 mutantibus
432 2023 601 2092 discernere,
625 2025 692 2080 Luc.
714 2031 753 2087 11,
771 2043 796 2080 v.
818 2031 849 2081 2:
879 2028 948 2081 Cum
967 2027 1066 2090 oratis,
1092 2021 1195 2075 moveri
1213 2031 1372 2092 possumus,
1391 2028 1423 2077 ut
1440 2042 1502 2079 cum
1520 2024 1702 2092 Bellarmino,
1720 2024 1879 2081 hialdonato
1896 2029 1927 2080 et

235 2109 329 2177 dicte,
345 2110 435 2163 Pater
448 2118 548 2166 nostor.
583 2111 653 2166 Indo
671 2110 860 2166 Tertullianus
878 2111 949 2166 hano
968 2112 1066 2168 oratio.
1092 2106 1154 2160 aliis
1177 2106 1248 2162 hanc
1272 2108 1424 2163 clausulam
1441 2128 1491 2180 pro
1509 2111 1657 2182 peregrina
1673 2117 1702 2166 et
1718 2111 1862 2181 adjectitia
1878 2110 1926 2166 ha·

234 2192 277 2248 nis
300 2195 446 2251 formulam
476 2213 494 2251 a
516 2195 626 2252 Christo
649 2197 848 2268 praescriptam
874 2203 955 2253 vocat
977 2200 1066 2269 lepem
1092 2191 1222 2259 beamus,
1249 2193 1298 2248 sed
1321 2200 1428 2264 partem
1449 2194 1607 2266 Scripturas
1629 2196 1779 2251 canonicae
1806 2194 1925 2252 eandem

238 2284 351 2346 orandi,
369 2282 399 2337 in
416 2282 462 2338 lib.
483 2283 518 2337 do
536 2283 661 2339 oratione
680 2300 740 2356 cap.
759 2289 783 2340 9.
819 2283 975 2355 Cyprianus
994 2284 1020 2341 d,
1033 2286 1066 2342 1,;
1093 2295 1153 2334 esse
1176 2278 1327 2346 credimus,
1353 2287 1374 2336 1.
1393 2282 1461 2351 quia
1484 2283 1512 2335 in
1532 2281 1672 2353 plerisque
1690 2282 1818 2337 omnibus
1837 2281 1925 2338 Grae·

240 2366 293 2430 eri
326 2369 400 2422 loro,-
432 2377 525 2424 colora
559 2370 702 2425 ,alutam
728 2388 781 2424 ,oa
802 2373 907 2426 monto,
934 2378 961 2425 ,l
978 2390 1067 2443 pm.
1093 2378 1187 2418 corum
1211 2365 1414 2436 exemplaribus
1440 2372 1482 2420 est
1500 2368 1618 2436 adjecta.
1651 2367 1789 2424 Robertus
1807 2367 1924 2440 Stepha-

234 2461 316 2524 σφεα
341 2455 455 2520 divino,
478 2455 577 2524 polono
597 2456 706 2526 popolo
725 2474 777 2511 ooo
794 2458 916 2512 ,omullo
932 2461 974 2511 nd
990 2459 1065 2512 loto.
1093 2465 1146 2503 nus
1164 2449 1193 2502 in
1210 2452 1396 2506 vetustissimo
1416 2452 1511 2507 codice
1529 2452 1637 2508 Graeco
1656 2470 1718 2508 eam
1736 2454 1853 2525 reperit,
1875 2457 1924 2526 qui

82 2555 160 2598 svm.
176 2555 221 2600 rsa.
233 2547 297 2610 tem,
315 2543 422 2595 orandi
438 2541 499 2612 ipae
509 2543 640 2610 sarnum
659 2543 753 2609 dede,
772 2544 832 2613 ipm
851 2545 922 2614 quid
934 2561 1065 2614 precare·
1092 2541 1170 2590 extro
1185 2554 1271 2592 nnnm
1289 2537 1343 2592 fnit
1362 2538 1581 2609 antiquissimus,
1598 2539 1729 2594 Erasmus
1749 2540 1778 2594 in
1795 2541 1924 2596 omnibus

233 2645 312 2693 mar,
336 2628 442 2681 monuit
467 2636 492 2682 ot
512 2629 650 2686 immori,
687 2629 859 2685 Cooloolinuo
877 2629 959 2695 dicit,
977 2631 1066 2699 loono,
1093 2620 1207 2677 Graecis
1233 2624 1435 2693 exemplaribus
1465 2641 1526 2680 eam
1554 2627 1668 2695 reperiri
1696 2627 1801 2683 asserit
1840 2634 1863 2685 2.
1891 2629 1925 2683 ln

234 2714 341 2768 orandi
357 2731 415 2769 esse
430 2714 520 2784 tapam
539 2713 676 2768 crudanda¹
691 2722 717 2769 et
736 2715 823 2782 iopam
843 2717 956 2785 (spondi,
1093 2706 1208 2778 Syriaca
1241 2710 1406 2782 paraphrasi
1434 2711 1484 2766 illa
1514 2711 1638 2767 clausula
1668 2713 1763 2768 itidem
1795 2714 1923 2770 habetur.

268 2806 326 2856 414.
357 2801 447 2856 Minor
464 2800 632 2872 propositio,
658 2801 733 2872 quod
753 2807 909 2856 sanctornm
927 2803 1065 2859 invocatio
1093 2801 1116 2850 3.
1142 2794 1353 2867 Chrysostomus
1378 2804 1405 2852 et
1423 2798 1483 2868 ejus
1503 2796 1678 2854 abbreviator
1697 2799 1923 2872 Theophylactus

232 2902 289 2941 non
311 2893 448 2958 congruat
468 2904 532 2942 cum
556 2888 645 2941 lorma
667 2886 851 2943 invocationis
865 2888 894 2943 in
914 2890 1065 2961 Scripturis
1092 2883 1208 2938 onndom
1238 2884 1463 2955 interpretantur.
1501 2893 1526 2942 4.
1557 2886 1628 2941 Sunt
1653 2886 1740 2942 verba
1765 2889 1924 2958 scripturae

232 2973 318 3028 moris
345 2980 374 3028 et
399 2974 428 3028 in
448 2973 580 3029 Oratione
604 2973 906 3044 Dominicassexpressa,
931 2977 1065 3047 probatur
1091 2971 1240 3026 ennonione
1258 2972 1331 3026 omni
1349 2980 1476 3042 11111111
1496 2971 1661 3041 conformia,
1678 2975 1837 3044 cumprimis
1857 2992 1923 3031 vero

236 3061 260 3113 1,
280 3075 312 3113 η
326 3061 537 3129 praetorium,
576 3059 657 3124 Quod
674 3059 703 3114 in
724 3059 788 3115 fidoi
808 3060 931 3116 articuli,
950 3080 1005 3117 110„
1016 3063 1063 3118 ha.
1090 3056 1243 3127 gratiarum
1271 3057 1372 3113 actioni
1393 3057 1545 3113 Davidicae
1580 3064 1601 3115 1.
1628 3059 1719 3115 Parel.
1747 3066 1796 3129 29,
1822 3079 1848 3114 v.
1875 3068 1923 3117 11:

234 3143 315 3200 betur
332 3147 361 3200 in
373 3145 517 3218 Scriptura
525 3163 692 3217 expressum,
711 3146 780 3200 illud
796 3165 846 3218 pro
855 3149 959 3219 rejecto
976 3166 1010 3204 ac
1022 3168 1062 3206 re·
1093 3143 1119 3195 T
1117 3143 1157 3196 itt
1179 3145 1301 3197 Demtne
1323 3146 1547 3212 mapnificentio,
1575 3145 1647 3201 1111)-
1679 3133 1787 3222 *iiii
1813 3155 1841 3201 et
1869 3164 1923 3216 ΡΟ·

238 3230 541 3302 pudiatoaSoripturis
551 3232 681 3304 dogmate
690 3233 788 3288 merito
799 3240 934 3289 censetur.
949 3234 1063 3292 invoca·
1090 3229 1177 3283 1111111
1201 3237 1226 3283 ot
1247 3230 1341 3299 oloris
1362 3239 1388 3286 et
1410 3231 1530 3286 victorio
1554 3233 1694 3300 11110111,
1720 3234 1788 3301 quio
1813 3241 1922 3302 cuncto,

235 3318 276 3372 tio
296 3323 454 3373 sanctorum
472 3319 501 3374 in
510 3317 641 3374 Oratione
651 3319 799 3375 Dominica
813 3338 868 3376 non
887 3321 1005 3378 habetur
1019 3340 1064 3378 ex·
1089 3333 1161 3384 11111
1187 3317 1218 3369 in
1240 3318 1325 3372 ootlt'o
1351 3327 1377 3372 et
1400 3327 1477 3373 terra
1504 3327 1581 3388 αααί,
1606 3327 1652 3372 tna
1674 3328 1752 3389 tunt,
1781 3327 1858 3374 tuum
1882 3329 1923 3375 est

233 3421 336 3473 pressa.
374 3404 457 3477 Ergo.
489 3409 515 3459 2.
535 3411 559 3460 A
577 3407 676 3460 Patris
699 3407 896 3477 appellatione.
930 3408 1011 3463 Illum
1033 3410 1062 3465 in
1089 3419 1205 3471 repnum
1217 3410 1244 3455 et
1258 3403 1394 3459 exaltatio
1406 3422 1493 3474 super
1506 3422 1613 3460 omnem
1622 3406 1791 3475 principem.
1811 3413 1836 3461 5.
1849 3404 1922 3461 Pau-

231 3488 361 3560 prccibus
384 3491 485 3546 nostris
509 3492 688 3561 invocamus,
711 3492 759 3564 qui
787 3500 828 3548 est
850 3494 934 3549 Pater
952 3495 1062 3550 Domini
1089 3488 1131 3542 1111
1156 3494 1180 3546 2·
1197 3488 1269 3544 Tim·
1295 3496 1325 3554 4,
1344 3509 1371 3546 V·
1394 3495 1431 3547 18-
1453 3498 1581 3562 repetent
1608 3493 1735 3547 1111111111
1759 3493 1921 3562 petitionem

230 3576 316 3631 nostri
332 3577 402 3633 Jesu
428 3582 457 3633 et
475 3585 589 3648 propter
608 3579 687 3633 illum
706 3595 740 3634 ac
757 3579 785 3633 in
804 3579 852 3634 illo
871 3582 953 3636 etiam
969 3589 1062 3638 noster
1089 3573 1304 3630 deliberatione
1323 3577 1444 3640 111110.
1466 3576 1618 3632 1111111111
1637 3577 1920 3648 1111111ὐίαγαστιαὴν

229 3661 321 3716 Pater.
362 3663 409 3718 Ita
435 3664 508 3718 enim
534 3663 659 3720 Christus
686 3683 742 3720 non
772 3666 860 3720 solum
886 3666 984 3732 verbo,
1012 3669 1060 3724 sed
1087 3665 1133 3714 stul
1146 3658 1336 3732 εὖχαρισιικὴν
1344 3662 1460 3727 addidit,
1471 3666 1518 3718 oui
1527 3666 1623 3733 ploria
1633 3667 1662 3718 in
1672 3665 1803 3720 seculum.
1823 3666 2046 3725 6.Joh.¹v111.u

229 3748 311 3805 mam
338 3748 461 3818 exemplo
487 3766 538 3804 nos
563 3750 659 3805 docuit
677 3750 741 3807 Joh.
764 3757 804 3819 12,
825 3771 851 3809 v.
871 3758 911 3808 27.
938 3770 999 3823 cap.
1022 3760 1060 3824 11,
1087 3746 1306 3818 Ditenbergerus
1316 3748 1345 3803 in
1354 3750 1453 3820 glossis
1462 3749 1545 3822 hujus
1560 3751 1613 3806 loci
1627 3750 1738 3816 fatetur,
1748 3751 1817 3807 haec
1831 3753 1919 3809 verba

228 3852 253 3888 v.
277 3841 299 3892 1,
322 3834 418 3890 Matth,
438 3840 481 3900 26,
507 3852 533 3892 v,
554 3841 594 3892 39,
614 3843 666 3892 oto.
703 3837 791 3908 Atqui
820 3837 889 3893 hnoo
910 3840 1061 3910 appellatio
1088 3833 1115 3886 in
1144 3833 1260 3889 Graecis
1285 3836 1487 3907 exemplaribus
1512 3836 1617 3892 haberi.
1663 3837 1806 3893 Hactenus
1831 3842 1920 3911 major

226 3936 282 3975 non
308 3921 436 3977 convenit
460 3922 573 3978 auctis.
609 3925 637 3978 3.
661 3923 689 3977 A
716 3924 882 3977 metatore
901 3927 1060 3980 ‹tenontna-
1086 3920 1256 3989 propositio,
1285 3922 1409 3993 sequitur
1437 3924 1533 3978 minor.
1571 3925 1637 3978 lam
1664 3941 1730 3979 voro
1752 3925 1820 3981 hece
1844 3926 1920 3982 cleu·

227 4009 309 4062 tione.
343 4006 505 4062 invocamus
530 4008 609 4062 illum
628 4009 740 4063 Patrem
760 4015 883 4063 nonnum
902 4011 931 4065 in
950 4011 1060 4066 nomine
1086 4005 1148 4060 sula
1172 4023 1227 4060 non
1251 4014 1343 4079 potest
1362 4009 1459 4064 referri
1478 4011 1514 4064 ad
1533 4018 1658 4077 sanctos,
1687 4028 1750 4065 cum
1769 4012 1873 4082 ubique
1890 4013 1919 4066 in

226 4094 330 4150 Christi
359 4094 532 4160 mediatoris,
562 4096 590 4148 in
613 4111 668 4165 quo
691 4095 794 4147 dilecto
820 4097 902 4150 etiam
924 4114 975 4151 noa
993 4098 1059 4152 dili·
1087 4091 1236 4162 Scripturis
1259 4094 1296 4148 ad
1320 4095 1409 4150 solum
1426 4094 1535 4166 Deum,
1561 4097 1688 4167 nuspiam
1705 4115 1770 4152 vero
1789 4099 1824 4152 ad
1843 4116 1918 4155 crea·

226 4182 319 4251 otmar
350 4185 379 4235 et
405 4179 583 4245 exaudimur,
616 4179 717 4250 Ephes.
737 4185 767 4249 1,
795 4199 821 4239 v.
840 4187 864 4237 6.
903 4182 967 4238 Jam
995 4200 1059 4238 vero
1087 4185 1163 4232 turns
1184 4178 1327 4245 celeratur,
1346 4180 1425 4238 Rom,
1448 4190 1469 4248 1,
1487 4200 1513 4237 v.
1525 4187 1567 4237 25.
1585 4201 1645 4255 cap.
1667 4190 1691 4248 9,
1708 4202 1733 4238 v.
1751 4193 1780 4239 5:
1799 4184 1829 4245 <is
1847 4187 1921 4239 torm

227 4267 317 4321 sancti
337 4282 392 4320 non
411 4272 476 4320 eunt
493 4267 592 4320 unicus
612 4265 658 4321 ille
676 4265 819 4321 mediator.
840 4271 864 4320 4.
894 4270 940 4322 At
959 4270 1062 4339 ohJ'ecti
1087 4264 1231 4334 αὒίογητὸς
1261 4272 1299 4326 εἰς
1331 4269 1398 4328 τούς
1425 4271 1533 4328 αἰῶνας.
1568 4285 1628 4339 nep·
1659 4276 1703 4338 ll,
1732 4289 1757 4325 v.
1786 4277 1833 4327 ³6:
1856 4271 1922 4341 Ipsi

227 4352 425 4420 dmmaptione.
473 4350 556 4406 Illum
588 4352 617 4406 in
649 4350 779 4406 Oratione
809 4351 956 4409 Dominica
984 4358 1059 4412 invo·
1085 4349 1179 4418 ploria
1198 4351 1228 4403 in
1245 4354 1348 4408 secula
1373 4369 1435 4423 cap.
1457 4358 1496 4421 16,
1517 4371 1543 4410 v.
1564 4359 1612 4411 27:
1634 4355 1698 4409 Soli
1715 4357 1838 4426 sapienti
1854 4360 1919 4411 Deo

227 4453 330 4501 murus,
353 4438 400 4508 qui
420 4438 622 4501 estimoniis,
642 4437 1059 4512 idestquiestubiqueprue·
1086 4436 1181 4505 ,toria
1199 4438 1228 4489 in
1246 4439 1350 4495 noento·
1380 4438 1600 4510 (1011119111,
1620 4449 1683 4498 15·
1713 4441 1820 4513 1111113.
1839 4450 1920 4500 111.

228 4539 299 4589 sens,
320 4531 352 4578 ut
371 4523 518 4594 Philippus
535 4522 733 4579 Melanchthon
751 4525 780 4579 in
798 4524 865 4579 locis
885 4532 1059 4598 recteexpo-
1086 4520 1187 4592 Philip.
1206 4529 1231 4588 l,
1247 4541 1272 4578 v.
1286 4528 1328 4581 20.
1364 4532 1383 4581 l.
1405 4524 1478 4580 Tim.
1502 4533 1524 4589 l,
1543 4545 1569 4582 v.
1589 4533 1629 4583 lt.
1664 4534 1688 4583 2.
1707 4528 1778 4584 Tim.
1794 4534 1818 4598 4,
1839 4547 1863 4582 v.
1878 4532 1918 4585 lt.

227 4609 286 4676 nit,
314 4609 362 4680 qui
386 4607 422 4664 ob
443 4609 564 4664 divinam
584 4627 662 4665 suam
682 4611 910 4681 omnipotentiam
928 4620 956 4667 et
973 4613 1059 4667 omui·
1086 4606 1158 4664 Heb.
1186 4613 1226 4678 13,
1250 4628 1274 4663 v.
1304 4617 1344 4666 21.
1370 4618 1421 4666 etc.
1454 4619 1475 4666 1.
1494 4611 1566 4668 Petr.
1587 4620 1612 4681 4,
1637 4622 1667 4671 v.'
1691 4620 1735 4671 11:
1761 4605 1781 4684 ᾧ
1804 4620 1880 4671 ἐστιν
1903 4615 1918 4683 ἡ

226 4695 411 4766 praesentiam
430 4697 640 4761 normandus,
660 4714 694 4751 er
712 4697 840 4752 omnibus
857 4699 936 4753 malis
954 4700 1059 4770 eripere
1085 4692 1153 4756 iiio
1180 4699 1226 4749 toi
1251 4698 1282 4750 τὸ
1310 4695 1410 4766 κράτος
1437 4703 1475 4759 εἰς
1498 4700 1561 4760 τοὺς
1590 4704 1691 4758 αἰῶνας
1717 4702 1771 4754 suin
1800 4699 1918 4756 αἰώνων.

226 4789 254 4837 et
277 4781 392 4852 quaevis
419 4781 575 4837 necessaria
601 4783 681 4839 nobis
709 4783 833 4838 conferre
858 4791 966 4854 potest.-
993 4786 1058 4841 Jam
1084 4796 1146 4850 111).
1170 4789 1193 4848 5,
1216 4789 1306 4839 vll:
1332 4783 1406 4854 αὐτῷ
1429 4782 1444 4851 ἦ
1470 4782 1539 4846 δόξα
1564 4790 1608 4840 καί
1628 4786 1658 4839 τὸ
1682 4786 1836 4857 univorsis
1858 4787 1920 4850 τοὺς

225 4884 290 4923 vero
317 4867 406 4921 sancti
434 4884 490 4922 non
518 4873 582 4922 sunt
608 4870 808 4939 omnipotentes
833 4887 884 4926 neo
904 4871 1056 4942 omniprae·
1084 4870 1187 4928 αἰῶνας
1208 4865 1325 4922 αἰώνων.
1359 4876 1382 4925 2.
1400 4870 1475 4926 Petr.
1494 4878 1518 4939 3,
1544 4889 1569 4924 v.
1589 4877 1633 4927 18:
1661 4870 1737 4942 αὐτῷ
1754 4871 1851 4940 idriis
1871 4879 1918 4928 καί

225 4960 326 5010 sentes.
363 4959 389 5007 t.
421 4955 467 5007 Es
492 4970 587 5007 eorum
611 4972 683 5026 quae
702 4957 825 5025 petimus
843 4959 1056 5012 enumeratione.
1083 4953 1136 5006 rou
1159 4957 1206 5006 καὶ
1231 4958 1268 5014 sic
1293 4953 1401 5028 ἡμέραν
1419 4959 1526 5018 clauos.
1564 4958 1631 5015 tud.
1654 4977 1680 5012 v.
1700 4965 1747 5015 25:
1780 4959 1844 5014 Soli
1871 4978 1917 5015 sa·

223 5040 306 5094 Illum
333 5039 422 5095 solum
448 5040 609 5095 invocamus
637 5058 670 5095 ex
695 5040 798 5097 Christi
825 5045 1010 5116 praescripto,
1038 5059 1056 5097 a
1077 5040 1172 5106 pionii
1186 5040 1251 5094 Deo
1266 5041 1412 5096 &lectori
1424 5052 1521 5098 nostro
1539 5045 1635 5114 plocio
1655 5054 1681 5099 et
1701 5048 1918 5118 mupnificentia,

223 5144 279 5198 quo
295 5125 431 5196 petimus,
448 5134 479 5181 ut
497 5143 613 5194 repnum
630 5127 721 5196 ipsiius
740 5129 888 5193 adueniat,
906 5137 937 5183 ut
956 5145 1055 5183 mmen
1081 5127 1166 5180 robur
1196 5135 1223 5180 et
1249 5134 1376 5197 potestas
1412 5138 1439 5182 et
1466 5148 1539 5184 nunc
1570 5141 1596 5184 et
1626 5133 1655 5184 in
1687 5135 1782 5186 omnio
1811 5135 1916 5190 secula.

180 5251 182 5255 ψ
222 5212 303 5266 illiue
322 5212 526 5279 candificetur,
556 5214 608 5276 fiat
636 5214 697 5281 ejus
716 5214 862 5282 voluntas,
890 5222 920 5267 ut
941 5215 990 5268 det
1008 5232 1053 5269 no-
1081 5210 1170 5282 Apoo.
1193 5218 1215 5283 1,
1239 5230 1265 5266 v·
1284 5221 1316 5269 o:
1341 5214 1406 5284 Ipsi
1429 5217 1525 5284 plor-ia
1552 5224 1578 5270 et
1606 5218 1752 5286 imperium
1772 5220 1802 5273 in
1820 5222 1916 5275 secula

223 5297 264 5352 tn
282 5315 387 5371 panem
411 5299 619 5368 quotidianum,
649 5300 773 5353 remittat
800 5300 879 5354 nobis
894 5301 990 5355 debita
1007 5318 1056 5354 no·
1082 5300 1246 5355 semmam
1287 5301 1373 5371 Apoc.
1408 5309 1436 5371 4,
1463 5321 1488 5356 v.
1516 5308 1562 5359 ll:
1596 5305 1709 5373 Dipnus
1735 5321 1764 5359 es
1793 5306 1916 5360 Domine

222 5392 291 5452 stra,
316 5403 372 5438 non
392 5386 509 5439 inducat
526 5385 556 5438 in
574 5384 759 5449 tentationem,
778 5388 830 5440 sed
849 5387 948 5440 liberet
965 5405 1015 5441 nos
1037 5405 1056 5440 a
1082 5387 1163 5440 Deus
1188 5394 1282 5439 noster
1307 5388 1435 5457 accepere
1460 5389 1581 5457 ploriam
1607 5399 1633 5443 et
1657 5392 1789 5445 bonorem
1813 5401 1839 5446 et
1861 5396 1916 5446 oir-

220 5470 305 5525 malo.
345 5471 385 5526 At
404 5487 423 5525 a
439 5471 542 5525 sanctu
562 5470 630 5526 haec
649 5470 742 5525 omnia
761 5471 790 5526 in
811 5489 894 5528 mnan
912 5473 1055 5543 complexo
1082 5479 1182 5541 tutem,
1205 5472 1273 5542 quia
1291 5480 1322 5525 tu
1338 5474 1442 5528 creasti
1458 5476 1553 5529 omnia
1567 5484 1592 5529 et
1609 5487 1728 5550 propter
1746 5478 1914 5535 voluntatem

221 5565 249 5616 et
273 5557 421 5614 universim
444 5564 535 5613 sumta
554 5562 649 5628 petere
667 5573 722 5612 non
739 5573 901 5628 possumus,
928 5558 1003 5630 quod
1020 5574 1056 5614 ne
1082 5568 1161 5614 tuam
1179 5565 1245 5613 eunt
1265 5564 1291 5612 et
1308 5569 1405 5615 meato
1422 5569 1495 5615 sunt.
1532 5560 1621 5633 Apoc.
1641 5569 1666 5627 t,
1686 5581 1712 5620 v.
1732 5570 1776 5619 13:
1798 5565 1916 5623 &denti
