4104 6014
278 124 338 183 tta
851 118 973 177 Locus
990 118 1196 178 VIOESIMUB
1213 119 1361 180 SEXTUS

277 279 383 343 papatu
405 273 498 329 adbuc
522 281 582 330 erat
604 274 753 330 multorum
776 275 875 328 animis
903 273 1001 343 infixa,
1028 274 1108 345 quasi
1135 292 1210 329 mus:
1228 294 1324 333 rerum
1343 275 1427 347 hujus
1444 278 1593 349 parabolae
1611 296 1722 335 semum
1741 278 1920 349 exposuimus
1937 277 1967 333 in

278 359 386 415 animae
410 361 439 414 in
463 361 623 432 purgatorio
648 359 754 431 aliquid
778 361 907 432 supplicii
934 360 1012 415 luere
1029 377 1109 432 coge·
1135 369 1244 418 tractat.
1276 363 1412 419 debonis
1438 365 1568 436 operibus
1597 372 1620 429 1.
1644 372 1700 422 114.
1720 365 1773 421 boo
1797 366 1859 421 loco
1878 380 1970 420 mone·

279 449 383 510 rentur,
401 446 509 501 eximat.
549 447 594 501 Sic
612 464 678 518 crgo
695 448 802 501 animas
820 447 938 501 dormire
957 456 985 500 11
1003 446 1109 516 requie·
1136 467 1212 512 mus,
1240 450 1386 520 parabolas
1413 468 1469 505 non
1494 454 1567 506 omni
1588 470 1622 507 cx
1641 460 1721 524 parte
1740 452 1893 522 quadrare,
1921 450 1970 505 sed

279 548 356 586 scere
373 533 443 587 dixit
460 551 543 588 sensu
560 551 608 602 co,
635 535 710 605 quod
729 535 817 588 omnis
837 533 953 595 doloris,
972 533 1111 601 tormenti,
1137 537 1315 607 principalem
1333 553 1447 607 scopum
1465 538 1494 592 in
1512 538 1567 592 illis
1584 539 1665 593 unice
1682 538 1883 593 attendendum
1902 554 1970 593 esse

279 619 418 672 cruciatus
436 636 470 674 ao
487 635 594 690 poenae
613 622 723 690 penitus
749 621 804 675 sint
822 625 962 690 expertes,
988 619 1111 673 imitatus
1137 622 1219 675 Adde
1240 623 1314 692 quod
1334 640 1383 693 per
1401 641 1544 694 vesperam
1562 642 1618 680 nou
1637 625 1726 679 solum
1745 631 1855 696 tempus
1869 623 1971 694 judicii

264 702 333 774 ,bac
349 705 377 757 in
396 714 475 775 parte
496 705 619 777 linguam
633 705 753 777 Spiritus
771 707 860 760 sancti
878 705 965 774 Apoc.
979 711 1003 772 6,
1024 723 1048 759 1.
1072 712 1110 761 tt.
1136 708 1310 775 universalis,
1327 709 1375 763 sed
1394 709 1476 764 etiam
1489 712 1655 781 particulare
1673 713 1808 782 cujusque
1822 711 1970 781 judicium,

279 791 328 844 nbi
345 794 492 846 animabus
511 795 617 847 dictum
632 795 710 862 suit,
738 800 767 846 ut
789 792 994 860 requiescerent
1018 792 1111 844 adbuc
1137 793 1212 862 quod
1231 794 1259 847 in
1278 800 1366 848 morte
1388 796 1540 868 contingit.
1568 799 1711 853 commode
1739 797 1857 869 intelligi
1875 797 1971 866 possit

277 878 426 946 paululum
452 881 593 949 temporis.
634 885 657 938 5.
678 879 744 934 Ideo
770 880 852 934 etiam
875 877 981 932 animas
1004 878 1111 948 requie·
1137 879 1266 935 111161.
1284 886 1315 948 4,
1334 886 1408 938 ab:
1433 882 1631 952 Inqrediemur
1651 886 1681 938 in
1699 885 1825 952 requiem
1844 901 1904 948 nos,
1922 882 1973 952 qui

278 980 357 1018 scere
374 964 449 1032 dicit,
470 966 536 1036 quia
549 967 674 1021 nescium
685 966 716 1019 in
729 965 914 1034 particulari,
932 965 1003 1033 quid
1015 981 1110 1016 rerum
1136 967 1316 1020 credidimus.
1356 966 1580 1038 Respondemus:
1603 970 1723 1042 Requies
1747 970 1797 1024 illa
1815 969 1969 1027 animumn

276 1050 306 1101 in
326 1052 430 1104 mundo
451 1059 561 1117 aqatur.
583 1051 613 1105 in
630 1069 727 1107 comm.
754 1068 816 1121 cap.
841 1056 885 1106 25.
912 1049 981 1106 Gen.
1006 1067 1033 1119 p.
1052 1054 1110 1104 322:
1136 1051 1319 1123 intelligenda
1346 1062 1389 1107 est
1414 1061 1542 1125 respectu
1561 1057 1675 1110 termini
1691 1074 1710 1110 c
1729 1074 1798 1125 quo,
1824 1054 1900 1127 quod
1927 1071 1969 1108 re·

278 1138 392 1190 Mortui
420 1146 485 1190 ante
507 1138 645 1193 Christum
666 1140 773 1192 comati
796 1147 859 1191 sunt
877 1139 907 1190 in
922 1136 1111 1205 promissione
1137 1140 1280 1206 quiescant
1304 1158 1322 1192 a
1346 1140 1490 1193 laboribus
1516 1147 1544 1196 11
1569 1141 1715 1207 molestiis,
1742 1141 1845 1214 quibus
1869 1142 1900 1196 in
1917 1139 1970 1194 bae

277 1224 363 1287 uerbi,
381 1224 411 1276 in
431 1243 484 1294 quo
501 1225 669 1279 uineruntin
687 1226 739 1279 boc
756 1226 815 1279 uita
833 1233 859 1278 et
876 1222 1024 1277 morientes
1043 1240 1110 1290 quo·
1136 1225 1193 1277 rita
1224 1225 1266 1295 pii
1293 1225 1412 1295 subjecti
1440 1226 1533 1290 fuere,
1566 1245 1637 1298 quae
1663 1228 1810 1298 explicatio
1842 1227 1970 1282 tradetur

278 1325 330 1377 que
352 1310 474 1379 inpressi
496 1318 561 1364 sunt
585 1312 686 1378 uitam,
712 1319 738 1364 et
761 1327 825 1364 uere
848 1311 905 1364 cisi
916 1312 1037 1378 fuerunt
1058 1313 1111 1362 etc.
1135 1310 1223 1379 Apoc.
1245 1316 1289 1379 14,
1319 1328 1344 1367 r.
1373 1316 1411 1367 13.
1437 1329 1493 1367 non
1517 1320 1610 1368 autem
1634 1322 1761 1385 respectu
1784 1313 1900 1368 termini
1930 1315 1971 1366 ad

140 1406 217 1450 xviii.
230 1408 264 1450 11.
281 1397 434 1451 Verborum
455 1398 559 1452 Cbrists'
583 1399 624 1451 ad
649 1399 786 1452 latronem
813 1397 882 1451 baec
906 1405 946 1450 est
965 1395 1225 1465 sententio,;quem,
1249 1398 1329 1467 quasi
1347 1399 1456 1454 animae
1476 1399 1583 1469 piorum
1603 1418 1698 1456 mnino
1715 1401 1837 1471 quodam
1858 1401 1967 1471 sopitae

277 1484 359 1537 bodie
377 1501 482 1537 mecum
504 1486 560 1537 eris
580 1485 778 1553 inparadiso,
804 1485 894 1538 idest
911 1485 941 1537 in
960 1500 1020 1536 meo
1037 1482 1109 1546 sinu,
1134 1490 1198 1553 post
1229 1489 1344 1538 mortem
1374 1486 1562 1556 requiescant,
1601 1504 1634 1541 eo
1665 1489 1736 1542 enim
1772 1492 1902 1557 respectu
1933 1486 1968 1540 de

276 1570 326 1622 ubi
339 1587 390 1637 eqo
410 1589 485 1636 sum,
511 1571 645 1624 similiter
662 1579 692 1623 tu
711 1571 776 1637 eris,
793 1570 835 1623 ibi
852 1570 959 1623 coslum
978 1576 1006 1621 et
1019 1535 1242 1640 ματα-11131111
1260 1579 1288 1625 11
1305 1570 1396 1626 beatis
1416 1572 1444 1626 in
1464 1573 1541 1626 coelo
1556 1572 1667 1638 dicitur,
1687 1576 1764 1642 quod
1780 1575 1970 1628 nonbubecnt

276 1657 355 1710 disus
380 1657 454 1710 idem
479 1665 557 1726 sunt,
584 1658 642 1710 nisi
670 1659 746 1726 quod
773 1657 866 1711 adbuc
892 1657 973 1725 apud
996 1662 1109 1707 sanctos
1134 1659 1258 1725 requiem
1276 1658 1323 1710 die
1341 1675 1375 1710 oc
1395 1667 1487 1721 nocte,
1513 1660 1561 1712 sed
1583 1659 1741 1714 incessabili
1760 1659 1872 1714 laudum
1891 1677 1970 1729 prae·

276 1744 354 1811 quies
380 1749 408 1796 et
433 1761 491 1813 pce
517 1752 570 1812 est,
603 1762 660 1797 non
682 1762 807 1814 requam.
860 1743 989 1798 Christus
1014 1749 1053 1795 est
1076 1741 1108 1793 iu
1133 1743 1214 1797 conio
1232 1742 1323 1798 Deum
1342 1743 1484 1799 celebrent
1501 1746 1590 1814 Apoc.
1610 1751 1641 1809 4,
1668 1763 1691 1803 ν,
1709 1751 1733 1802 8.
1770 1745 1847 1801 Deus
1866 1746 1970 1801 dicitur

275 1830 354 1884 coelo
386 1831 430 1884 ael
456 1832 614 1899 paradiso,
645 1839 676 1884 ut
703 1833 848 1901 qubernet,
878 1830 997 1898 judicet,
1028 1835 1107 1894 rcqat
1132 1830 1301 1898 requievisse
1331 1833 1378 1884 die
1404 1832 1520 1902 septimo
1545 1829 1645 1886 Genea.
1664 1837 1694 1898 2,
1722 1837 1792 1888 12.
1821 1841 1850 1887 11
1873 1839 1968 1889 tamen

275 1916 435 1985 ecclesiam,
456 1918 549 1971 mutat
568 1918 683 1987 anqelos
702 1920 743 1971 ad
761 1917 894 1970 ecclesiae
914 1914 1106 1983 ministerium,
1134 1933 1190 1970 non
1219 1917 1324 1970 dormit
1352 1934 1441 1985 neque
1469 1918 1618 1984 dormitat,
1648 1918 1699 1986 qui
1724 1920 1847 1972 custodit
1873 1919 1969 1972 lsrael

275 2003 426 2056 carritum
444 2005 520 2058 donc
539 2005 707 2070 bominibus,
737 2020 846 2071 semper
872 2003 945 2055 enim
964 2008 1106 2070 operatur,
1131 2001 1233 2057 Psalm.
1267 2007 1332 2070 121,
1359 2020 1383 2056 1.
1421 2009 1445 2057 4.
1501 2002 1619 2058 Animae
1652 2010 1804 2074 martyrum
1829 2005 1967 2074 jubentur

276 2106 332 2142 non
349 2089 465 2157 quiescit
479 2090 551 2142 sicut
567 2089 661 2143 suncti
677 2090 856 2157 dormientes,
872 2091 907 2142 de
919 2088 1017 2156 quibem
1035 2084 1106 2139 dici-
1132 2087 1329 2144 «transiretur
1348 2088 1436 2160 Apoc.
1455 2094 1486 2154 6,
1511 2107 1536 2144 v.
1560 2096 1597 2144 ll.
1621 2094 1651 2145 et
1669 2095 1763 2144 11111111
1781 2090 1907 2144 clamant
1925 2093 1968 2144 ud

274 2183 320 2227 tur
339 2175 410 2228 Esc.
432 2178 486 2228 63.-
501 2176 648 2229 Abrabam
665 2177 752 2229 ncscit
772 2193 822 2228 rios
839 2181 865 2228 et
881 2175 976 2227 Isruiil
992 2173 1107 2242 iquorat
1132 2174 1224 2227 Deum
1250 2192 1316 2228 uoce
1342 2193 1447 2244 meqnu
1472 2193 1498 2229 1.
1520 2181 1559 2231 16.
1596 2174 1672 2245 Ergo
1695 2175 1773 2246 quies
1798 2192 1893 2230 aarum
1909 2193 1965 2230 non

273 2279 332 2317 nos.
380 2262 520 2329 Mcqnum
538 2262 634 2333 itaque
652 2262 804 2314 descrimen
822 2269 878 2327 est,
907 2261 979 2313 inter
994 2266 1107 2312 sanctos
1131 2261 1306 2330 estquidam
1325 2266 1471 2329 veternus,
1491 2261 1540 2315 sed
1558 2262 1667 2331 patiens
1687 2262 1857 2332 exspectatio
1874 2260 1966 2315 finalis

273 2349 442 2401 1111111111
457 2356 483 2400 et
501 2347 641 2402 Cbristum
659 2355 837 2416 reqnantem,
853 2347 901 2401 itu·
918 2346 1061 2400 dormiunt
1079 2353 1105 2398 et
1129 2346 1300 2401 liberationis
1320 2353 1350 2401 et
1367 2347 1569 2418 conjunctionis
1589 2364 1653 2402 cum
1671 2348 1832 2418 corporibus
1849 2347 1967 2404 resusci-

273 2436 409 2503 nesciunt,
444 2435 515 2503 quid
543 2441 660 2503 cqatur,
701 2442 727 2489 et
754 2441 845 2487 tamen
882 2433 1025 2502 quiescunt
1054 2436 1104 2485 etc.
1131 2433 1743 2503 11111111,Ε11.26,1.29.1)111.11112.
1781 2440 1805 2489 b.
1823 2433 1909 2489 Hebr.
1925 2438 1966 2500 ll,

272 2520 356 2576 ltem:
375 2523 481 2576 Anima
498 2539 554 2577 non
572 2523 613 2574 sic
632 2523 751 2586 dormit,
768 2521 1002 2590 quemadmodum
1019 2519 1051 2585 fit
1069 2517 1104 2571 ab
1131 2536 1158 2575 1.
1179 2521 1273 2577 311111
1292 2521 1397 2573 sanctis
1413 2520 1591 2592 patriurchis
1611 2521 1730 2590 dicitur,
1750 2522 1827 2590 quod
1845 2520 1965 2574 matimo-

273 2607 383 2661 bomine
412 2609 442 2662 in
472 2608 525 2661 bac
549 2608 622 2672 uita,
653 2610 706 2661 sed
725 2607 840 2677 uiqilut,
872 2623 969 2659 rerum
993 2605 1105 2659 interim
1130 2605 1177 2659 ns'o
1203 2606 1279 2674 fidei
1302 2606 1416 2674 probati
1444 2624 1500 2659 non
1526 2607 1686 2674 acceperint
1711 2607 1964 2675 repromissionem,
1979 2619 2050 2660 11111

263 2694 388 2760 1911111,
423 2711 495 2762 quae
519 2695 550 2746 in
578 2693 623 2746 bis
652 2694 736 2746 terris
765 2701 907 2760 qeruntur.
959 2699 983 2748 6.
1014 2691 1053 2746 Et
1076 2690 1105 2744 in
1131 2708 1157 2743 1.
1176 2697 1217 2746 49.
1238 2693 1302 2745 Deo
1314 2709 1371 2760 pro
1390 2692 1469 2746 nobis
1487 2693 1586 2745 melius
1604 2692 1717 2761 aliquid
1727 2695 1909 2762 providente,
1934 2702 1964 2745 ut

272 2795 333 2847 cap.
353 2784 394 2834 49.
413 2777 483 2834 Gen.
501 2797 527 2849 p.
547 2783 611 2835 647:
630 2780 727 2833 Nescit
743 2780 832 2847 bomo,
850 2781 987 2849 quomodo
1006 2779 1105 2832 obdor-
1130 2794 1187 2830 non
1213 2779 1275 2831 ains
1308 2779 1386 2832 uobis
1421 2786 1685 2835 consummarentur.
1736 2778 1964 2849 Respondemus:

272 2866 343 2918 miat
362 2874 411 2919 aut
441 2866 562 2935 eoiqs'let.
606 2873 631 2923 1.
647 2865 843 2935 Comparatiue
861 2864 964 2920 alicubi
984 2864 1106 2934 loquitur
1131 2863 1261 2932 Plerique
1279 2878 1312 2917 ex
1331 2863 1472 2918 veteribus
1498 2871 1639 2934 exponunt
1665 2865 1700 2919 de
1720 2871 1911 2920 consummata
1930 2881 1964 2919 ac

276 2956 406 3022 respectu
422 2951 518 3007 habito
544 2952 581 3008 ad
606 2953 761 3008 uberiorem
778 2951 979 3007 beatitudinem
996 2951 1025 3003 in
1046 2966 1104 3005 cor·
1132 2949 1256 3020 perfecta
1286 2950 1459 3005 beatitudine
1489 2950 1598 3005 animae
1629 2955 1657 3004 11
1686 2951 1809 3021 corporis
1847 2952 1876 3004 in
1907 2952 1966 3006 rita

272 3055 325 3107 pus
345 3055 377 3092 ex
401 3046 489 3093 morte
515 3039 709 3094 resuscitatum
733 3046 761 3094 et
790 3039 899 3093 animae
924 3038 1031 3092 unitum
1056 3036 1104 3091 ali·
1131 3043 1257 3103 aeterna,
1291 3035 1357 3106 quia
1382 3035 1524 3106 apostolus
1550 3054 1606 3090 non
1631 3035 1712 3102 dicit,
1742 3055 1776 3092 ne
1800 3037 1860 3093 sine
1885 3039 1965 3092 nobis

271 3123 382 3194 quando
402 3124 628 3180 redundaturum.
1131 3128 1380 3188 remunerarentur,
1399 3121 1447 3176 sed
1466 3139 1501 3177 ne
1520 3121 1581 3176 sine
1599 3122 1680 3175 nobis
1699 3134 1965 3192 consummarentur,

142 3232 212 3283 argu-
307 3215 365 3264 366.
406 3200 581 3280 Arqumer'rta
617 3210 962 3281 Psycbopannychitarum
996 3210 1105 3278 potiora
1131 3208 1161 3261 id
1181 3216 1224 3262 est
1242 3216 1460 3262 consummatam
1481 3207 1680 3263 beatitudinem
1698 3210 1861 3279 reciperent.
1898 3211 1965 3273 Qui-

144 3293 220 3325 ¹¹¹⁶¹¹t⁵
270 3295 340 3351 haec
364 3305 445 3352 sunt:
470 3299 628 3354 11111111·
653 3299 786 3351 dicuntur
813 3297 937 3351 dormire
962 3295 1060 3351 Mattb.
1079 3301 1103 3365 9,
1131 3295 1196 3348 dam
1217 3293 1251 3349 dc
1269 3293 1487 3349 sanctificatione
1508 3298 1536 3349 et
1553 3294 1688 3349 electione
1711 3295 1739 3348 in
1756 3297 1890 3366 populum
1911 3295 1964 3351 Dei

142 3339 244 3428 mpp-
270 3399 297 3437 1.
319 3382 498 3450 11111111,
517 3389 599 3439 1.11.
621 3387 683 3439 Α11.
700 3391 724 3453 1,
744 3402 769 3436 v.
782 3389 823 3439 69.
847 3382 944 3439 1.(111.
966 3389 1004 3446 15,
1022 3401 1048 3438 v.
1066 3388 1103 3439 18.
1130 3379 1298 3450 intelligunt.
1343 3380 1568 3436 Commodissima
1598 3381 1635 3435 ad
1659 3381 1817 3436 missionem
1842 3382 1907 3436 Filii
1935 3382 1964 3435 in
1994 3382 2001 3398 '

141 3440 228 3533 1111,ῗῖ
274 3466 407 3523 1.Tbess.
425 3476 450 3538 4,
468 3488 493 3525 r.
514 3475 618 3526 11111.
653 3469 878 3540 Respondemus:
898 3485 953 3539 quo
971 3486 1054 3524 sensu
1071 3486 1103 3522 ac
1130 3482 1285 3520 camemac
1302 3466 1464 3536 mysterium
1479 3466 1675 3521 incarnationis
1689 3466 1735 3521 hic
1749 3467 1825 3522 locus
1836 3467 1963 3531 refertur,

136 3542 256 3645 ⁸¹3,ssth
272 3563 401 3625 respectu
419 3574 503 3624 mors,
521 3556 684 3627 praesertim
702 3557 819 3628 piorum,
839 3556 998 3611 conferatur
1008 3573 1103 3610 somno
1129 3560 1161 3608 ut
1179 3552 1215 3606 sit
1233 3570 1343 3615 sensus,
1370 3552 1430 3622 pios
1448 3553 1482 3608 V.
1503 3552 1535 3606 T.
1562 3554 1734 3624 patriarchas
1754 3554 1963 3624 promissionem

239 3678 242 3684 .
270 3646 398 3702 etstatus
418 3661 512 3698 eorum
525 3651 588 3713 post
605 3651 720 3698 mortem
739 3642 905 3704 dormitioni,
926 3643 1100 3713 exposuimus
1129 3639 1164 3693 de
1183 3645 1298 3693 venturo
1320 3637 1423 3692 1111111
1439 3638 1495 3693 fide
1519 3639 1662 3709 amplexos
1682 3656 1742 3695 ease
1768 3658 1802 3695 ac
1822 3640 1962 3712 perhanc

268 3728 394 3797 superius
420 3735 442 3790 1.
467 3730 597 3784 11111111
621 3729 670 3783 illa
688 3730 812 3783 membra
829 3734 941 3799 praeter
958 3738 987 3784 et
1005 3735 1102 3783 contra
1128 3725 1211 3781 fidem
1230 3725 1291 3779 Deo
1310 3726 1461 3796 placuisse,
1485 3725 1534 3779 sed
1559 3732 1653 3781 tamen
1677 3726 1909 3795 complementum
1929 3745 1962 3784 ac

267 3812 438 3883 Scripturam
468 3815 557 3869 somni
584 3815 735 3885 appellatio
767 3832 822 3869 non
847 3822 890 3869 est
918 3813 1099 3870 extendenda.
1128 3812 1391 3866 consummationem
1409 3811 1492 3882 hujus
1511 3814 1702 3883 promissionis
1717 3814 1746 3866 in
1761 3813 1794 3869 N.
1808 3814 1920 3869 demum
1929 3815 1961 3869 T.

269 3898 466 3971 Optimaillius
485 3901 574 3955 somni
588 3901 734 3971 explicatio
752 3901 873 3955 traditur
890 3900 954 3956 Esa
968 3907 1010 3968 bl,
1027 3919 1053 3954 1.
1069 3906 1099 3956 2:
1128 3915 1187 3954 esse
1220 3904 1342 3969 secutam
1373 3916 1398 3954 1.
1429 3907 1452 3954 5.
1477 3905 1506 3954 11
1540 3904 1578 3954 13.
1609 3901 1704 3970 sicque
1732 3900 1824 3955 Deum
1855 3901 1962 3971 aliquid

272 3987 352 4040 Venit
368 4004 436 4056 pau,
456 3987 632 4056 requiescunt
650 3989 680 4040 irs
692 3987 829 4040 arabilibus
846 3987 920 4051 suis,·
937 3985 984 4041 nbi
996 4003 1050 4056 pax
1063 3986 1100 4040 ad
1128 3985 1225 4042 melius
1248 3985 1328 4039 nobis
1355 3985 1522 4054 providisse,
1549 3986 1623 4054 quod
1652 3987 1760 4041 scilicet
1785 3987 1877 4058 ipsum
1896 3987 1961 4042 Filii

267 4073 390 4144 animas,
430 4089 541 4127 somnus
572 4073 608 4127 ad
648 4089 763 4142 corpora
794 4073 823 4126 in
853 4073 986 4145 sepulcris
1016 4076 1099 4143 (quae
1126 4071 1181 4127 Dei
1201 4074 1229 4125 in
1248 4088 1357 4127 carnem
1376 4071 1526 4126 adventum
1545 4079 1573 4127 et
1592 4072 1779 4143 promissionis
1800 4074 1961 4129 1111111111-

267 4168 414 4230 propterea
429 4159 590 4232 κοιμητήρια
610 4176 642 4213 11
654 4159 758 4213 cubilia
777 4159 917 4227 dicuntur)
929 4159 1100 4229 quiescentia
1126 4158 1295 4228 plementum
1316 4158 1344 4211 in
1365 4156 1399 4213 N.
1418 4157 1451 4214 T.
1471 4158 1573 4212 intueri
1601 4167 1629 4214 et
1649 4158 1721 4214 banc
1739 4159 1960 4230 praerogativam

265 4246 396 4312 refertur,
423 4263 540 4317 corpora
573 4246 646 4301 enim
682 4245 718 4299 ad
748 4245 875 4301 habiturn
905 4244 1098 4300 dormientium
1125 4260 1193 4314 prae
1220 4245 1324 4298 sanctis
1351 4244 1385 4299 V.
1404 4244 1437 4298 T.
1466 4243 1570 4299 habere
1597 4246 1763 4315 debeamus,
1789 4262 1824 4301 ne
1851 4245 1959 4317 absque

265 4333 418 4402 composita
441 4334 469 4388 in
495 4331 628 4403 sepulcris
648 4333 795 4402 quiescunt
822 4337 851 4387 et
871 4331 907 4385 ad
927 4332 1012 4385 uitam
1030 4348 1098 4386 voce
1126 4331 1207 4386 nobis
1225 4334 1409 4394 sstsrotcics,
1429 4338 1684 4386 consummarentur
1702 4332 1746 4387 111
1765 4349 1959 4389 consecraren-

265 4419 330 4472 Filii
357 4418 410 4474 Dei
441 4421 561 4475 excitata
592 4419 742 4490 aliquando
778 4419 879 4473 iterum
916 4417 1096 4488 evigilabunt.
1125 4426 1177 4472 tur.
1226 4416 1331 4480 Quodsi
1355 4417 1427 4472 enirn
1448 4415 1574 4471 Christus
1598 4418 1725 4487 patribus
1749 4417 1804 4471 illis
1825 4419 1854 4472 in
1873 4419 1906 4473 V.
1924 4419 1957 4474 T.

265 4510 291 4561 2.
311 4507 348 4558 In
363 4507 484 4575 psalmis
494 4507 606 4577 passim
625 4507 737 4571 dicitur,
756 4524 811 4559 non
827 4506 931 4559 mortui
942 4505 1098 4559 laudabunt
1124 4503 1223 4558 fuisset
1252 4501 1389 4559 exhibitus
1407 4503 1509 4573 etjam
1535 4510 1593 4558 tum
1613 4503 1748 4559 sacrificio
1769 4523 1818 4558 suo
1842 4512 1959 4575 peccata

264 4601 300 4655 te,
319 4611 375 4645 non
393 4601 434 4646 est
452 4595 481 4647 in
502 4601 597 4661 morte,
619 4594 669 4661 qui
686 4610 790 4646 memor
815 4592 853 4646 sit
870 4591 928 4663 tui,
945 4592 1047 4648 Psalm.
1072 4599 1097 4660 6,
1124 4590 1270 4660 expiasset,
1286 4589 1382 4659 sicque
1397 4590 1630 4645 consecrationem
1640 4592 1698 4646 sire
1711 4590 1958 4648 sanctificationem

264 4696 291 4734 v.
311 4685 334 4733 b.
356 4679 458 4735 Psalm.
480 4685 535 4734 115.
555 4697 582 4735 1.
604 4686 643 4734 11.
676 4678 900 4747 Respondemus:
927 4678 1096 4733 ostendimus
1123 4678 1232 4748 piorum
1257 4675 1435 4744 absolvisset,
1465 4683 1524 4731 tum
1548 4693 1582 4732 ex
1611 4678 1760 4748 hypothesi
1780 4678 1910 4733 nimirum
1930 4680 1958 4734 vi

263 4765 389 4835 superius
407 4768 430 4828 ξ.
451 4771 509 4822 151.
533 4764 603 4820 baec
628 4765 703 4818 dicta
732 4780 817 4834 agere
836 4765 870 4819 de
891 4765 1096 4834 praedicatione
1124 4762 1227 4818 decreti
1247 4762 1333 4817 divini
1355 4780 1404 4818 nos
1421 4763 1568 4819 fuissemus
1598 4765 1733 4836 neglecti,
1760 4767 1826 4835 quia
1847 4763 1957 4820 Christo

262 4859 291 4907 et
322 4853 523 4922 propagatione
555 4867 636 4906 verae
673 4851 815 4905 doctrinae
853 4858 882 4906 et
910 4850 1096 4905 celebratione
1123 4848 1244 4903 exhibito
1269 4848 1338 4902 nihil
1370 4849 1446 4903 aliud
1477 4866 1561 4920 quam
1586 4849 1649 4904 finis
1677 4850 1774 4904 mundi
1803 4852 1958 4921 exspectari

262 4938 458 4995 beneficiorum
483 4938 653 5006 divinorum,
678 4954 727 5009 per
753 4953 836 5008 quam
853 4937 883 4990 in
901 4937 953 4992 hac
970 4937 1028 4991 vita
1048 4937 1096 4991 alii
1123 4935 1233 5003 debuit,
1261 4934 1357 5005 sicque
1381 4934 1444 4989 finis
1470 4936 1565 4991 mundi
1596 4937 1729 5002 venisset,
1750 4943 1900 5008 antequam
1918 4937 1958 5009 pii

262 5024 385 5081 homines
405 5025 441 5079 ad
467 5022 568 5080 veram'
590 5024 800 5079 conversionem
827 5030 855 5080 et
872 5023 991 5078 nominis
1010 5022 1096 5077 divini
1123 5024 1155 5080 11,
1182 5022 1216 5079 T.
1245 5022 1364 5077 fuissent
1392 5021 1457 5078 nati.
1503 5023 1604 5079 Confer
1629 5023 1796 5079 Primasium
1825 5023 1854 5077 in
1882 5024 1958 5080 hunc

261 5112 489 5183 glorificationem
506 5109 667 5166 invitantur.
699 5111 899 5180 1111111120,
918 5130 941 5165 u.
957 5115 981 5165 8.
998 5119 1095 5183 pater·
1122 5110 1213 5164 locum
1242 5113 1271 5164 11
1296 5124 1343 5176 ea,
1371 5125 1442 5179 quae
1472 5108 1591 5164 diximus
1620 5110 1746 5181 superius
1768 5127 1880 5182 paragr.
1900 5118 1958 5170 119.

260 5201 393 5264 familias
424 5201 476 5253 sub
506 5215 651 5267 uesperam
684 5201 794 5253 demum
824 5199 965 5268 apocrifi
998 5199 1095 5252 reddit
1123 5201 1147 5253 6.
1170 5202 1192 5252 l.
1210 5194 1309 5252 dohan.
1330 5200 1354 5262 ³,
1372 5212 1397 5248 1.
1418 5200 1449 5249 2:
1467 5197 1824 5266 NuncfiliiDeisumus,
1844 5205 1958 5252 111111-

260 5288 422 5341 mercedem.
449 5288 595 5341 Jamuero
611 5301 666 5353 per
684 5285 1012 5353 uesperamintelir'qitur
1029 5293 1095 5337 tem·
1122 5285 1189 5336 dum
1206 5279 1356 5350 apparuit,
1385 5280 1456 5349 quid
1479 5281 1595 5350 erimus,
1623 5283 1726 5336 scimus
1751 5291 1857 5351 autem,
1889 5284 1956 5353 quia

255 5388 314 5440 pua
332 5373 547 5428 resurrectionis
573 5387 608 5425 ac
638 5371 699 5424 dies
716 5373 891 5427 nouissimus.
935 5369 1095 5442 Responde·
1121 5387 1183 5423 cum
1199 5367 1382 5439 apparuerit,
1407 5367 1513 5423 simules
1529 5368 1557 5421 ei
1571 5370 1689 5439 erimus,
1715 5371 1783 5438 quia
1800 5369 1956 5424 uidebimus
