4104 6014
666 259 720 317 DE
738 252 984 316 uuatuoauu
1004 252 1331 317 RESURRECTIONE.
1793 263 1853 321 stt

156 416 302 473 lauaem
317 419 544 490 rcpcsanicats
571 427 597 474 ct
618 416 818 485 remansionis,
842 432 898 487 quo
915 418 991 467 totus
1021 415 1160 481 momoria
1177 432 1234 469 non
1251 414 1378 479 tiramus,
1402 415 1454 486 aui
1470 430 1583 469 omnem
1607 413 1690 468 31333
1709 419 1736 467 ot
1761 420 1856 481 pmtu·

156 502 235 560 homo
252 504 349 560 anima
366 512 395 563 et
413 521 529 576 corpore
545 511 677 561 constans
694 504 731 560 ad
745 503 831 558 vitam
850 508 989 556 3333333333
1019 517 1079 553 mus
1098 508 1125 554 et
1143 503 1367 556 manducamus!
1390 502 1560 565 reformabit
1580 501 1655 555 enim
1675 500 1786 554 omnino
1813 500 1856 551 asi

156 597 344 662 matun
398 591 453 646 Per
489 590 658 661 baptismum
692 589 831 660 contingit
866 585 991 641 remissio
1018 584 1257 641 immortalitatem
1277 605 1358 642 33333
1373 588 1532 658 participes
1548 588 1603 640 etti.
1640 586 1726 640 Plura
1749 599 1784 640 ex
1807 600 1854 641 ve·

155 683 342 747 peecatorum.
379 677 454 750 Ergo
479 678 563 732 etiam
589 678 717 733 liberatio
744 693 762 729 a
788 681 890 741 morte,
919 689 990 744 quae
1018 672 1123 727 teribus
1143 676 1223 745 (qnos
1238 674 1387 744 Martyria
1405 674 1457 730 loc
1475 691 1574 731 comm.
1594 672 1674 728 class.
1691 677 1717 728 3.
1736 688 1796 742 cap.
1815 677 1851 727 ts.

154 768 195 819 ut
216 768 398 833 pensaurum
421 764 598 835 stipendium.
633 766 686 818 Per
714 762 884 831 baptismum
913 760 990 814 Deus
1019 774 1091 812 num.
1111 763 1152 814 63.
1170 760 1223 813 hoe
1242 761 1272 812 in
1289 777 1320 814 re
1332 760 1500 832 tepraeesse
1513 763 1646 830 nugatur)
1663 759 1766 813 ineam
1791 773 1851 811 sen·

155 848 299 905 nobiscum
311 850 364 904 init
374 853 517 905 autunum
529 847 638 919 foedus,
652 848 726 920 quod
739 848 807 902 velit
819 862 880 900 esse
898 848 991 899 noster·
1018 844 1132 898 tentiam
1159 845 1324 900 adduximus
1352 846 1381 899 in
1409 852 1490 903 tract.
1518 846 1553 901 ds
1571 844 1720 901 eucharist
1745 840 1774 917 ξ.
1794 848 1852 898 213.

156 933 233 991 usu·
248 934 280 989 in
294 934 354 990 rita
370 940 400 990 st
416 941 512 1000 morte,
532 935 657 1005 adeoque
669 934 699 988 in
719 940 874 992 aetornum,
895 930 991 998 utique
1018 929 1116 985 memb.
1137 936 1161 986 5.

154 1036 221 1092 tngo
240 1018 374 1076 liberatos
399 1038 432 1076 ex
457 1025 545 1076 morte
569 1020 606 1074 sd
632 1037 662 1074 33
681 1020 709 1075 in
736 1019 844 1074 coelum
866 1014 990 1085 recipiet.
1054 1021 1096 1071 26.
1133 1014 1268 1072 Octavum
1281 1024 1476 1090 argumentum
1488 1015 1588 1073 deduci
1599 1021 1692 1088 potest
1705 1032 1738 1070 ss
1755 1015 1853 1069 atsur
1866 1012 1976 1105 ⁸5¹⁵}-

155 1106 210 1161 Per
240 1105 411 1176 baptismum
441 1106 581 1162 Christum
619 1106 772 1173 induimus'‚
800 1103 850 1158 lilii
881 1101 934 1157 Dei
965 1106 993 1155 ot
1020 1103 1121 1155 dorum
1135 1106 1337 1158 consecutione.
1355 1103 1418 1160 Hoc
1429 1103 1614 1160 concludendi
1626 1103 1748 1158 medium
1760 1114 1854 1171 presse
1867 1076 1921 1157 lucil
1924 1075 1986 1157 'oin-

153 1191 270 1249 hsredss
290 1193 367 1248 vitae
384 1200 514 1249 aeternae
537 1192 738 1254 constituimur,
756 1209 789 1246 ex
809 1194 945 1261 potestate
964 1192 993 1241 et
1020 1195 1102 1259 urget
1118 1189 1260 1260 apostolus
1283 1197 1303 1249 l.
1321 1191 1382 1248 Cor.
1403 1197 1443 1247 15.
1469 1190 1515 1246 Sic
1527 1191 1601 1246 enim
1614 1190 1681 1265 πρὸς
1693 1190 1725 1244 τὸ
1744 1186 1852 1242 ciconas
1866 1168 1996 1208 ”⁰¹⁸⁸¹⁰⁰⁸'

154 1294 243 1350 reguo
264 1280 387 1334 8333333
404 1278 554 1334 liberamur
576 1295 609 1333 ac
632 1278 781 1342 salvamur,
806 1276 902 1347 utique
926 1291 992 1346 ergo
1019 1274 1239 1332 Christianorum
1264 1278 1442 1333 Sadducaeos
1466 1277 1694 1333 resurrectionem
1719 1279 1854 1347 negantes

155 1364 241 1419 eliam
261 1363 297 1419 de
315 1364 516 1421 resuucctione
541 1379 575 1418 ex
592 1370 679 1418 mortc
696 1363 733 1418 ad
750 1362 836 1417 vitam
859 1377 908 1432 per
924 1360 992 1429 bap·
1021 1361 1133 1417 deducit
1162 1381 1187 1415 v.
1219 1369 1263 1419 1³:
1291 1363 1326 1419 Si
1345 1366 1513 1418 resurrectio
1539 1372 1713 1418 mortuorum
1733 1380 1788 1416 stou
1805 1367 1854 1425 est,

154 1448 270 1505 tismnm
286 1450 489 1508 confirmamur.
527 1449 654 1506 Clemens
674 1449 808 1504 Alexand.
826 1447 872 1502 lib.
890 1446 992 1517 paeda·
1019 1465 1108 1519 neque
1130 1449 1258 1508 Christus
1275 1452 1437 1507 resurrscit.
1474 1470 1499 1505 v.
1522 1457 1561 1507 tt.
1584 1449 1636 1504 ut
1658 1456 1750 1503 333333
1775 1447 1855 1501 01333·

151 1552 217 1608 309
236 1552 259 1590 c
278 1540 303 1592 t.
344 1535 439 1590 sintii
455 1536 657 1597 illuminamur,
683 1535 840 1589 'illuminati
863 1535 894 1585 in
917 1531 992 1594 illim
1019 1542 1079 1589 stus
1096 1552 1152 1589 non
1170 1539 1334 1604 recurrerit,
1360 1539 1454 1592 inanis
1478 1546 1520 1592 est
1541 1537 1722 1608 praedicatio
1746 1542 1855 1601 nostra,

153 1622 338 1691 adoptamur,
351 1623 487 1692 adoptati
503 1618 992 1691 perficimur,per·ssctiimmortales
1020 1621 1114 1674 inanis
1131 1624 1245 1688 etfictcs
1264 1630 1369 1678 nostru.
1408 1641 1431 1679 v.
1454 1629 1492 1678 15.
1534 1623 1694 1676 Invenimus
1717 1627 1810 1674 autem
1828 1626 1855 1673 ct

152 1708 312 1762 reddimur.
354 1707 457 1776 Tppice
477 1706 560 1762 etiarn
583 1707 713 1778 baptismi
731 1711 934 1761 samamentum
956 1703 992 1757 ad
1019 1708 1094 1768 fatri
1110 1716 1198 1775 testes,
1218 1709 1349 1776 quoniam
1374 1710 1560 1764 testimonium
1578 1709 1702 1762 dicimus
1720 1708 1856 1761 33333333

152 1792 385 1849 33333333333333
403 1793 604 1848 adcommodati
621 1799 720 1863 potest,
736 1793 802 1863 quia
815 1790 991 1863 quemadmo·
1020 1796 1121 1858 Deam,
1139 1799 1216 1862 quod
1236 1795 1377 1850 Christum
1396 1796 1581 1863 suscitaverit,
1599 1812 1680 1865 quem
1696 1812 1752 1848 non
1768 1795 1856 1847 susci

154 1876 223 1933 dum
240 1877 400 1948 baptisatus
419 1895 452 1932 ex
476 1877 565 1948 equis,
584 1879 612 1931 iu
631 1878 732 1949 quibus
757 1876 903 1932 videbatur
927 1873 990 1928 sub·
1018 1881 1096 1948 tacit,
1114 1882 1141 1933 si
1158 1883 1263 1934 mortui
1279 1899 1334 1935 non
1348 1889 1508 1951 rcsnrpunt,
1526 1899 1550 1934 r.
1574 1886 1613 1937 16.
1629 1899 1695 1935 nam
1713 1880 1741 1933 si
1753 1879 1858 1933 mortui

155 1963 333 2037 mergendus,
354 1962 524 2026 extrahitur:
548 1964 588 2016 sic
617 1964 693 2018 Deus
717 1962 745 2017 in
768 1961 908 2033 baptismo
931 1977 992 2015 sess
1018 1983 1074 2018 non
1093 1976 1251 2035 resumunt,
1266 1985 1317 2021 nec
1333 1967 1462 2020 Christum
1478 1967 1647 2034 rcccrrccit;
1660 1983 1686 2023 r.
1702 1971 1740 2022 l't.
1754 1964 1858 2034 quodsi

152 2048 235 2105 nohis
253 2048 370 2119 obligat,
387 2049 461 2118 quod
482 2066 514 2103 ex
535 2049 604 2103 mari
625 2049 823 2116 calamitatum,
841 2046 943 2117 quibus
962 2045 991 2099 iu
1022 2052 1147 2105 Christus
1166 2071 1220 2106 non
1240 2054 1402 2119 resurrexit,
1421 2071 1496 2108 cana
1522 2060 1563 2105 est
1586 2054 1657 2116 fides
1673 2060 1775 2116 333333,
1802 2052 1854 2105 ud-

152 2134 210 2191 hac
226 2134 287 2189 rita
306 2134 494 2205 immergimur
513 2141 542 2189 et
559 2151 593 2188 ex
611 2134 702 2187 medis
721 2141 807 2188 morte
833 2149 882 2186 nos
902 2138 992 2187 extra·
1019 2139 1071 2191 tac
1097 2140 1171 2191 enim
1196 2141 1264 2193 estis
1283 2141 1453 2209 inpeccatis
1478 2139 1585 2195 cestris.
1609 2155 1636 2192 v.
1663 2144 1703 2194 1⁸.
1726 2139 1806 2207 Erpa
1827 2144 1854 2191 et

151 2222 220 2277 here
250 2227 280 2276 ol
301 2220 475 2291 auglorum
495 2220 569 2275 vitae
592 2226 721 2275 aeternae
747 2219 892 2274 traducere
915 2216 990 2271 telli-
1019 2224 1069 2296 qui
1085 2226 1260 2278 dormierunt
1282 2226 1310 2278 in
1331 2224 1452 2288 Christo,
1468 2226 1623 2296 perierunt.
1661 2242 1687 2278 v.
1710 2229 1748 2279 ts.
1770 2223 1806 2278 ss·
1824 2223 1854 2276 in

151 2306 235 2365 Bam.
253 2314 280 2376 6,
297 2324 321 2362 v.
342 2311 371 2360 3:
405 2306 545 2376 Quotquot
574 2306 709 2375 baptisati
736 2324 830 2358 tttmttt
857 2306 887 2358 t'tt
914 2303 986 2358 Cltfl'·
1019 2312 1072 2364 hac
1089 2310 1147 2363 cito
1163 2318 1272 2364 tuntum
1298 2312 1328 2364 in
1349 2312 1461 2366 Oltrs'sto
1478 2328 1634 2383 speramns,
1651 2310 1807 2364 miserrimi
1824 2328 1853 2363 o·

152 2400 228 2449 sm
260 2392 374 2460 «inum,
407 2394 436 2445 in
469 2400 584 2446 mortem
615 2394 676 2461 ejus
714 2393 851 2461 baptisati
888 2408 990 2444 sustam·
1019 2398 1123 2449 mnium
1155 2397 1297 2450 hominum
1330 2416 1432 2451 333333.
1472 2415 1497 2450 v.
1526 2402 1568 2452 30.
1607 2398 1642 2451 Si
1667 2397 1772 2452 mortni
1798 2414 1855 2450 non

151 2487 224 2537 aa
265 2479 425 2549 comepnlti
445 2480 518 2534 cmm
537 2497 633 2533 snmus
651 2497 714 2532 cum
739 2479 790 2533 illo
811 2495 866 2547 per
889 2477 992 2546 baptis-
1018 2492 1174 2551 scarpam,
1196 2493 1227 2537 nt
1251 2484 1322 2553 qnid
1338 2484 1533 2554 periclitamur
1558 2485 1635 2538 omni
1650 2484 1744 2539 toret
1767 2500 1793 2537 r.
1812 2487 1854 2538 32.

153 2584 231 2623 m·
250 2568 282 2621 ὄπ
295 2574 420 2629 mmm,
439 2573 470 2619 ¹⁴0
488 2567 722 2636 dutmadmvdttm
749 2562 877 2618 Otrtctus
901 2580 991 2617 rw·
1022 2571 1055 2625 Si
1070 2573 1223 2624 semiactum
1243 2570 1379 2624 hominem
1395 2589 1457 2625 cnm
1477 2572 1571 2626 bestiis
1586 2571 1717 2641 perpauci
1737 2570 1854 2642 Ephesi,

152 2654 228 2710 rescit
245 2672 264 2708 a
281 2653 400 2707 mortuis
415 2652 611 2721 perplurium
637 2653 745 2719 Patris,
768 2651 809 2704 sic
836 2658 862 2703 ti
886 2667 937 2701 '²⁰³
963 2649 992 2701 in
1019 2657 1090 2726 quisi
1107 2657 1176 2710 milti
1188 2660 1319 2726 prodest,
1339 2658 1366 2711 si
1384 2659 1489 2712 mortui
1502 2676 1558 2712 non
1574 2660 1744 2729 resurpsnti
1767 2659 1851 2712 Man·

152 2740 279 2795 matesc
295 2741 370 2794 ndat
391 2737 570 2792 ambulemus.
607 2756 631 2792 v.
651 2746 677 2795 5.
702 2738 737 2791 Si
759 2737 831 2790 enim
849 2735 993 2804 complan-
1020 2746 1152 2798 ducemus
1171 2751 1196 2798 et
1210 2744 1342 2811 3ίὸ33333,
1360 2762 1425 2798 crus
1438 2746 1511 2797 enim
1528 2745 1679 2798 moriemur
1698 2741 1852 2797 stellione

151 2828 209 2883 tuti
219 2826 298 2891 sueti
313 2844 407 2881 sumtis
425 2826 607 2879 similitudini
619 2826 717 2880 coortis
730 2825 801 2891 citu,
815 2823 900 2877 timul
913 2830 938 2875 tl
949 2837 992 2875 rt·
1019 2829 1145 2900 vestigiis
1164 2829 1294 2885 insistens
1312 2830 1504 2885 Damascmus
1522 2829 1570 2885 lib.
1591 2837 1615 2886 t.
1634 2831 1706 2884 orth.
1726 2828 1773 2884 flu.
1791 2844 1852 2899 cap.

152 2912 340 2969 ¹⁸¹7de
350 2913 463 2966 trimi·
477 2909 601 2979 00¹·22V·
612 2915 657 2965 ¹²²
670 2908 992 2979 0⁰⁷²⁸0P¹lll⁸⁶⁸⁸⁸m¹⁴l0¹⁴m
1020 2920 1061 2971 28.
1081 2916 1155 2971 idem
1173 2924 1367 2987 argumentum
1387 2923 1481 2988 urget:
1503 2917 1602 2971 Sinon
1619 2923 1659 2970 est
1675 2914 1853 2981 resurrectio,

153 2998 438 3070 eoperiuptismum‚
449 2998 630 3067 incussissent
644 2999 729 3051 etiam
737 2997 932 3050 rensrrecs'stis
940 3012 993 3065 ptr
1019 3005 1217 3056 manducemus
1240 3012 1266 3057 et
1294 3003 1418 3056 bibamus
1447 3011 1474 3056 st
1501 3001 1864 3072 voluptuariomjdelioioz
1944 3018 1948 3025 ’

155 3087 242 3151 pidem
258 3084 433 3155 operationis
444 3085 510 3154 Dei,
530 3085 580 3152 qui
598 3085 727 3138 sucitavit
746 3101 807 3137 carn
827 3100 845 3135 a
865 3082 992 3140 mortuis
1019 3106 1133 3158 campus
1157 3090 1242 3142 vitam
1261 3090 1461 3159 crumpamus,
1494 3090 1529 3144 Si
1545 3106 1601 3142 narr
1625 3089 1854 3156 recremanda,

155 3170 291 3237 Quamvis
323 3169 397 3226 enim
417 3170 558 3242 apostolus
587 3171 622 3225 de
641 3176 728 3225 morte
746 3176 774 3225 et
793 3169 993 3224 resurrectione
1021 3176 1050 3227 in
1076 3192 1131 3243 quo
1160 3176 1320 3245 ‹affer-imus
1345 3194 1365 3228 a
1391 3176 1513 3229 rationis
1531 3175 1710 3244 aspersimus!
1747 3173 1783 3229 st
1798 3192 1855 3228 non

153 3256 295 3330 spirituali
319 3256 430 3329 proprie
456 3256 495 3311 ibi
521 3262 597 3325 agat,
625 3261 717 3311 tamen
737 3256 765 3309 id
787 3255 878 3327 ipsum
900 3271 992 3310 conse·
1022 3270 1062 3315 est
1080 3262 1264 3327 resurrectio,
1291 3262 1390 3315 beatas·
1411 3262 1534 3316 dicimus
1557 3269 1682 3331 aprcstes
1703 3261 1786 3326 feras
1805 3261 1855 3329 ju·

154 3352 273 3419 quanter
302 3343 339 3398 sd
368 3348 482 3398 mortem
510 3349 538 3397 et
569 3342 797 3397 resurrectionem
822 3341 991 3411 corporalem
1019 3350 1140 3401 cunctam
1183 3347 1355 3416 tristitiaque
1393 3355 1534 3401 carentem
1564 3349 1732 3401 deducentes
1759 3347 1854 3400 citam

154 3429 358 3487 accommodari
382 3435 482 3499 potest,
508 3429 577 3497 quia
603 3429 651 3499 qui
677 3428 704 3482 in
727 3428 780 3482 hac
806 3429 864 3483 vita
885 3427 992 3482 Christo
1021 3433 1055 3486 st
1084 3450 1140 3486 non
1169 3441 1210 3487 est
1239 3432 1424 3501 resurrectio,
1458 3450 1547 3502 neque
1582 3434 1661 3486 Deus
1697 3441 1737 3486 est
1767 3449 1854 3501 neque

153 3516 336 3589 spiritualiter
366 3515 396 3569 in
427 3521 514 3570 morte
545 3517 650 3585 peccati
682 3523 710 3569 et
733 3514 934 3569 resurrections
956 3515 992 3568 33
1017 3520 1203 3588 providentia,
1223 3522 1276 3573 saci
1293 3537 1362 3572 casu
1385 3527 1484 3572 cuncta
1503 3521 1644 3572 ducuntur
1669 3525 1696 3571 st
1707 3519 1852 3586 seruntur.

153 3604 228 3659 ritae
255 3601 405 3657 novitatem
428 3601 643 3663 conformantur,
667 3601 708 3655 illi
739 3601 767 3654 in
792 3600 992 3654 resurrectione
1018 3605 1145 3661 Ceterum
1170 3611 1263 3674 potest
1285 3605 1340 3659 hoc
1358 3605 1542 3660 concludendi
1556 3604 1677 3659 medium
1694 3620 1745 3675 par
1761 3604 1855 3660 omnis

153 3690 191 3745 sd
212 3691 301 3745 vitam
323 3694 465 3743 sctemsm
491 3687 543 3759 ipsi
569 3687 719 3757 aliquando
739 3686 992 3741 conformabuntur.
1019 3697 1244 3763 argumentorum
1271 3707 1375 3761 genera
1398 3691 1533 3746 hactenus
1557 3697 1719 3746 enumerata
1743 3689 1854 3748 deduci.

156 3776 251 3833 Sacra
267 3792 355 3830 coena
374 3774 470 3829 itidem
488 3781 532 3830 cst
546 3784 650 3828 tessera
667 3773 878 3828 resurrectionis
898 3773 934 3827 ad
952 3772 991 3826 vi·
1020 3778 1048 3834 si
1073 3779 1146 3833 enim
1166 3795 1222 3832 non
1246 3784 1288 3831 est
1310 3777 1490 3845 33333333τί3,
1517 3783 1537 3833 l.
1558 3776 1630 3831 falsa
1655 3783 1683 3831 et
1711 3778 1855 3833 mendacis
1896 3792 1902 3803 ·

154 3870 212 3919 tam
228 3867 379 3918 aeoeruam.
415 3860 541 3917 Christus
560 3862 634 3915 enim
665 3859 774 3914 vivifico
801 3876 850 3913 suo
877 3874 993 3928 corpore
1019 3871 1100 3918 sumt
1117 3864 1248 3918 vahcinia
1265 3864 1483 3917 demortuorum
1504 3862 1703 3918 resurrectione
1720 3862 1751 3916 in
1768 3863 1855 3918 sacris

155 3955 185 4005 et
210 3947 348 4020 sanguim
376 3946 405 4001 in
433 3962 515 4001 sacra
542 3962 629 4000 coena
656 3962 706 3999 nos
727 3945 824 4015 pascit,
842 3944 993 3999 efficaciter
1019 3950 1105 4005 literis
1118 3950 1242 4005 veritatis
1257 3948 1361 4003 tabulis
1374 3948 1463 4015 edita3
1480 3954 1504 4005 2.
1522 3948 1623 4003 falsum
1635 3949 1696 4016 erit,
1714 3949 1853 4004 Christum

155 4034 279 4091 tuomst
294 4049 371 4104 spem
387 4039 510 4087 nostram
529 4031 702 4095 confirmant,
720 4030 795 4101 quod
816 4030 885 4083 illud
904 4031 993 4099 ipsum
1020 4055 1052 4092 ex
1079 4036 1194 4092 mortuis
1217 4035 1415 4102 resurrexisse3
1437 4038 1461 4090 3.
1478 4036 1598 4106 injustus
1621 4036 1673 4090 erit
1699 4040 1781 4098 Deus.
1805 4034 1855 4105 qui

154 4138 257 4192 eorpus
287 4124 411 4175 nonnum
436 4118 465 4172 iu
493 4136 549 4188 quo
577 4125 721 4187 peccatum
749 4124 777 4171 el
804 4134 876 4170 mort
893 4116 921 4169 ln
940 4116 994 4171 1¹80
1020 4141 1119 4194 corpus
1135 4121 1246 4177 animae
1263 4122 1291 4176 in
1309 4121 1390 4175 bonis
1413 4138 1446 4175 ac
1466 4121 1546 4176 malis
1565 4121 1695 4191 operibus
1720 4136 1855 4191 organum

154 4208 214 4263 rita
230 4206 368 4271 habitant,
392 4204 561 4276 expulsare
584 4211 674 4258 terrae
694 4204 729 4257 ad
746 4204 831 4258 vitum
851 4212 993 4257 aeternam
1019 4223 1071 4262 nec
1091 4208 1214 4278 praemio
1231 4224 1284 4262 nec
1302 4205 1397 4276 poenis
1415 4206 1517 4274 allicit3
1544 4213 1567 4261 t.
1588 4205 1689 4260 falsum
1708 4205 1769 4267 erit,
1796 4222 1855 4260 cor·

153 4292 191 4347 sit
206 4291 438 4359 resuscitandum,
456 4290 560 4361 quippe
585 4289 660 4361 quod
685 4288 795 4344 vivifico
812 4288 915 4343 Christi
934 4305 993 4343 cor·
1019 4311 1088 4363 pora
1109 4298 1205 4349 nostra
1227 4293 1256 4346 in
1280 4293 1389 4347 Adamo
1414 4292 1554 4347 advitam
1573 4297 1714 4347 aeternam
1732 4291 1854 4359 condita,

152 4394 222 4451 pore
240 4384 283 4433 est
302 4376 445 4431 nutritum.
479 4377 581 4433 Johau.
600 4383 624 4445 6,
641 4393 665 4431 v.
685 4381 734 4431 st:
763 4375 818 4437 Qui
840 4377 994 4428 mtcndncat
1019 4397 1069 4451 per
1088 4380 1306 4434 incarnationem
1336 4380 1364 4433 in
1400 4378 1670 4451 consanguinitatem
1704 4377 1770 4432 Filii
1802 4378 1853 4433 Dei

152 4481 266 4521 omem
281 4481 373 4519 meum
390 4470 418 4517 et
436 4463 679 4530 Mtdsanpuinem
698 4478 795 4525 meum,
810 4461 892 4515 labet
907 4462 993 4515 utam
1020 4474 1152 4534 assumta,
1179 4482 1229 4535 per
1256 4465 1482 4520 resurrectionem
1509 4472 1538 4520 et
1561 4464 1770 4520 adscensionem
1794 4464 1856 4535 ejus

151 4558 295 4607 mmm
313 4557 404 4618 stepo
432 4550 600 4604 resuscitato
629 4566 689 4605 eum
714 4549 745 4601 in
771 4548 819 4602 die
837 4547 1168 4623 norissimo‚‚glorilicari
1187 4556 1296 4621 coepta,
1315 4568 1366 4621 per
1386 4551 1556 4622 baptismum
1574 4567 1592 4605 a
1608 4551 1731 4620 peccatis
1750 4549 1856 4619 abluta,

151 4636 228 4693 unde
246 4634 276 4691 in
298 4650 405 4693 canons
430 4634 555 4691 Nicaeno
577 4634 657 4689 cibus
676 4639 705 4689 et
722 4640 804 4704 potus
831 4632 992 4689 eucharisti·
1020 4654 1069 4707 per
1086 4636 1170 4691 fidem
1191 4636 1295 4691 Christi
1314 4636 1436 4691 membra
1460 4637 1489 4691 iu
1513 4652 1627 4707 corpora
1651 4636 1712 4706 ejus
1738 4637 1856 4707 mystico

152 4742 203 4781 cns
219 4728 356 4780 mantnt
383 4722 415 4776 τὰ
440 4726 487 4790 τῆς
512 4720 642 4793 iperipos
665 4719 840 4781 ἀναστάσεως
859 4717 993 4789 σι’-33313.
1018 4722 1103 4785 facta,
1120 4737 1194 4777 -3333
1220 4722 1340 4792 Spiritus
1371 4723 1461 4777 sancti
1491 4722 1596 4794 templa
1628 4729 1656 4779 et
1687 4722 1857 4790 habitacula,

155 4810 190 4865 ln
208 4809 279 4865 actis
296 4807 394 4865 concil.
414 4807 529 4863 Nicaen.
548 4808 568 4864 i.
588 4813 630 4863 43.
651 4805 778 4877 Ignatius
796 4806 875 4875 epist.
900 4811 939 4861 tt.
957 4804 994 4859 ad
1020 4826 1079 4864 esse
1098 4825 1212 4879 corpore
1231 4814 1258 4864 et·
1279 4809 1415 4879 sangnine
1434 4808 1536 4863 Christi
1556 4809 1593 4865 ad
1610 4809 1696 4864 vitain
1714 4814 1855 4863 33333333]

153 4882 227 4968 apta
245 4913 274 4966 p.
293 4900 335 4951 tt.
350 4901 432 4951 vocat
445 4893 640 4948 eucharistiam
660 4893 813 4964 φάρμακον
827 4891 994 4959 ἀθανασίας,
1019 4894 1119 4955 cibata,
1145 4911 1205 4949 esse
1228 4894 1363 4949 bonorum
1389 4911 1503 4964 operum
1528 4895 1660 4950 salutaria
1680 4912 1792 4965 organa.
1830 4902 1854 4951 5.

154 4982 301 5039 3333333333
317 4985 368 5039 τοῦ
386 4977 425 5055 μὴ
444 4977 608 5037 ἀποθανεῖν,
647 4979 780 5034 irenaeus
804 4976 852 5031 lib.
878 4985 903 5035 l.
933 4994 994 5049 cap.
1019 4979 1160 5051 Impotens
1179 4987 1317 5036 statuetur
1334 4981 1421 5049 Deus,
1439 4998 1493 5052 quo
1512 4981 1603 5035 minus
1621 4981 1708 5051 possit
1724 4980 1762 5048 id,
1780 4980 1857 5051 quod

156 5074 201 5125 34.
217 5086 246 5139 p.
266 5072 331 5125 263:
354 5067 499 5131 Qrtomocto
523 5066 621 5119 dicunt
638 5081 752 5119 curnem
780 5065 808 5117 in
836 5039 1094 5145 ccrmpttc-lfecit,
1123 5067 1251 5137 relicers;
1282 5068 1356 5138 quod
1387 5066 1539 5137 collapsum
1557 5070 1607 5135 cst,
1630 5066 1750 5137 origem
1781 5066 1856 5137 quod

156 5170 221 5209 33333
238 5153 370 5211 devenire
392 5161 419 5207 st
444 5170 501 5206 non
516 5153 662 5223 percipere
682 5154 777 5213 vitam,
803 5167 877 5220 psus
896 5168 915 5203 a
933 5153 1192 5207 cor-*destructum
1206 5158 1257 5221 est,
1269 5168 1404 5222 reparare.
1442 5160 1466 5211 6.
1481 5152 1591 5207 Diaboli
1608 5150 1734 5221 potentia
1746 5167 1781 5205 ac
1799 5167 1856 5207 rna·

150 5256 229 5313 pore
245 5247 271 5295 st
292 5239 430 5310 mapuins
456 5239 577 5293 Domini
602 5239 711 5293 alitent
748 5240 875 5307 Corpora
897 5245 995 5291 nostra
1020 5238 1079 5293 litia
1098 5246 1236 5293 statuetur
1253 5240 1341 5308 major
1355 5255 1439 5310 quam
1460 5238 1515 5294 Dei
1539 5237 1649 5293 bonitas
1673 5253 1707 5292 ac
1724 5238 1856 5308 potentia,

72 5324 345 5403 „pereffluatis
368 5325 571 5381 unianimam
584 5325 650 5393 jam
669 5342 726 5379 non
742 5331 806 5378 sunt
827 5325 995 5394 corrrtptibi-
1006 5334 1009 5405 t
1020 5324 1125 5396 quippe
1144 5325 1193 5396 qui
1212 5342 1267 5379 non
1292 5324 1380 5394 possit
1401 5323 1485 5379 linem
1506 5323 1591 5392 illum,
1613 5323 1651 5377 ad
1671 5340 1752 5394 quem
1771 5322 1856 5378 homi·

154 5414 201 5472 iia
219 5430 297 5485 spem
320 5410 536 5469 causacione
561 5409 701 5466 iubentia.
738 5409 859 5480 Cyrillns
878 5411 907 5464 in
925 5428 949 5466 3.
969 5418 993 5466 6.
1007 5422 1082 5465 'nem
1103 5410 1191 5479 primo
1213 5410 1345 5478 condidit,
1364 5409 1496 5465 obtinere.
1534 5416 1558 5465 t.
1582 5408 1710 5464 Christus
1730 5425 1785 5475 non
1804 5409 1858 5465 erit

154 5498 238 5561 iola:
258 5500 293 5555 Si
308 5499 371 5555 solo
388 5506 465 5553 33333
489 5495 599 5556 Olaristi
616 5513 738 5565 corpora
757 5497 994 5567 redinteprantnr,
1006 5532 1009 5547 2
1019 5504 1106 5567 caput
1122 5502 1253 5564 3333333,
1271 5511 1322 5552 nec
1333 5512 1382 5551 rex
1402 5500 1540 5560 aeternus,
1556 5510 1609 5551 nec
1623 5494 1757 5551 mustias
1769 5512 1851 5566 spon·
