4104 6014
222 300 279 357 152
806 290 928 348 Locus
946 289 1153 348 mutemus
1174 292 1321 350 SEXTUS

217 454 426 517 numerarium,
444 448 477 500 id
494 456 535 501 est
554 448 604 516 qui
619 448 777 502 uoluntaria
797 453 942 517 oppugnat
959 446 1054 514 cogni·
1085 462 1169 515 quam
1186 449 1270 517 ionga
1291 448 1379 502 dr'etat
1398 448 1499 502 Oriens
1517 448 1553 501 ab
1567 448 1718 501 Occidente
1736 445 1840 503 Psalm.
1862 451 1920 516 103,

218 540 277 586 tam
295 540 322 585 ct
339 533 516 602 exploratam
532 533 688 588 ueritatem.
731 533 837 588 Eadem
856 537 899 588 est
915 531 1055 588 sententia
1082 550 1105 588 r.
1128 539 1168 591 12.
1194 541 1246 590 etc.
1290 534 1330 589 At
1353 533 1377 588 si
1401 534 1480 589 Deus
1503 538 1567 605 post
1585 533 1771 589 remissionem
1801 539 1920 604 peccata

219 617 348 690 Gregorii
377 618 412 671 ds
436 617 567 673 Valentia
585 625 649 675 tom.
672 625 694 674 3.
722 636 818 674 comm.
845 618 964 689 theolog.
985 617 1054 672 Vas·
1083 619 1175 674 adhue
1192 619 1291 690 punit,
1311 619 1407 691 utique
1426 620 1524 674 eedem
1543 621 1675 689 imputat3
1702 618 1725 671 si
1745 634 1850 689 poenru
1867 636 1919 689 pro

221 722 301 776 quae,
319 703 447 758 ¹Riberae
471 709 500 758 et
518 703 638 758 Cornelii
663 703 819 774 aLapide‚
841 704 888 775 qui
909 703 938 757 in
956 719 1054 758 comm.
1082 705 1136 758 illis
1154 705 1247 760 adhuc
1272 706 1373 777 exigit,
1403 706 1500 777 utique
1522 706 1559 759 ad
1585 704 1707 760 calculos
1739 710 1869 774 revocat3
1895 705 1919 759 si

221 807 281 860 cap.
294 795 319 845 s.
335 789 421 844 Hebr.
441 805 502 842 eam
516 789 619 859 triplici
638 794 801 861 argumento
819 788 928 860 probat,
946 796 968 845 1.
988 788 1056 858 quia
1082 791 1226 860 vendicat,
1253 806 1348 846 eorum
1368 792 1544 860 recordatum
1567 791 1591 844 si
1609 790 1763 856 examinat,
1781 798 1845 861 post
1864 797 1918 845 ter·

219 877 360 948 apostolus
385 895 411 934 r.
436 894 493 948 seq.
515 883 598 931 vocat
624 885 730 930 terram
758 877 954 942 maledictam,
983 891 1055 946 quae
1082 895 1150 950 gum
1167 894 1223 932 non
1240 877 1377 949 projecit,·
1396 877 1420 930 si
1438 877 1627 948 adjudicium
1646 883 1742 947 vocat,
1766 882 1843 931 tecta
1858 893 1918 931 non

219 979 282 1019 rore
297 963 424 1019 coelestis
443 963 550 1032 gratiae
571 970 600 1017 et
617 962 682 1018 fidei
702 970 815 1032 recepto
839 961 944 1034 profert
961 968 1055 1015 tamen
1081 963 1168 1020 babet
1181 972 1234 1021 ete.
1264 963 1453 1019 Tertullianus
1466 964 1501 1018 de
1513 963 1589 1035 bapt
1603 979 1627 1018 c.
1644 970 1667 1018 5.
1683 979 1711 1032 p.
1723 968 1788 1019 221:
1801 962 1918 1017 Eremto

219 1053 319 1121 spinas
337 1051 502 1121 apostasiae,
521 1049 640 1120 ideoque
657 1049 794 1118 reprobra
807 1057 884 1102 estet
901 1048 964 1118 igni
982 1064 1054 1101 com·
1082 1058 1165 1104 reatu
1183 1049 1313 1104 eximitur
1324 1066 1429 1118 poena.
1469 1048 1545 1120 Ergo
1568 1064 1586 1103 a
1606 1048 1745 1105 conando
1764 1065 1848 1103 sensu
1868 1065 1917 1119 po-

220 1139 354 1206 burenda,
372 1141 517 1207 apostatae
537 1135 610 1190 enim
630 1135 689 1190 fere
708 1150 802 1189 omnes
822 1134 993 1204 poenitentia
1010 1149 1054 1188 ex·
1082 1135 1137 1189 sita
1159 1151 1250 1206 poena
1273 1135 1387 1206 ponitur
1416 1133 1509 1191 adhuc
1534 1140 1636 1190 reatus.
1684 1134 1860 1205 Augustinus
1889 1135 1917 1188 in

219 1223 292 1295 piari
321 1239 377 1278 non
406 1228 534 1293 possunt,
562 1220 613 1276 sed
640 1220 770 1275 obdurati
796 1226 826 1275 et
850 1218 960 1290 reprobi
984 1223 1055 1288 sunt,
1082 1221 1183 1275 Psalm.
1206 1225 1248 1278 31.
1266 1236 1344 1276 conc.
1365 1226 1395 1276 2:
1418 1220 1453 1274 ss·
1476 1220 1544 1273 tecit
1563 1226 1685 1289 peccata
1708 1221 1804 1283 Deus,
1827 1221 1918 1275 noluit

219 1311 337 1381 ideoque
359 1309 388 1362 in
411 1308 567 1380 gehennam
593 1306 761 1378 relegantur.
808 1311 833 1361 2.
860 1304 934 1370 Quia
960 1303 1055 1374 poeni·
1082 1308 1247 1376 aduerterc,·
1270 1306 1298 1359 si
1321 1306 1414 1359 noluit
1441 1308 1601 1374 aduertere
1626 1306 1718 1360 notuit
1740 1306 1918 1359 animaduer-

219 1394 306 1451 tentia
323 1410 379 1448 nou
406 1393 590 1464 baptismum,
614 1391 664 1445 ssd
691 1391 890 1463 poenitentiam
915 1388 1055 1459 signifieat
1083 1401 1159 1458 tere;
1177 1393 1204 1446 si
1221 1393 1313 1447 notuit
1330 1390 1568 1459 animaduertere,
1586 1392 1678 1445 nubsit
1687 1391 1806 1462 punire,
1824 1393 1916 1447 notuit

220 1497 330 1545 eorum,
360 1480 454 1551 quiin
484 1483 630 1550 peccatum
647 1477 770 1547 prolapsi
789 1483 853 1531 sunt
871 1481 934 1547 post
955 1474 1055 1530 illumi·
1083 1494 1249 1547 agnoscere,
1284 1479 1385 1532 maluit
1415 1479 1568 1548 ignoscere.
1618 1478 1695 1551 Ergo
1727 1494 1745 1532 a
1778 1479 1918 1534 contrario

220 1567 368 1623 radonem.
404 1571 427 1621 3.
447 1565 520 1631 Quia
535 1580 597 1635 cap.
620 1569 667 1628 10,
693 1581 718 1617 r.
738 1568 780 1619 26.
801 1563 913 1617 omuino
929 1562 1055 1616 similiter
1083 1581 1180 1631 sensu,
1204 1565 1227 1617 si
1245 1564 1337 1618 adhm
1358 1564 1452 1634 punit,
1477 1564 1573 1635 utique
1598 1565 1721 1619 nondum
1744 1564 1822 1624 texit.
1859 1564 1918 1619 Au·

220 1655 256 1709 de
279 1652 323 1707 his
351 1651 484 1723 apostatis
515 1651 651 1721 loquitur,
683 1649 757 1719 quod
788 1665 884 1704 eorum
915 1647 1056 1719 apostasia
1083 1651 1142 1705 dist
1161 1649 1345 1705 Bellarminus
1365 1648 1495 1705 Toletum
1513 1649 1560 1705 lib.
1578 1656 1602 1706 6.
1620 1650 1683 1706 inst.
1702 1666 1727 1704 c.
1746 1656 1787 1706 22.
1802 1666 1832 1721 p.
1852 1655 1918 1706 att:

220 1740 300 1795 nullo
317 1736 451 1793 sacrificio
469 1753 519 1807 pro
535 1741 657 1808 peceato,
674 1735 752 1789 nulla
763 1731 935 1805 poenitentia
951 1733 1056 1803 expiari
1083 1739 1233 1791 Peccatum
1246 1753 1302 1791 non
1322 1737 1429 1804 integre
1448 1736 1608 1802 remittitur,
1628 1737 1686 1790 nisi
1703 1753 1766 1790 cum
1784 1743 1809 1790 st
1823 1753 1918 1805 poena

220 1826 318 1897 possit.
362 1822 464 1878 Confer
484 1823 603 1876 eundem
621 1820 779 1876 Cornelium
806 1821 835 1874 in
855 1837 952 1874 comm.
971 1836 994 1873 c.
1016 1825 1055 1874 10.
1083 1824 1225 1887 aufertur.
1271 1821 1332 1876 Imo
1362 1821 1460 1875 audiat
1481 1837 1510 1877 se
1534 1821 1625 1893 ipsum
1644 1821 1693 1878 lib.
1720 1829 1744 1878 5.
1765 1823 1801 1877 de
1825 1820 1918 1876 ιιιιίιι.

220 1911 306 1967 Hebr.
324 1909 374 1965 ubi
393 1909 488 1964 itidem
507 1908 610 1980 aliquot
630 1908 801 1978 argumentis
818 1906 925 1977 probat,
943 1911 1054 1977 aposto·
1082 1913 1152 1981 grat
1185 1911 1213 1962 et
1240 1913 1316 1962 statu
1346 1906 1454 1978 peccati
1483 1921 1542 1977 cap.
1574 1912 1624 1962 20:
1664 1909 1742 1962 Tunc
1770 1916 1919 1980 peccatum
1931 1916 1998 1959 xvu.
2013 1917 2048 1959 ιι

220 1998 277 2053 lum
297 2015 353 2051 non
369 1997 405 2050 de
423 1994 566 2067 quibusvis
583 1993 777 2064 peccantibus,
802 1992 904 2047 sedda
922 1991 1056 2063 apostatis
1083 1996 1194 2050 omnino
1210 1996 1337 2064 perfecte
1354 2001 1482 2047 cenectrrr
1500 1994 1654 2062 remissum,
1672 2011 1734 2048 eum
1750 2012 1807 2048 non
1825 1995 1918 2049 solum

221 2101 237 2139 a
262 2083 372 2139 Christo
391 2089 419 2137 et
439 2081 557 2136 ecclesia
577 2081 665 2151 loqui,
690 2097 724 2135 ac
742 2096 860 2151 poenam
879 2079 955 2132 illam
981 2078 1054 2149 ignis
1082 2082 1183 2152 maipa,
1211 2083 1264 2134 scd
1280 2080 1365 2134 etiam
1385 2080 1475 2134 omnis
1491 2096 1585 2151 poeno
1595 2081 1691 2150 fuera
1707 2081 1837 2153 remissa.
1854 2081 1873 2138 l.
1896 2088 1917 2137 1.

220 2175 284 2240 post
303 2176 454 2224 extremum
471 2166 609 2237 judicium
632 2167 742 2221 demum
762 2165 802 2232 (in
822 2181 877 2236 quo
895 2166 976 2235 juxta
994 2163 1054 2218 Bel·
1081 2169 1116 2222 de
1146 2173 1290 2238 purgator.
1320 2181 1382 2236 cap.
1414 2171 1445 2220 t:
1481 2167 1619 2230 Perfecta
1645 2167 1760 2235 peccati
1787 2167 1918 2221 remissio

220 2255 368 2311 larminum
395 2252 516 2308 cessabit
540 2251 744 2324 purgatorium)
773 2251 841 2321 ipsis
869 2250 1054 2321 irrogandam.
1080 2255 1277 2324 complectitur
1301 2254 1491 2307 remissionem
1513 2253 1615 2322 culpae
1640 2260 1666 2306 et
1685 2269 1806 2321 paenae.
1841 2253 1918 2326 Ergo

220 2339 406 2412 Explicationi
423 2346 561 2402 veterum,
592 2354 649 2408 qua
676 2335 750 2390 hunc
776 2336 868 2390 locum
898 2335 1055 2406 denegata
1080 2340 1252 2396 aconmrio
1277 2356 1373 2406 sensu,
1399 2339 1424 2393 si
1447 2339 1535 2393 omnia
1558 2355 1650 2409 poena
1673 2339 1796 2393 nondum
1814 2346 1859 2394 eat
1875 2356 1917 2396 re·

219 2427 364 2483 iteratione
383 2424 514 2495 baptismi
542 2423 694 2494 accipiunt,
720 2429 752 2476 ut
775 2421 812 2475 sit
835 2438 945 2490 sensus,
969 2421 1055 2492 lapsis
1081 2426 1178 2493 missa,
1207 2426 1298 2495 ipsum
1321 2425 1405 2480 etiam
1424 2431 1571 2495 peccatum
1591 2425 1714 2479 nondum
1733 2428 1776 2478 est
1794 2424 1919 2493 perfecte

219 2518 284 2584 post
300 2510 468 2581 baptismum
492 2527 547 2564 non
571 2525 631 2564 esse
655 2512 785 2579 paratum
812 2514 988 2579 peccatorum
1012 2524 1054 2562 re·
1081 2512 1232 2568 remissum.
1285 2516 1308 2566 2.
1340 2511 1417 2566 Dens
1451 2509 1591 2564 condonat
1625 2515 1740 2580 peccata
1777 2527 1810 2566 ex
1840 2525 1918 2564 mera

220 2598 341 2654 medium
362 2598 390 2650 in
411 2595 544 2667 baptismi
561 2596 721 2659 iteratione,
741 2599 808 2665 (quo
827 2593 909 2648 modo
923 2610 986 2648 eum
1006 2610 1055 2648 ex·
1080 2598 1188 2670 gratim
1212 2597 1278 2653 inde
1295 2597 1369 2652 enim
1395 2596 1551 2651 debitorum
1571 2597 1714 2660 remissio,
1741 2612 1797 2650 non
1823 2602 1918 2651 summ

220 2689 328 2756 ponunt
352 2682 526 2754 Epiphanius
551 2689 648 2736 contra
673 2680 823 2744 Catberos,
849 2679 971 2751 Cyrillus
990 2678 1008 2735 l.
1030 2686 1054 2734 5.
1078 2684 1236 2753 persolutio
1262 2684 1428 2754 appellatur.
1474 2682 1562 2753 Atqui
1579 2681 1649 2738 haec
1673 2681 1798 2753 gratuita
1816 2698 1914 2752 pecca-

221 2771 249 2825 iu
277 2769 397 2826 Johsnn.
428 2785 489 2839 cap.
520 2775 557 2824 ll.
590 2766 817 2839 chrysostomus,
855 2765 1054 2832 Theodoretua
1081 2779 1171 2827 torum
1189 2769 1313 2825 remissio
1332 2788 1395 2824 cum
1413 2768 1602 2825 satisfactione
1619 2767 1733 2840 propria
1751 2768 1794 2824 rel
1812 2769 1842 2822 in
1860 2768 1915 2824 hac

222 2852 670 2924 Oecumenius,'1'heophylactus,
689 2852 858 2907 Anshelmus
878 2857 907 2905 ct
925 2850 1055 2906 Sedulius
1081 2855 1146 2926 vita,
1170 2856 1214 2910 rel
1239 2856 1268 2910 in
1290 2854 1451 2926 purgatorio
1474 2855 1643 2926 praestanda
1660 2871 1803 2926 nunquam
1825 2854 1917 2910 conci·

220 2943 251 2997 in
268 2959 367 2998 comm.
387 2940 564 3011 Augustinus
585 2939 614 2994 in
639 2939 695 2993 fine
721 2939 839 3010 exposit
864 2936 1009 2992 inchoatae
1026 2937 1055 2991 in
1081 2941 1143 2997 lieri
1160 2940 1269 3012 poterit.
1309 2941 1390 3005 Quod
1408 2940 1481 2996 enirn
1499 2957 1550 3012 per
1567 2942 1680 3013 propria
1697 2941 1797 2998 marita
1813 2957 1846 2996 ac
1865 2958 1916 3011 per

220 3029 301 3100 epist
320 3029 357 3083 ad
375 3027 489 3082 Βοωιιι.
517 3043 551 3081 ac
577 3025 614 3080 de
637 3041 703 3079 vera
726 3033 755 3080 et
772 3024 844 3079 falsa
862 3023 966 3095 poenit.
987 3039 1011 3079 c.
1029 3027 1054 3079 3.
1082 3027 1208 3098 proprias
1231 3026 1435 3082 satisfactiones
1460 3026 1616 3093 obtinetur,
1645 3027 1714 3082 illud
1739 3028 1832 3096 pratis
1856 3027 1917 3082 deri

221 3132 290 3188 quos
310 3114 436 3185 sequitur
454 3112 639 3167 Bellarminus
659 3110 707 3165 lib.
728 3117 750 3166 t.
771 3111 806 3164 de
824 3125 905 3181 poen.
925 3125 986 3180 cap.
1005 3114 1056 3173 13.)
1082 3129 1162 3167 nemo
1188 3112 1269 3180 dicit,
1300 3120 1328 3166 et
1346 3112 1407 3167 vice
1430 3128 1524 3182 rersa,
1557 3113 1632 3184 quod
1656 3112 1745 3185 gratis
1771 3113 1917 3185 contingit,

220 3201 271 3269 illi,
292 3201 415 3271 inquam,
434 3199 597 3271 expositioni
616 3198 713 3253 mento
733 3197 785 3252 hoc
800 3196 960 3261 obvertitur,
979 3196 1054 3267 quod
1082 3197 1151 3252 illud
1171 3215 1225 3252 non
1240 3198 1324 3253 datur
1336 3215 1385 3266 per
1400 3204 1427 3253 et
1440 3204 1554 3268 prepter
1566 3198 1692 3270 proprias
1704 3197 1917 3256 satisfactiones.

220 3288 362 3358 apostolus
375 3303 430 3340 non
448 3292 555 3340 tantum
568 3283 699 3355 baptismi
712 3283 894 3352 iterationem,
907 3281 956 3337 sed
970 3282 1054 3336 etiam
1082 3293 1106 3342 3.
1125 3283 1259 3355 Exempla
1277 3300 1379 3348 eorum,
1401 3283 1495 3354 quiin
1513 3301 1579 3340 rere
1598 3284 1770 3356 poenitentia
1788 3285 1848 3341 Deo
1866 3302 1918 3356 per

220 3373 422 3446 riurano-rupim
442 3373 477 3426 ad
495 3371 693 3442 poenitentiam
712 3369 848 3442 ejusmodi
861 3368 1054 3440 peccatoribus
1080 3370 1163 3426 fidem
1183 3372 1212 3425 in
1231 3370 1340 3425 Christo
1360 3370 1528 3425 reconciliati
1548 3375 1626 3440 sunt,
1645 3376 1792 3437 testantur,
1810 3371 1917 3444 absque

221 3460 350 3532 deneget,
368 3474 420 3514 nec
432 3457 547 3512 difficile
558 3457 703 3522 duntaxat,
721 3457 770 3511 sed
789 3456 929 3511 tottam·
941 3462 1054 3520 asserat,
1081 3457 1145 3511 ullis
1171 3456 1290 3527 propriis
1316 3456 1551 3512 satisfactionibus
1577 3464 1693 3527 peccata
1711 3457 1780 3528 ipsis
1797 3458 1913 3513 remissa

219 3563 267 3602 eos
298 3546 397 3601 iterum
430 3545 467 3599 ad
495 3544 694 3615 poenitentiam
725 3542 860 3598 renovari.
908 3542 945 3595 Et
973 3542 1056 3611 quale
1081 3549 1109 3598 et
1131 3549 1305 3614 peccatorum
1330 3559 1433 3612 poenas
1451 3543 1599 3599 relaxatas.
1639 3544 1683 3598 De
1702 3543 1786 3599 Petro
1804 3544 1834 3598 in
1849 3545 1915 3616 jure

220 3630 319 3685 fuisset
348 3631 400 3686 hoc
438 3635 632 3700 argumentum
661 3628 779 3699 apostoli
815 3626 986 3682 dehortantis
1018 3627 1055 3680 ab
1081 3629 1216 3683 canonico
1231 3644 1291 3698 cap.
1317 3636 1338 3684 1.
1357 3628 1420 3685 dist.
1441 3634 1463 3683 l.
1479 3628 1514 3684 de
1531 3629 1635 3699 poenit.
1654 3628 1793 3700 allegatur
1806 3630 1913 3685 dictum

221 3717 308 3771 atroci
326 3716 391 3783 illo,
414 3717 450 3771 de
468 3732 524 3787 quo
543 3715 616 3786 agit,
644 3718 778 3784 peccato,
796 3713 819 3768 si
833 3714 955 3784 prolapsi
971 3712 1056 3767 fueri-
1083 3713 1220 3770 Ambrosii
1250 3713 1298 3771 lib.
1323 3718 1365 3769 10.
1391 3713 1419 3766 in
1446 3714 1515 3769 Luc.
1540 3731 1565 3769 c.
1587 3720 1632 3770 22:
1664 3716 1819 3784 lacrymas
1837 3717 1920 3771 Petri

222 3803 273 3867 tis,
301 3819 357 3856 uon
376 3801 502 3872 poteritis
521 3802 632 3871 quidem
660 3799 840 3869 rebaptizari,
870 3799 980 3854 interim
1005 3815 1055 3870 per
1082 3800 1159 3868 lego,
1183 3800 1406 3869 satisfactionem
1424 3818 1478 3854 non
1498 3800 1569 3868 lega
1606 3799 1693 3856 Latro
1711 3800 1741 3856 in
1758 3817 1841 3856 cruce
1858 3802 1918 3857 sine

222 3887 472 3944 mcouciliationem
497 3903 530 3941 ac
549 3886 747 3958 poenitentiam
772 3885 889 3956 potestis
907 3884 1054 3940 renovari?
1081 3884 1278 3941 sausfactionis
1307 3886 1436 3956 propriae
1461 3885 1618 3941 interventu
1643 3885 1698 3941 fide
1728 3885 1758 3940 iu
1774 3886 1917 3943 Christum

222 3976 371 4030 Praetores
389 3973 412 4027 si
437 3973 481 4028 rel
504 3973 622 4026 maxime
647 3972 722 4026 illam
746 3976 869 4025 veterum
892 3970 1054 4041 interpreta-
1083 3972 1142 4026 Deo
1161 3971 1355 4027 reconciliatus
1375 3979 1403 4027 et
1422 3971 1548 4043 protinus
1567 3972 1596 4026 in
1615 3972 1775 4042 paradisum
1786 3980 1915 4044 receptus

221 4061 324 4116 tionem
343 4059 517 4130 recipiamus,
535 4074 568 4113 ea
586 4063 679 4112 tamen
697 4075 751 4112 non
765 4056 935 4128 suffragatur
952 4074 1053 4128 purga·
1081 4063 1131 4114 est.
1166 4057 1230 4112 Huc
1249 4058 1395 4114 referenda
1419 4059 1512 4113 omnia
1530 4058 1657 4128 exempla
1675 4059 1915 4114 reconciliatorum

221 4147 300 4203 torio.
348 4146 449 4216 Lapsis
473 4151 537 4215 post
560 4143 727 4213 baptismum
753 4160 808 4198 nou
833 4148 912 4213 patet
942 4145 978 4198 ad
1006 4144 1053 4200 ba·
1081 4150 1145 4214 post
1161 4143 1345 4215 baptismum,
1374 4143 1475 4214 quibus
1502 4144 1630 4214 nuspiam
1647 4145 1692 4198 rel
1713 4143 1853 4212 Christus,
1870 4145 1916 4201 vel

220 4233 314 4304 ptismi
332 4233 504 4288 iterationem
523 4231 624 4294 aditus,
642 4229 751 4284 interim
770 4236 864 4284 tamen
878 4230 913 4283 ad
934 4230 1054 4300 gratiam
1081 4228 1199 4299 apostoli
1218 4244 1303 4299 opera
1320 4229 1507 4285 satisfactoria
1523 4231 1723 4300 imposuerunt.

221 4334 255 4373 ac
272 4317 370 4373 foedus
389 4315 532 4387 baptisimi
549 4331 600 4386 per
618 4332 711 4371 reram
729 4315 929 4385 poenitentiam
948 4315 1054 4370 reditus
1117 4322 1174 4391 298.
1210 4314 1321 4385 Excipit
1340 4316 1526 4370 Bellarminus
1543 4315 1590 4372 lib.
1608 4322 1629 4372 1.
1647 4316 1682 4371 de
1700 4304 1812 4388 purgat.
1829 4335 1851 4373 c.
1875 4322 2043 4374 12.s¹r·rr¹r

220 4403 289 4473 ipsis
315 4408 401 4472 patet
441 4401 523 4467 Quod
547 4409 640 4456 autern
666 4419 731 4456 vera
755 4418 788 4456 ac
813 4400 941 4456 salutaris
959 4402 1054 4472 poeni·
1083 4406 1106 4456 l.
1124 4421 1180 4456 uon
1198 4402 1348 4454 recordari
1363 4401 1543 4470 {pietatatem
1561 4402 1633 4454 m'ttt
1650 4402 1733 4456 aliud
1751 4418 1811 4456 esse
1829 4420 1914 4471 quum
1926 4378 2038 4470 ffiffi

221 4487 309 4543 tentia
329 4487 530 4558 complectatur
552 4486 767 4542 satisfactionem
789 4486 834 4541 vel
860 4486 887 4540 in
911 4486 963 4541 bac
987 4488 1054 4552 vita,
1081 4507 1136 4543 non
1172 4504 1285 4542 seruarc
1314 4487 1491 4542 inimicitiam
1535 4505 1596 4541 cunr
1626 4505 1672 4557 so,
1703 4489 1754 4557 qui
1777 4491 1915 4559 peccauit.
1927 4483 2030 4581 {²¹2ss

221 4574 265 4629 vel
286 4574 314 4627 in
332 4574 493 4645 purgatorio
512 4574 722 4645 praestandam,
748 4572 819 4627 illud
843 4574 985 4642 apostolus
1002 4590 1054 4629 nec
1081 4577 1156 4630 Nam
1181 4575 1207 4628 ri
1231 4575 1382 4628 recordari
1407 4573 1586 4644 iniquitatum
1610 4582 1682 4628 creat
1706 4575 1813 4644 punire
1837 4578 1916 4631 mola
1928 4585 2039 4625 mmmm.

222 4659 274 4715 boc
299 4660 375 4729 loco,
398 4677 450 4715 nec
468 4660 537 4716 alibi
563 4660 655 4724 addit,
681 4660 730 4715 sed
750 4659 784 4714 de
803 4675 853 4713 suo
871 4658 1055 4714 bellarminus
1082 4662 1198 4724 merita,
1234 4660 1384 4714 recordari
1412 4659 1592 4728 jsatitiarum
1633 4668 1705 4714 essct
1739 4664 1918 4717 remunerari

220 4746 352 4804 annectit.
1083 4749 1155 4801 bona
1189 4746 1308 4812 merita,
1352 4747 1430 4814 quod
1465 4747 1630 4800 aduersarii
1662 4764 1718 4800 non
1755 4751 1918 4808 concedunt.

257 4837 313 4889 202.
350 4835 376 4888 6.
398 4832 560 4885 Articulum
579 4834 809 4903 deprecatorum
833 4831 1009 4901 remissione,
1026 4832 1055 4885 in
1082 4831 1309 4903 Respondemus:
1345 4831 1380 4886 Si
1411 4849 1466 4886 non
1498 4834 1649 4887 recordari
1672 4833 1852 4902 iniquitatum
1875 4841 1919 4890 est

223 4935 279 4990 qua
293 4916 456 4990 justificatio
474 4916 607 4972 consistit
646 4923 669 4974 1.
688 4916 765 4971 Deus
785 4934 835 4986 pcr
854 4915 956 4971 Filium
975 4935 1055 4971 suum
1082 4935 1137 4974 non
1157 4934 1267 4974 serrare
1284 4917 1456 4972 inimicitiam
1471 4935 1533 4972 cum
1546 4936 1587 4983 eo,
1605 4919 1653 4991 qni
1665 4919 1802 4990 peccavit,
1819 4921 1918 4992 utique

223 5003 415 5060 morciliatus
438 5003 467 5058 in
484 5002 683 5073 justificatione
710 5019 743 5058 eo
762 5003 844 5057 modo
863 5009 981 5073 peecata
998 5019 1055 5059 cre·
1082 5004 1264 5069 calamitates,
1282 5004 1384 5076 quibus
1403 5004 1442 5074 pii
1460 5012 1524 5076 post
1543 5005 1686 5061 remissam
1699 5005 1811 5077 eulpam
1824 5005 1918 5062 adhuc

223 5089 353 5146 dentibus
371 5089 400 5144 in
418 5107 481 5145 eum
503 5088 633 5158 remittit,
653 5095 798 5143 uteorum
816 5106 872 5142 non
890 5090 1056 5144 recordetur
1082 5090 1201 5162 subjecti
1221 5095 1305 5159 sunt,
1336 5106 1391 5144 non
1412 5095 1478 5145 suut
1495 5107 1600 5161 poenae
1619 5091 1731 5161 proprie
1756 5090 1797 5146 sic
1815 5091 1917 5158 dictae,

223 5177 347 5247 amptius
369 5176 472 5232 Psalm.
491 5183 538 5243 ts,
562 5194 588 5229 v.
609 5182 633 5232 t.
657 5176 823 5245 teremit,
849 5193 875 5231 v.
895 5181 937 5232 tt.
956 5174 1054 5231 Erech.
1082 5195 1132 5234 nec
1151 5182 1216 5231 suut
1234 5175 1437 5231 satisfactiones
1456 5193 1506 5247 pro
1524 5179 1647 5248 peccatis
1668 5177 1712 5234 vel
1730 5176 1828 5249 poenis
1848 5195 1915 5249 pec·

224 5268 264 5332 18,
282 5279 309 5320 r.
325 5268 364 5318 22.
381 5271 413 5318 ut
425 5264 564 5332 projiciat
578 5280 612 5317 ca
627 5272 694 5335 post
708 5271 816 5331 mrpum
833 5262 898 5317 Esa.
912 5267 955 5328 38,
973 5279 998 5318 r.
1015 5269 1054 5319 17.
1082 5270 1206 5318 catorum
1237 5262 1327 5317 adhuc
1343 5263 1559 5333 persolvendae,
1594 5264 1663 5319 alias
1692 5263 1771 5320 Deus
1807 5271 1917 5337 partem

222 5351 368 5419 demergat
386 5350 417 5402 in
436 5351 619 5419 profundum
636 5350 727 5405 mama
746 5348 829 5405 Mich.
849 5355 878 5418 l,
902 5366 928 5403 r.
950 5354 989 5406 tt.
1008 5352 1055 5403 ‹lc-
1081 5351 1138 5405 irae
1165 5365 1232 5405 suae
1251 5349 1344 5404 adhuc
1363 5356 1516 5405 reservaret
1534 5355 1562 5404 et
1579 5349 1607 5404 in
1627 5350 1834 5407 calamitatibus
1860 5352 1917 5407 illis

221 5433 391 5489 testinatur
407 5435 488 5489 numa
515 5435 579 5492 Esa,
604 5441 651 5504 tt,
680 5452 706 5490 r.
728 5440 768 5491 22.
787 5452 844 5490 non
867 5435 983 5504 imputet
1004 5438 1056 5489 scri
1083 5435 1246 5503 effunderet,
1264 5435 1390 5507 adeoque
1410 5434 1588 5506 iniquitatum
1605 5435 1697 5491 adhue
1715 5437 1917 5494 recordaretur.

220 5527 296 5590 tspat
313 5520 416 5577 Psalm.
435 5525 483 5591 32,
512 5538 539 5576 r.
560 5527 583 5579 t.
612 5529 642 5576 ut
669 5529 727 5576 tom
744 5521 827 5589 tome
845 5537 880 5577 co
900 5528 1049 5592 removeat,
1076 5521 1163 5578 Porro
1191 5530 1268 5577 recte
1294 5521 1411 5578 invicem
1437 5521 1508 5577 haec
1533 5521 1589 5578 dno
1615 5522 1797 5581 conferuntur
1821 5540 1917 5580 rccor·
