4104 6014
176 319 233 383 113
765 309 889 367 LOCUS
908 307 1112 366 VICESIMUS
1130 309 1278 366 SEXTUS

171 466 309 520 rationem
326 482 435 534 poenae
449 484 483 520 ae
499 466 632 536 praemii,
652 465 842 519 damnationis
862 480 895 517 ac
920 461 1005 515 beati·
1033 459 1112 519 fuere
1135 463 1202 519 facti
1234 464 1293 520 sine
1319 463 1492 520 beatitudine
1521 463 1563 519 val
1590 463 1630 517 1111
1655 463 1752 518 eodem
1778 461 1869 528 modo,

175 552 297 615 tudinis,
324 553 436 621 11111
465 553 513 605 oia
541 555 582 605 ad
603 569 724 620 poenam
747 560 775 603 et
798 549 1007 603 damnationem
1034 566 1089 619 quo
1118 550 1146 604 hi
1177 548 1339 606 salvantia?
1372 551 1509 621 quomodo
1541 551 1669 607 Salvator
1706 555 1764 603 tam
1792 552 1870 603 certo

173 644 234 690 erat
252 646 351 707 aperta
372 654 428 706 per
448 646 596 707 peecatum
612 637 700 706 primi
717 636 859 707 parentis,
889 635 937 688 via
968 635 1283 705 adpraesentatus,
1309 636 1358 707 qui
1377 636 1515 706 inipsum
1534 636 1666 702 credunt,
1685 641 1810 688 antarta
1830 633 1872 685 ad

168 723 329 792 praemium
355 731 381 776 et
409 725 606 777 beatitudinem
639 723 734 776 adhuc
761 729 822 774 erat
851 719 1008 789 aperienda
1034 720 1120 772 eitam
1146 722 1292 774 transiisse
1321 720 1386 776 Joh.
1410 727 1440 787 5,
1475 739 1501 774 v.
1528 720 1581 777 tt?
1613 720 1660 775 ubi
1689 717 1871 790 praeteritum

169 826 223 881 per
242 817 357 862 mortem
381 817 407 862 et
427 811 651 874 satisfactionem
675 808 783 863 Christi
790 827 801 874 ,·
828 807 941 875 aquia
960 805 1356 876 ᾳιιί1μειαρέβηκεοε1111ᾱ11,
1384 807 1466 862 etiam
1495 806 1529 861 de
1547 813 1672 876 tempora
1689 804 1724 860 V.
1741 803 1773 860 T.
1792 800 1870 856 Chri-

172 903 238 949 tunc
259 896 416 964 peccabant
430 895 599 959 mortaliter,
615 911 668 964 per
696 911 725 946 se
749 894 925 946 merebantur
940 877 1109 960 poe-letum
1138 891 1223 963 loqui.
1270 893 1415 958 Quomodo
1447 891 1583 947 ἀνάλυσιν
1616 890 1761 962 pacificam
1791 895 1872 944 uoto

173 998 239 1035 stam
258 990 283 1034 ct
302 981 513 1034 damnationem
531 980 667 1032 sinentis
683 979 872 1048 dependentia
886 979 921 1031 ab
941 978 1009 1046 alio,
1036 976 1173 1033 desiderio
1194 983 1258 1032 ante
1279 977 1382 1032 Christi
1403 985 1518 1033 mortem
1542 983 1738 1047 exspectarunt
1756 975 1828 1030 Luc.
1845 981 1870 1039 2,

173 1068 223 1136 qai
239 1075 332 1120 autem
361 1067 427 1118 bene
453 1065 594 1129 vivebant,
629 1082 684 1117 non
712 1065 887 1117 merebamur
909 1081 963 1133 per
980 1078 1010 1114 se
1037 1081 1060 1117 v.
1079 1064 1132 1118 291
1151 1062 1288 1134 quomodo
1302 1062 1476 1118 tantaauimi
1494 1062 1598 1117 fiducia
1611 1062 1735 1120 lacobus
1757 1061 1871 1116 moritu·

172 1152 328 1220 psoensium
341 1159 366 1204 et
384 1150 589 1214 beatitudinem,
606 1152 659 1204 sed
670 1151 859 1219 dependenter
877 1167 896 1202 a
904 1152 1009 1218 fidere
1036 1164 1083 1201 rus
1102 1147 1185 1211 dixit,
1205 1150 1326 1203 Domine
1343 1157 1468 1219 respecto
1484 1150 1613 1203 saltitare
1632 1157 1718 1215 tuum,
1738 1147 1809 1202 Gen
1827 1152 1871 1213 ts,

174 1237 272 1291 merito
290 1245 317 1290 et
337 1236 468 1304 passione
488 1234 610 1304 0111111,
631 1236 663 1288 hi
678 1253 745 1303 erpo
763 1236 898 1288 debebant
916 1250 1010 1306 sarpe-
1036 1250 1063 1287 v.
1085 1232 1136 1288 181
1168 1233 1197 1289 si
1215 1234 1304 1288 sancti
1322 1235 1355 1289 V.
1370 1234 1403 1288 T.
1422 1242 1571 1290 caruerunt
1590 1234 1695 1289 risione
1712 1233 1765 1288 Dei
1783 1232 1872 1287 beati·

174 1330 252 1376 ctare
286 1323 440 1385 Christum,
477 1330 626 1389 antequam
661 1323 821 1390 perfeetum
852 1321 1010 1392 praemium
1034 1317 1101 1387 fica,
1119 1319 1257 1389 quomodo
1274 1319 1458 1375 Bellarminus
1483 1319 1531 1377 lib.
1550 1319 1586 1373 de
1603 1321 1676 1375 beat.
1694 1325 1781 1375 senet.
1800 1335 1825 1374 e.
1847 1323 1870 1372 3.

170 1408 362 1478 perciperent,
385 1407 432 1460 illi
446 1414 581 1475 poterant
597 1407 695 1460 statim
709 1405 814 1474 puniri.
853 1404 1011 1474 Responde·
1037 1421 1070 1458 ex
1090 1404 1195 1459 Euclea.
1217 1411 1263 1472 11,
1288 1423 1313 1460 v.
1334 1411 1375 1461 tt.
1391 1407 1482 1470 facilc
1503 1414 1542 1459 est
1560 1408 1590 1458 in
1610 1405 1658 1460 die
1676 1406 1768 1460 obitus
1788 1405 1871 1458 retri-
1933 1408 1935 1412 '

177 1511 256 1551 mus:
275 1500 394 1564 utraque
413 1492 484 1546 ratio
502 1492 600 1546 nititur
617 1491 690 1546 falsa
710 1490 864 1561 hypothesi,
883 1506 939 1561 qua
956 1496 1010 1546 sta-
1038 1491 1119 1544 baare
1140 1492 1228 1560 justa
1245 1491 1307 1544 rias
1335 1509 1402 1544 suas
1429 1491 1593 1560 unicuique,
1621 1491 1740 1562 probare
1769 1497 1873 1562 potest,

180 1580 278 1647 tuitus,
296 1578 453 1649 passionem
471 1578 574 1632 Christi
592 1596 647 1633 non
661 1578 795 1642 profuisse
813 1577 868 1648 piis
887 1577 916 1632 in
927 1576 963 1633 V.
976 1576 1010 1632 T.
1039 1583 1150 1631 sanctos
1168 1576 1261 1632 statim
1282 1594 1299 1632 a
1318 1583 1406 1632 morta
1422 1577 1460 1631 ad
1480 1577 1571 1632 Deum
1600 1576 1715 1632 venire?
1763 1576 1792 1632 Si
1817 1576 1872 1647 piis

176 1673 326 1736 antequam
357 1665 386 1719 in
419 1680 469 1719 ara
498 1665 588 1719 crucis
616 1663 671 1718 fuit
693 1670 812 1730 peracta.
836 1662 1011 1718 Cannutium
1037 1668 1103 1716 anta
1129 1663 1231 1718 Christi
1256 1663 1405 1719 adventum
1431 1664 1545 1718 mortuis
1570 1662 1793 1718 descendendum
1817 1661 1874 1716 fuit

39 1763 102 1805 1111.
118 1761 162 1805 tea
177 1750 425 1807 demonstrabimus
444 1749 566 1803 inferius.
600 1755 625 1806 1.
641 1748 747 1805 Nititur
760 1748 854 1818 opinio
872 1748 907 1802 de
926 1747 1011 1802 limbo
1036 1753 1066 1802 iu
1093 1749 1215 1821 aliquem
1246 1748 1361 1804 limbum
1391 1749 1571 1818 infernalem,
1602 1749 1692 1820 potior
1717 1764 1751 1802 ac
1776 1748 1873 1803 melior

175 1836 252 1892 falsis
271 1834 473 1907 hypothesibus
493 1835 696 1905 compluribus,
722 1837 799 1903 qaod
815 1835 906 1902 janua
922 1852 1010 1902 paro·
1038 1851 1132 1888 eorum
1151 1835 1272 1890 conditio
1298 1835 1352 1890 fuit
1376 1834 1405 1888 in
1424 1835 1483 1890 rita
1508 1853 1591 1907 quam
1611 1833 1639 1888 in
1660 1840 1755 1889 morte.
1788 1834 1870 1890 baco-

176 1923 236 1976 disi
260 1930 324 1976 ante
350 1921 457 1975 Christi
480 1928 595 1975 mortem
622 1939 678 1973 non
695 1921 789 1990 suerit
816 1920 876 1990 piis
902 1927 1011 1988 aperta,
1037 1918 1090 1973 bue
1107 1919 1178 1975 Gen.
1199 1927 1246 1988 32,
1277 1939 1303 1976 r.
1322 1926 1362 1976 30.
1394 1920 1477 1989 dicit,
1505 1938 1535 1975 se
1560 1920 1664 1974 uidisse
1683 1922 1836 1974 Dominam
1853 1938 1873 1972 a

176 2025 238 2063 cum
262 2007 489 2079 distinguendum
509 2006 546 2061 sit
564 2006 636 2062 inter
662 2012 772 2076 tempus
793 2004 888 2059 mortis
907 2011 936 2059 et
952 2021 1010 2058 me-
1034 2006 1114 2070 saeie
1143 2008 1185 2058 ad
1213 2008 1327 2071 faciem.
1377 2006 1405 2060 Si
1438 2005 1538 2061 limbus
1570 2022 1717 2076 puerorum
1741 2022 1759 2057 a
1787 2004 1872 2059 limbo

174 2095 258 2148 ritum
277 2093 381 2162 mortis,
400 2092 492 2163 passio
509 2100 538 2146 et
552 2109 625 2146 mors
638 2090 741 2146 Christi
755 2090 928 2161 profuerunt,
946 2096 1011 2144 ants
1036 2098 1146 2160 patrum
1166 2091 1330 2159 distinctim,
1355 2093 1493 2163 quomodo
1511 2091 1603 2146 David
1631 2088 1757 2146 11111111
1773 2091 1871 2162 potuit,

72 2170 78 2178 ’
176 2196 260 2250 quarn
277 2178 398 2248 fuerunt,
420 2185 449 2234 et
466 2176 603 2234 beneficia
615 2176 716 2232 Christi
736 2176 830 2230 valeat
848 2192 904 2230 nou
922 2177 1010 2231 solum
1038 2176 1078 2231 ibi
1098 2193 1159 2232 esse
1176 2176 1299 2232 sobolem
1319 2194 1353 2231 ex
1368 2177 1528 2232 bethsabea
1547 2186 1721 2248 susceptam,
1739 2193 1794 2248 quo
1812 2175 1873 2246 ipsa

176 2271 345 2333 introrsum,
363 2263 412 2318 sed
432 2263 514 2318 etiam
529 2270 692 2329 retrorsum,
720 2262 795 2317 uude
814 2261 907 2332 angeli
925 2278 1011 2332 appa·
1038 2278 1149 2333 quoque
1174 2263 1270 2334 cupiat
1290 2263 1518 2334 commigraret.
1538 2265 1610 2320 Sam.
1630 2269 1675 2331 12,
1701 2281 1726 2316 v.
1744 2260 1798 2318 231
1842 2260 1871 2317 Si

178 2357 240 2406 rent
257 2349 460 2405 adscendentes
477 2366 511 2404 ac
530 2348 730 2414 descendentes
749 2345 905 2414 Genesis,
924 2363 948 2401 1.
972 2352 1010 2402 12.
1037 2349 1066 2403 in
1084 2349 1193 2404 Christi.
1211 2350 1249 2403 ad
1274 2350 1376 2405 inferos
1400 2350 1535 2405 descensu
1553 2356 1645 2420 patres
1672 2367 1688 2404 e
1713 2348 1798 2403 limbo
1824 2347 1872 2404 illo

175 2437 205 2493 iu
222 2437 356 2492 descensu
373 2436 543 2491 voluntatem
555 2432 609 2489 Dei
627 2431 785 2488 hominibus
804 2432 1013 2502 patefacientes,
1038 2434 1161 2500 liberati,
1185 2435 1248 2506 quis
1270 2436 1330 2504 J‘am
1352 2437 1412 2506 ejus
1433 2435 1545 2505 penitus
1571 2436 1697 2490 evacuati
1714 2434 1802 2489 usus?
1841 2434 1872 2488 Si

176 2522 206 2576 in
224 2522 362 2577 adscensu
384 2521 490 2575 animas
509 2521 617 2590 piorum
637 2518 664 2572 111
692 2519 799 2572 coelum
818 2518 1011 2587 deportantes3
1037 2527 1130 2589 patres
1159 2519 1189 2574 111
1213 2520 1300 2575 limbo
1327 2527 1479 2590 conspeetu
1507 2537 1540 2574 ae
1564 2521 1669 2575 visione
1695 2520 1745 2575 Dei
1772 2519 1872 2588 privati

176 2609 253 2678 osted
276 2606 402 2662 Christus
432 2622 462 2660 eo
492 2608 548 2670 fine
566 2606 607 2657 ad
634 2605 743 2671 inferos
770 2605 955 2669 dmccnderit,
980 2612 1011 2656 at
1037 2605 1131 2671 fuere,
1167 2607 1305 2676 quomodo
1338 2606 1473 2660 duntaxat
1503 2623 1617 2674 poenam
1647 2606 1740 2660 damni
1764 2613 1793 2660 et
1818 2621 1873 2660 nou

174 2703 272 2765 patres
290 2710 304 2746 e
324 2693 408 2746 limbo
427 2693 572 2754 educeret,
593 2707 657 2744 cum
677 2690 748 2744 alius
765 2688 828 2743 finis
846 2696 874 2744 et
894 2688 1009 2744 effectus
1037 2691 1120 2746 etiam
1155 2708 1273 2763 poenam
1312 2709 1407 2746 seusus
1444 2691 1646 2760 turbauerunt,
1683 2708 1745 2746 cum
1775 2709 1873 2746 seusus

175 2780 250 2835 illius
294 2778 443 2834 descensus
483 2777 513 2831 in
557 2776 707 2848 scripturis
751 2782 920 2846 proponetur
958 2783 1009 2830 etc.
1037 2778 1094 2832 irae
1131 2778 1241 2833 divinae
1276 2796 1327 2848 per
1361 2778 1548 2843 censionem,
1593 2779 1809 2832 subtractionem
1847 2786 1873 2831 et

176 2865 322 2935 &Opinio
339 2863 388 2918 illa
405 2862 457 2917 sibi
478 2863 530 2933 ipsi
550 2879 605 2919 nou
623 2867 740 2917 constat.
771 2860 800 2915 Si
814 2861 888 2914 enim
900 2861 1009 2931 piorum
1034 2864 1222 2934 privationem
1256 2866 1353 2932 faciei
1399 2865 1512 2917 ‹livinae
1557 2864 1585 2917 in
1634 2864 1785 2935 Scripturis
1830 2880 1871 2918 sa·

175 2953 205 3006 in
221 2950 255 3008 V.
275 2951 310 3005 T.
335 2950 444 3005 11111111
469 2949 499 3003 in
519 2948 632 3027 limbum
652 2948 796 3015 1111111111,
823 2965 856 3001 ex
881 2964 936 3018 quo
960 2964 1010 3017 per
1036 2950 1090 3004 1111
1125 2950 1318 3006 describatur?
1368 2949 1554 3005 Bellarminus
1584 2949 1632 3004 lib.
1665 2955 1687 3005 1.
1723 2949 1758 3003 de
1793 2967 1872 3020 purg.

175 3036 315 3094 Christum
332 3047 430 3106 postea
453 3034 602 3103 liberatae,
630 3032 768 3104 quomodo
785 3032 924 3087 1111111111
942 3032 1009 3087 veri·
1037 3053 1097 3104 cap.
1138 3041 1178 3091 lt.
1214 3037 1291 3090 mille
1327 3037 1468 3106 pehennas
1504 3035 1576 3090 rsshil
1612 3053 1679 3099 esec,
1715 3036 1742 3088 si
1777 3038 1872 3102 confe-

175 3128 218 3177 tas
235 3121 412 3192 pronuntiato
432 3119 585 3176 Salomonis
603 3118 710 3174 Eccles.
733 3124 773 3185 11,
792 3135 816 3174 v.
837 3123 866 3173 3:
888 3120 1009 3187 Lipnam
1036 3131 1138 3176 rantur
1159 3141 1221 3177 oum
1247 3123 1396 3176 amissione
1426 3122 1518 3177 divini
1541 3130 1711 3191 conpoctas.
1748 3131 1770 3178 t.
1795 3123 1871 3178 Sum·

177 3209 206 3262 in
225 3225 386 3277 qwcunnue
415 3208 476 3262 loco
496 3206 645 3272 ceciderit,
669 3205 709 3258 ibi
735 3205 788 3257 erit
816 3221 850 3257 ac
871 3204 1011 3257 manebit!
1035 3208 1113 3262 nium
1139 3207 1207 3263 illud
1227 3207 1403 3262 Pontificium
1430 3209 1464 3263 de
1490 3206 1574 3263 limbo
1602 3214 1712 3277 patrum
1742 3214 1871 3264 1111111111

178 3292 208 3348 Si
221 3293 262 3364 pii
274 3293 309 3348 V.
322 3292 355 3348 T.
374 3292 503 3348 abierunt
514 3291 543 3346 in
557 3291 671 3345 limbum
685 3289 855 3355 infernalem,
872 3290 1011 3361 quomodo
1037 3293 1163 3349 meritum
1185 3293 1302 3358 Christi,
1320 3294 1400 3364 quasi
1420 3294 1496 3347 illius
1515 3295 1602 3348 virtus
1624 3311 1678 3348 uon
1697 3293 1869 3348 redundave-

176 3379 265 3435 Johus
285 3378 409 3436 fidetem
428 3385 521 3432 cemus
540 3393 600 3432 esse
617 3376 716 3447 potuit,
735 3378 918 3429 redemtorem
930 3395 1009 3429 mum
1037 3379 1074 3433 rit
1092 3380 1128 3433 ad
1153 3385 1245 3449 patres
1263 3378 1298 3435 V.
1319 3379 1352 3437 Τ.
1376 3396 1439 3434 cum
1464 3385 1558 3434 11111111
1577 3396 1667 3450 agnus
1685 3378 1740 3435 Dei
1760 3379 1870 3434 dicatur

177 3466 285 3533 111111,
303 3481 386 3534 senae
402 3466 494 3535 ipsum
511 3481 607 3518 coram
625 3463 789 3515 interituram
815 3479 837 3515 c.
858 3467 940 3526 1111.
958 3461 1011 3516 251
1038 3465 1145 3520 occisus
1164 3465 1200 3518 ab
1218 3465 1329 3533 oripine
1347 3466 1446 3518 mundi
1463 3465 1551 3534 Apoc.
1573 3470 1617 3531 13,
1647 3483 1670 3519 s.
1691 3470 1715 3521 8.
1737 3483 1794 3521 non
1812 3473 1872 3520 tan·

178 3550 316 3622 quomodo
353 3549 477 3604 Christus
529 3549 620 3604 dicere
659 3552 762 3618 potest,
809 3549 1010 3615 Abralramnm,
1037 3559 1096 3604 tum
1120 3553 1226 3606 ratione
1253 3552 1370 3614 sicardi,
1396 3551 1594 3620 promissionis
1623 3569 1657 3602 ac
1684 3559 1813 3620 typorum
1842 3552 1977 3610 11111111

177 3638 312 3692 isaacum
330 3644 355 3689 et
373 3637 512 3690 Jacobum
529 3636 681 3689 etiamnum
699 3634 791 3688 111111
808 3636 869 3688 Deo
889 3634 954 3689 Luc.
969 3640 1011 3704 211,
1037 3634 1197 3702 sacrifieiis,
1219 3636 1268 3691 sed
1292 3637 1375 3691 etiam
1401 3636 1508 3690 ratione
1531 3638 1644 3697 fractus
1667 3644 1694 3690 et
1714 3639 1873 3705 efficaciae,

178 3741 204 3776 v.
227 3725 281 3779 381
317 3722 347 3778 Si
366 3720 539 3793 patriarchae
558 3721 657 3775 vivunt
676 3719 735 3776 Deo
761 3736 794 3773 ac
820 3726 884 3773 sunt
906 3720 934 3775 in
955 3720 1013 3773 vita
1038 3738 1157 3792 cumque
1175 3721 1301 3778 Christus
1319 3721 1402 3777 lesus
1428 3724 1541 3776 dicatur
1567 3723 1630 3776 heri
1653 3731 1678 3775 et
1694 3724 1779 3778 hodie
1798 3724 1872 3777 idem

178 3816 305 3876 aeterua,
337 3807 475 3879 quomodo
507 3807 543 3861 ab
568 3805 669 3861 intuitu
697 3810 725 3858 et
753 3803 859 3859 risione
877 3805 929 3861 Dei
952 3811 1011 3859 tum
1040 3806 1113 3864 Heb.
1134 3813 1181 3876 13,
1203 3826 1229 3863 v.
1249 3813 1273 3864 8.
1315 3808 1344 3863 si
1370 3808 1398 3862 in
1429 3807 1557 3861 humanis
1582 3808 1701 3863 creditor
1719 3808 1871 3864 debitorem

178 3895 310 3965 temporis
334 3885 413 3951 fuere
438 3894 551 3957 remoti,
575 3910 638 3948 cum
663 3891 722 3946 vita
744 3897 857 3945 aeterna
879 3891 1012 3946 consistat
1037 3893 1154 3957 liberum
1173 3894 1305 3962 dimittit,
1336 3894 1538 3949 interveniente
1561 3892 1738 3963 fidejussione
1759 3894 1872 3948 alterius

178 3982 207 4034 in
225 3979 355 4034 beatifica
375 3980 429 4035 Dei
446 3979 558 4041 risione,
576 3978 639 4034 Joh.
665 3985 709 4045 11,
730 3996 756 4035 v.
778 3982 819 4032 tt.
840 3982 862 4033 1.
885 3976 946 4032 Cor.
971 3983 1010 4042 13,
1037 3979 1093 4035 fide
1111 3980 1188 4050 digni
1209 3979 1374 4035 solutionem
1394 3980 1570 4050 spondentis,
1591 3979 1689 4050 quidni
1706 3979 1791 4035 Pater
1811 3997 1870 4034 coe

177 4084 202 4123 r.
232 4073 271 4122 12.
304 4073 328 4123 1.
350 4065 412 4121 lob
432 4071 462 4130 3,
494 4084 519 4120 v.
543 4065 578 4120 11
620 4063 649 4120 Si
673 4069 737 4134 post
765 4071 879 4116 mmtem
906 4061 1013 4117 Christi
1037 4065 1114 4120 lestis
1139 4067 1175 4120 oh
1193 4066 1356 4136 promissam
1388 4074 1416 4121 et
1445 4072 1555 4135 pactam
1581 4064 1630 4119 filii
1655 4064 1871 4119 satisfactionem

177 4153 275 4206 clausa
292 4153 366 4206 coeli
378 4153 473 4220 janua
493 4159 532 4204 est
552 4160 653 4222 aperta
675 4157 701 4203 st
722 4158 821 4217 patres
838 4149 934 4202 statim
951 4167 1010 4203 coe·
1037 4167 1087 4205 suo
1104 4159 1228 4222 tempore
1247 4151 1452 4222 adimplendam
1474 4159 1566 4221 patres
1586 4149 1619 4205 V.
1637 4149 1671 4204 T.
1688 4148 1744 4204 fide
1768 4149 1796 4202 in
1809 4167 1869 4219 pro·

173 4247 276 4307 perard
295 4255 354 4292 esse
371 4237 453 4305 beati,
467 4254 534 4308 ergo
551 4236 664 4292 fuerunt
677 4234 761 4303 beati,
780 4242 929 4303 autequam
947 4251 1010 4289 cum
1036 4239 1149 4292 missum
1175 4238 1304 4293 Messium
1334 4237 1455 4308 gratiae,
1480 4236 1608 4308 justitiae
1634 4243 1664 4290 et
1691 4235 1871 4290 beatitudinis

176 4322 285 4378 Christo
307 4324 335 4378 iu
361 4323 468 4378 coelum
493 4322 701 4377 adscenderunt
743 4319 899 4390 Utrumque
924 4320 1010 4375 Beoa·
1036 4331 1165 4380 aeternae
1188 4323 1338 4395 participes
1362 4322 1498 4379 fecisset?
1548 4321 1577 4374 Si
1607 4321 1736 4376 meritum
1768 4321 1870 4375 Christi

177 4426 230 4464 nus
245 4411 344 4465 asserit
360 4427 388 4480 p.
409 4416 450 4466 bt.
469 4409 518 4463 sed
537 4424 672 4478 perquam
690 4405 842 4460 absurdum
860 4405 1010 4461 111111111-
1037 4419 1079 4465 est
1100 4411 1181 4463 unius
1206 4409 1386 4480 ejusdemque
1410 4409 1519 4463 virtutis
1545 4418 1572 4463 et
1597 4407 1739 4463 efficaciae
1758 4414 1814 4461 tam
1842 4408 1870 4460 in

176 4493 258 4550 ficem
278 4494 332 4550 Dei
351 4494 483 4549 visionem
501 4492 556 4548 illis
575 4492 710 4559 tribuere,
731 4491 780 4561 qui
805 4491 928 4544 nondum
945 4499 1012 4546 suut
1036 4495 1072 4553 V.
1092 4513 1174 4567 quam
1205 4495 1234 4549 iu
1260 4495 1293 4550 N.
1308 4495 1342 4549 T.
1366 4500 1609 4564 consequammi,
1632 4494 1739 4547 animas
1763 4492 1871 4562 piorum

177 4581 206 4635 in
224 4580 310 4638 coelo.
345 4581 375 4637 si
392 4581 550 4641 Abraham,
569 4580 648 4634 11111
666 4585 695 4633 11
710 4577 800 4636 Jacob
817 4576 895 4632 fuere
913 4579 1011 4633 remoti
1037 4599 1092 4637 nou
1107 4582 1194 4636 solum
1214 4582 1243 4635 in
1256 4581 1289 4638 N.
1305 4581 1354 4635 sed
1373 4580 1455 4635 1111111
1474 4580 1502 4634 in
1522 4579 1553 4633 V.
1567 4579 1600 4633 T.
1620 4579 1648 4633 in
1667 4579 1774 4633 coelium
1786 4578 1873 4632 fuisse

178 4682 302 4738 arogno
319 4667 458 4723 coelorum
474 4673 503 4722 et
526 4683 544 4720 a
563 4665 614 4720 Dei
634 4664 752 4731 risione,
772 4662 910 4733 quomodo
924 4663 963 4734 pii
982 4664 1011 4718 ia
1038 4669 1201 4740 deportatas
1221 4676 1249 4722 et
1265 4668 1303 4721 sd
1326 4667 1459 4721 visionem
1480 4665 1534 4721 Dei
1551 4666 1694 4722 admissas.
1734 4664 1873 4719 Counexio

178 4752 214 4810 N.
242 4752 274 4808 T.
305 4752 437 4807 dicuntur
465 4769 559 4807 eorum
591 4766 743 4806 1111110181
773 4748 832 4802 f0r0
861 4748 890 4801 ln
924 4765 1012 4819 regno
1038 4755 1183 4826 probatur,
1209 4752 1276 4824 quia
1296 4751 1440 4807 translatio
1460 4752 1569 4823 piarum
1588 4752 1740 4806 animarum
1762 4751 1790 4803 iu
1811 4767 1872 4805 coe·

180 4837 287 4911 gloriae
304 4837 403 4892 Matth.
424 4843 447 4904 8,
468 4854 494 4889 v.
515 4837 567 4892 11?
586 4842 725 4908 (puguant
741 4833 815 4888 enim
832 4850 925 4888 tetum
944 4835 1012 4888 invi·
1038 4842 1112 4909 lum,
1142 4857 1200 4893 sors
1227 4845 1384 4911 sanctorum
1415 4838 1443 4891 in
1469 4839 1572 4892 lumine
1595 4844 1645 4891 etc.
1676 4841 1743 4890 sunt
1767 4836 1873 4890 fructus

177 4942 313 4981 11111111
332 4925 363 4978 in
381 4924 464 4977 limbo
489 4932 515 4978 et
540 4941 597 4977 mss
615 4925 721 4977 temam
743 4939 778 4975 aa
799 4922 828 4975 in
847 4923 1012 4992 11111111-
1038 4924 1258 4981 111111101111111.
1297 4924 1473 4978 1111111111
1490 4925 1632 4993 probatur,
1651 4921 1717 4993 quia
1737 4922 1824 4976 virtus
1846 4931 1874 4976 et

177 5011 241 5064 riae
270 5010 386 5065 docente
405 5007 573 5064 Bellarmino
593 5008 641 5063 lib.
667 5008 702 5063 de
720 5008 795 5063 beat.
822 5015 906 5061 sanct.
929 5024 951 5062 c.
971 5008 1165 5066 rudefflmois
1182 5010 1272 5065 meriti
1293 5027 1347 5065 nou
1366 5008 1518 5079 pendetab
1538 5009 1586 5063 illo
1605 5007 1735 5077 temporis
1748 5007 1874 5075 articulo,

177 5110 248 5166 resp.
276 5095 368 5162 adt.)
396 5094 533 5167 quomodo
558 5094 659 5149 Petrus
685 5095 749 5149 Act.
778 5101 825 5163 15,
851 5112 877 5147 v.
898 5101 936 5150 11.
962 5114 1012 5150 nos
1039 5098 1068 5152 iu
1091 5113 1145 5168 quo
1165 5096 1294 5167 passione
1321 5104 1349 5149 et
1365 5102 1453 5150 morte
1477 5112 1528 5149 sua
1546 5092 1672 5148 Christus
1691 5092 1762 5146 illud
1779 5094 1873 5162 acqui·

173 5200 228 5252 per
244 5182 367 5250 aratiam
382 5182 503 5235 Domini
519 5180 610 5236 nostri
628 5180 735 5234 Christi
757 5180 876 5247 salvari,
893 5179 957 5234 καθ’
979 5179 1013 5236 tv
1039 5185 1112 5253 sirit,
1133 5184 1182 5239 sed
1200 5199 1217 5237 a
1239 5199 1374 5254 personae
1403 5182 1538 5236 infinitate
1563 5188 1592 5234 et
1610 5197 1627 5233 a
1643 5179 1697 5234 Dei
1716 5181 1829 5235 decreto
1841 5197 1873 5235 ac

177 5267 283 5342 spinos
302 5274 395 5338 patres
412 5267 448 5324 V.
467 5267 501 5324 T.
547 5265 630 5321 Certe
655 5267 678 5318 si
699 5266 796 5320 eadem
819 5268 865 5320 esi
887 5267 961 5322 salus
979 5286 1013 5324 ac
1038 5271 1190 5325 voluntate.
1238 5269 1342 5339 Ecquis
1374 5269 1446 5323 euim
1474 5267 1588 5335 dixerit,
1617 5267 1744 5321 meritum
1769 5265 1872 5320 Christi

178 5353 340 5424 beatitudo,
363 5371 420 5425 qua
437 5354 465 5408 in
482 5353 516 5409 N.
537 5352 570 5408 T.
601 5358 664 5423 post
683 5350 784 5407 Christi
802 5351 959 5422 passionem
979 5371 1013 5408 11
1039 5374 1138 5410 novam
1166 5355 1290 5426 abnuam
1321 5355 1451 5409 viantem
1475 5360 1611 5422 tempore.
1627 5351 1660 5407 N.
1686 5352 1719 5407 T.
1755 5352 1873 5423 acquisi-

179 5448 294 5495 mertem
313 5441 457 5497 credentes
477 5439 546 5495 salvi
566 5456 600 5494 ac
609 5438 684 5493 beati
704 5437 783 5503 fiunt,
802 5456 864 5492 cum
882 5440 939 5510 illa,
959 5458 1015 5512 qua
1039 5441 1132 5496 visse?
1167 5441 1254 5496 Recte
1271 5439 1382 5495 omnino
1404 5437 1556 5509 Gregorius
1573 5437 1609 5492 de
1621 5437 1752 5494 Valentia
1769 5445 1835 5492 tom.
1848 5444 1872 5493 1.

179 5526 244 5582 olim
262 5532 357 5598 patres
374 5526 410 5584 V.
423 5526 457 5583 T.
476 5525 576 5582 salvati
595 5532 667 5592 sunt,
687 5524 825 5596 quomodo
843 5526 889 5582 vel
901 5525 931 5581 hi
943 5527 1014 5582 salvi
1040 5528 1069 5582 in
1087 5527 1186 5584 Thom.
1207 5526 1283 5597 disp.
1300 5531 1322 5581 1.
1353 5542 1379 5595 q.
1406 5531 1441 5580 ¹9.
1455 5528 1563 5594 punct.
1582 5529 1606 5579 t.
1629 5520 1658 5597 ξ.
1681 5523 1808 5580 Secundo
1829 5541 1872 5580 se-
