4104 6014
866 253 1085 328 44444444.
1768 265 1828 332 277

127 413 196 473 dum
214 420 244 472 44
259 412 471 485 confidendum,
493 415 545 474 nisi
571 419 618 490 qui
645 424 687 473 est
706 416 895 488 omnipotens,
921 414 1179 487 qui'Bellarmiuus
1206 416 1237 468 in
1264 420 1376 471 sandes
1397 414 1487 487 fidem
1511 431 1546 471 ae
1569 435 1646 488 spem
1671 436 1722 473 suo
1747 422 1831 475 modo

126 511 171 559 est
186 504 334 559 auxiliator
359 503 388 558 in
415 505 488 560 omni
514 504 695 572 adversitate,
721 504 769 574 qui
793 509 836 558 est
853 490 1133 611 largitor'rcollocori
1147 518 1234 569 posse
1252 502 1365 571 amerit,
1385 502 1435 558 sed
1454 502 1507 557 sihi
1527 502 1580 574 ipsi
1599 502 1653 559 hac
1671 503 1700 559 in
1719 521 1748 560 re
1767 521 1831 560 con-

127 589 265 644 bonornm
289 589 417 645 adhunc
437 595 465 644 et
489 596 630 646 aeternam
650 590 733 643 vitam
750 587 966 643 necessariorum
980 585 1120 650 ruadicit,
1144 587 1210 658 quia
1229 587 1278 646 lib.
1300 594 1323 643 1.
1348 589 1383 644 de
1405 588 1513 644 Christo
1532 605 1593 658 cap.
1614 595 1637 645 5.
1659 590 1831 646 divinitatem

126 680 157 730 et
172 674 291 729 utilium.
339 673 402 729 Jam
428 691 495 729 vero
520 675 595 730 solus
621 674 700 730 Deus
724 681 766 728 est
786 673 968 742 omnipotens,
994 670 1097 725 Christi
1128 689 1161 727 ex
1190 690 1223 728 eo
1251 674 1369 745 probat,
1399 672 1475 745 Ι44444
1503 675 1531 728 in
1561 674 1651 745 ipsum
1677 677 1831 731 credamus.

126 759 276 815 auxiliator
294 759 413 815 inomni
433 760 600 816 adversitate
620 767 673 816 etc.
695 760 799 814 sanctis
820 757 967 814 verohaec
995 758 1082 811 Beati
1102 756 1211 830 (inquit)
1232 768 1319 831 erunt,
1337 762 1429 830 quiin
1442 762 1552 816 Messio
1565 762 1717 825 confidunt.
1748 764 1830 832 Erpa

126 845 219 917 gloria
254 845 367 901 minime
393 847 533 917 competit.
588 853 612 902 8.
638 843 668 900 Si
694 845 722 899 in
750 851 860 898 sanctos
894 848 967 898 esset
995 844 1120 896 Messias
1142 854 1282 900 estserae
1302 849 1389 902 Deus.
1428 848 1505 901 Nam
1533 847 1564 900 in
1589 848 1747 918 Scripturis
1763 866 1830 919 pas·

127 932 297 988 credendum
316 939 345 988 et
363 932 545 1003 sperandum,
565 948 738 1002 consequens
760 931 853 999 suerit,
870 946 963 985 veram
993 929 1046 982 sim
1063 930 1093 983 in
1111 932 1172 985 solo
1195 949 1260 986 nero
1281 934 1344 987 Deo
1361 935 1556 1004 confidendum
1576 950 1635 988 esse
1655 935 1774 1004 dieitur,
1800 939 1831 990 ut

120 1018 231 1089 ‚cunuti
249 1026 278 1074 et
296 1018 416 1089 Spiritus
438 1019 527 1074 suncti
553 1015 725 1073 divinitatem
754 1034 810 1072 non
830 1033 912 1088 posse
933 1034 965 1070 ex
993 1016 1093 1071 lesem.
1118 1023 1163 1072 tt:
1185 1019 1366 1085 Maledictus,
1386 1021 1436 1089 pui
1453 1021 1570 1088 confidit
1586 1021 1617 1074 in
1634 1020 1751 1077 homine.
1791 1019 1830 1074 Et

129 1120 163 1158 eo
181 1104 310 1175 probari,
338 1105 413 1175 quod
430 1105 574 1174 Scriptura
591 1104 675 1160 docet
693 1106 722 1158 in
739 1103 842 1157 Filium
861 1110 889 1158 et
906 1101 967 1172 Spi·
993 1101 1078 1156 infra:
1116 1104 1285 1157 Benedictus
1316 1107 1373 1172 vir,
1408 1108 1460 1174 qni
1488 1107 1605 1171 considit
1636 1107 1666 1160 in
1695 1107 1830 1162 Domino.

128 1190 214 1245 ritum
250 1196 379 1245 sanctum
417 1207 476 1245 esse
513 1191 684 1246 credendum
722 1206 756 1246 ac
790 1188 967 1259 sperandum.
994 1204 1054 1257 cap.
1073 1194 1095 1244 6.
1122 1189 1209 1259 ejusd
1237 1189 1301 1244 libri
1320 1187 1348 1264 ξ.
1368 1189 1502 1255 Quintum
1519 1190 1713 1247 testimouium.
1733 1191 1830 1262 Augu·

127 1274 272 1331 Posterius
297 1283 436 1348 repugnat
453 1277 530 1347 praxi
556 1276 706 1341 ecclesiae,
732 1291 804 1346 quae
823 1274 967 1330 haereticis
994 1273 1082 1327 stinus
1114 1273 1162 1329 lib.
1193 1280 1214 1331 1.
1245 1275 1281 1329 44
1307 1274 1407 1332 Triuit.
1437 1293 1498 1345 cap.
1528 1282 1568 1333 12.
1599 1294 1632 1333 ex
1660 1277 1760 1332 lohan.
1790 1282 1829 1332 14.

129 1360 304 1417 divinitatem
322 1361 388 1415 Filii
410 1370 438 1417 et
456 1363 576 1433 Spiritus
603 1362 691 1417 sancti
712 1360 879 1432 negantibus
896 1361 968 1413 inter
994 1359 1109 1414 creditis
1122 1361 1151 1413 in
1166 1362 1267 1429 Deum,
1286 1362 1354 1416 etin
1366 1377 1409 1415 me
1422 1363 1536 1432 credite,
1551 1365 1674 1428 deducit,
1688 1361 1830 1417 Christum

128 1446 239 1518 reliqua
256 1447 340 1502 etiam
359 1447 411 1503 hoc
437 1456 630 1518 argumentum
652 1453 811 1501 constanter
829 1446 966 1516 opposuit.
995 1462 1053 1499 4444
1080 1445 1161 1499 illum
1185 1462 1280 1499 oerum
1306 1449 1413 1517 Deum,
1445 1465 1525 1517 quem
1556 1449 1669 1504 Judaei
1697 1448 1829 1503 colebant.

129 1538 154 1589 9.
173 1532 219 1586 Pii
236 1539 343 1590 veteres
366 1533 490 1588 unanimi
513 1532 648 1604 suffragio
665 1531 861 1603 comprobant,
883 1530 966 1586 fidem
993 1533 1070 1585 Nam
1089 1533 1116 1585 si
1138 1549 1193 1585 non
1212 1539 1252 1585 est
1272 1533 1333 1602 ipse
1358 1550 1439 1586 serus
1459 1536 1555 1602 Deus,
1579 1553 1635 1590 non
1658 1543 1751 1606 potest
1777 1534 1833 1587 sibi

10 1633 65 1675 sm.
79 1632 115 1675 ss.
129 1625 158 1674 et
176 1635 253 1690 spem
272 1619 302 1673 in
324 1619 414 1675 solum
435 1620 526 1676 Deum
552 1635 611 1673 esse
630 1617 830 1673 collocandam.
869 1616 966 1688 Orige-
993 1634 1128 1685 arropare
1147 1620 1244 1685 fidem,
1274 1634 1346 1686 quae
1374 1619 1422 1672 illi
1445 1619 1640 1674 solidabatur.
1681 1625 1718 1676 11.
1737 1620 1830 1690 Hypo·

128 1721 178 1760 nes
196 1704 289 1760 homil.
303 1705 369 1760 tin
386 1704 499 1761 Erech:
520 1706 571 1758 Ad
591 1721 646 1773 eos,
665 1705 714 1774 qni
729 1705 759 1758 in
772 1703 876 1758 sanctis
893 1705 966 1767 fidn-
992 1700 1079 1756 thesis
1096 1703 1158 1772 illa,
1190 1702 1265 1774 quod
1290 1702 1360 1758 fides
1387 1710 1415 1758 et
1432 1721 1496 1774 spes
1520 1704 1587 1775 poni
1610 1705 1699 1775 possit
1716 1705 1745 1758 in
1760 1720 1832 1770 eum,

128 1791 202 1844 ciam
233 1791 348 1858 balent,
374 1808 430 1845 non
454 1791 606 1859 incongrue
626 1791 777 1862 profertur
798 1789 966 1858 coemptum:
994 1787 1041 1857 qui
1059 1806 1114 1843 non
1140 1788 1177 1842 sit
1207 1805 1287 1842 verus
1307 1788 1401 1857 Deus,
1430 1806 1507 1844 arma
1530 1789 1692 1860 suppeditat
1711 1790 1832 1857 Arianis,

127 1877 305 1931 Maledictus
326 1877 421 1944 homo,
447 1877 497 1947 qni
521 1892 599 1946 spem
625 1876 706 1929 444444
724 1877 753 1928 in
778 1875 894 1932 lamine.
931 1875 968 1928 Et
993 1873 1176 1943 Photinienis,
1191 1873 1415 1942 Macedoniauis,
1433 1873 1695 1930 Pneumatomechis
1712 1881 1765 1931 etc.
1784 1876 1832 1947 qui

129 1961 215 2017 illud:
234 1963 332 2017 Nolite
345 1964 487 2027 confidere
504 1963 533 2015 in
552 1962 717 2017 hominihus.
755 1961 810 2017 Sed
829 1966 857 2015 et
874 1959 965 2015 aliud:
994 1958 1166 2015 divinitatem
1201 1960 1267 2013 Filii
1306 1965 1335 2015 et
1371 1959 1491 2030 Spiritus
1528 1959 1617 2015 sancti
1657 1961 1832 2032 impugnant.

129 2050 242 2102 Bonsun
259 2055 302 2101 eet
318 2051 460 2117 confidere
478 2048 508 2102 in
532 2049 657 2101 Domino
676 2064 761 2115 quom
779 2048 920 2114 confidere
939 2047 969 2098 in
994 2044 1111 2100 Socinus
1128 2044 1157 2099 in
1181 2063 1254 2116 resp.
1275 2046 1311 2100 ad
1326 2045 1526 2100 Bellarminum
1545 2051 1574 2100 et
1589 2045 1714 2100 Wielrum
1732 2063 1793 2117 cap.
1806 2053 1832 2103 4.

123 2134 315 2204 principibus.
369 2134 480 2197 Quodsi
495 2150 605 2188 necesse
626 2141 668 2187 est
681 2134 711 2185 in
729 2132 826 2201 aliquo
844 2149 969 2201 sperare,
994 2131 1074 2187 class.
1093 2136 1117 2188 2.
1143 2148 1250 2203 argum.
1272 2137 1293 2187 1.
1318 2148 1384 2203 pag.
1406 2136 1468 2187 157:
1494 2132 1637 2186 Jeremios
1664 2148 1782 2202 negans,
1802 2133 1832 2186 in

129 2220 259 2274 omnibus
278 2221 421 2274 derelictis
446 2236 589 2289 speramur
613 2219 643 2272 in
668 2219 803 2275 Domino.
845 2218 967 2289 Cyrillus
994 2219 1104 2272 homine
1130 2220 1340 2288 confidendum,
1368 2217 1441 2272 nihil
1461 2217 1546 2271 aliud
1568 2218 1641 2286 nult,
1671 2235 1755 2288 quam
1776 2235 1832 2272 non

128 2305 264 2360 Alexand.
285 2306 302 2362 l.
328 2305 363 2360 de
391 2312 466 2360 recta
485 2304 556 2360 fide:
581 2306 670 2358 stan
688 2313 714 2357 et
734 2320 797 2376 spes
820 2306 968 2359 nostruin
995 2321 1052 2357 ease
1073 2306 1269 2369 confidendum
1289 2306 1319 2358 in
1339 2303 1468 2357 inmanis
1489 2303 1593 2356 uiribrse
1610 2304 1684 2357 citra
1703 2303 1831 2373 Spiritus

130 2393 232 2446 Deum.
290 2390 409 2452 (444444
439 2392 527 2460 ipitur
558 2391 589 2443 in
617 2392 711 2444 Deum
741 2391 826 2457 fides,
856 2388 967 2442 Christo
994 2407 1029 2442 ae
1046 2391 1159 2444 diuinae
1175 2390 1288 2444 virtutis
1311 2407 1399 2460 opem,
1415 2397 1441 2443 et
1465 2388 1578 2458 quidem
1598 2395 1629 2442 ut
1646 2406 1665 2442 a
1687 2390 1751 2444 Deo
1769 2389 1832 2459 quis

130 2478 255 2544 dicente,
288 2477 318 2530 in
342 2493 385 2530 me
414 2477 534 2545 credite,
569 2477 708 2544 44444444
737 2493 794 2529 non
818 2476 968 2542 manifeste
993 2478 1117 2530 recedat.
1164 2474 1279 2532 Catech.
1307 2475 1411 2532 Bacor.
1443 2492 1506 2547 pag.
1534 2481 1582 2531 tt:
1619 2476 1834 2545 Coniunpuntur

130 2570 200 2617 esset
219 2564 321 2617 Deus!
349 2561 546 2632 ¹Hieronymus
564 2560 613 2618 lib.
632 2567 655 2616 4.
673 2561 701 2614 iu
719 2559 819 2615 Erech.
841 2577 901 2631 cap.
923 2566 968 2616 tt:
994 2562 1024 2615 in
1060 2561 1169 2625 fiducia
1204 2563 1269 2616 Deo
1305 2562 1399 2616 delita
1437 2561 1509 2616 tales
1547 2577 1594 2616 res
1629 2569 1656 2615 et
1685 2579 1833 2631 pascuae,

133 2650 241 2711 Quodsi
256 2650 287 2702 in
306 2649 403 2718 aliquo
415 2649 528 2718 fiducia
548 2653 596 2716 est,
614 2646 645 2700 in
662 2647 723 2701 solo
740 2648 865 2701 Domino
883 2649 967 2714 eonfi-
994 2663 1066 2716 quoe
1108 2647 1198 2715 plane
1242 2649 1283 2700 ad
1328 2646 1434 2716 ipsius'
1465 2647 1613 2702 maeotium
1656 2665 1713 2702 non
1747 2653 1834 2718 perti·

131 2737 239 2789 444444.
288 2734 466 2789 Maledictus
490 2735 564 2787 enim
584 2734 785 2801 omnishomo,
816 2735 867 2803 qui
891 2750 967 2803 spem
994 2741 1066 2787 nent.

130 2823 212 2876 444644
231 2823 261 2875 in
279 2821 539 2890 hominnqnennn
559 2821 738 2887 sanctiunt,
757 2821 883 2888 44444444
899 2838 967 2889 pro·
1030 2824 1088 2874 464.
1140 2817 1316 2889 Argumenta
1356 2817 1566 2874 Pontificiorum
1610 2819 1720 2891 potiora
1762 2818 1922 2879 haecxmr.
1935 2835 1968 2878 aa

128 2909 241 2978 pletas.
287 2906 453 2960 Ambrosius
480 2905 510 2960 in
539 2922 636 2960 comm.
669 2905 772 2960 Coloss.
807 2912 830 2963 1.
863 2905 969 2960 0444444·
994 2911 1068 2963 suut.
1106 2909 1127 2960 1.
1146 2903 1247 2959 lohau.
1263 2910 1286 2972 5,
1305 2920 1331 2959 v.
1351 2911 1394 2960 44.
1406 2906 1517 2960 Judaei
1533 2906 1666 2961 dicuntur
1685 2907 1715 2960 in
1731 2895 1913 2975 Moyeeifu·

132 2994 358 3064 omnipotentiam
384 2992 427 3045 ita
455 2991 633 3045 declaratam
657 2991 885 3061 illustratamque
909 3008 968 3047 esse
994 3007 1130 3063 sperasse.
1181 2989 1404 3061 Respondemus:
1438 2999 1458 3048 1,
1483 2991 1608 3047 Christus
1643 2992 1696 3048 hoc
1720 2951 1958 3049 uomiueiiinzlr·

131 3079 209 3146 dicit,
237 3086 269 3133 ut
286 3079 429 3149 sciremus,
446 3076 505 3146 ipsi
521 3077 577 3131 soli
594 3093 645 3130 nos
668 3078 758 3143 fidere
784 3079 892 3144 debere,
919 3077 968 3133 uhi
994 3095 1050 3132 non
1066 3076 1242 3133 commendat
1258 3092 1292 3131 ac
1310 3077 1416 3148 iaudat,
1436 3079 1486 3136 sed
1504 3079 1597 3150 potius
1610 3085 1688 3135 taxat
1697 3078 1829 3148 ludaeos,
1843 3054 1919 3150 w

132 3173 160 3224 et
188 3166 259 3221 haec
284 3166 378 3237 pouit,
408 3172 439 3218 ut
468 3164 495 3217 si
522 3165 585 3233 pais
616 3164 707 3218 alicui
735 3165 899 3235 nupciarum
925 3165 969 3218 oel
996 3163 1069 3234 quod
1088 3163 1118 3218 in
1137 3163 1254 3233 Moysen
1271 3164 1451 3234 speraverint,
1465 3164 1518 3219 hoc
1540 3172 1582 3220 est
1601 3165 1674 3238 quod
1693 3163 1830 3221 existima·
1843 3155 1923 3246 ’ᾖξ’

130 3261 299 3323 potestatum
328 3254 457 3306 deuotum
482 3267 511 3304 se
539 3252 637 3305 debere
669 3267 728 3305 esse
749 3258 844 3321 putet,
871 3268 969 3306 errore
996 3250 1092 3317 verint,
1108 3248 1224 3320 Moysen
1243 3248 1318 3320 ipsos
1337 3265 1431 3304 coram
1451 3249 1513 3305 Deo
1531 3255 1734 3321 excusaturum,
1755 3251 1830 3324 quod
1843 3216 1863 3297 i
1876 3234 1960 3308 nir

132 3356 162 3394 se
182 3341 268 3408 sciat,
287 3356 353 3392 nam
367 3339 417 3407 qui
434 3354 464 3391 se
483 3338 615 3406 eubjectis
630 3338 770 3405 humiliot,
791 3346 863 3392 totns
881 3346 968 3403 errat,
995 3351 1050 3390 uon
1074 3333 1243 3391 crediderint
1269 3335 1298 3388 in
1328 3333 1480 3401 Christum,
1512 3336 1565 3392 hoc
1587 3343 1731 3407 praetextu
1756 3338 1830 3409 quod
1843 3308 1927 3401 iiii„

132 3445 188 3482 nan
208 3433 303 3480 tenens
326 3432 411 3497 caput
436 3432 552 3478 truncus
578 3430 628 3480 est.
672 3423 802 3479 Ruffinus
828 3425 857 3479 in
875 3442 967 3497 expos.
996 3421 1139 3478 doctrinae
1154 3439 1204 3493 per
1221 3422 1313 3492 ipsum
1334 3421 1528 3493 promulgatae
1549 3428 1709 3477 constanter
1728 3423 1829 3478 adhae-
1844 3421 1933 3506 2335„

133 3511 252 3582 symboli
277 3516 385 3580 monet,
411 3527 466 3579 per
489 3510 730 3580 praepositionem
758 3511 786 3564 in
814 3520 968 3567 creatorem
995 3523 1057 3563 rere
1086 3508 1229 3563 voluerint
1276 3512 1300 3562 2.
1331 3505 1473 3562 invocatio
1505 3519 1661 3562 sanctorum
1693 3526 1748 3564 uon
1777 3509 1931 3570 fuissene.

133 3617 153 3653 a
170 3598 308 3653 creaturis
327 3596 433 3651 4444444·
459 3604 485 3649 44
510 3596 609 3650 dr’oinn
632 3597 669 3648 44
686 3596 815 3650 bumaria
836 3599 972 3666 separari
996 3594 1100 3649 usitata
1130 3592 1159 3647 in
1193 3594 1226 3647 V.
1252 3593 1284 3647 Τ.
1313 3598 1345 3648 ut
1374 3591 1513 3647 Pontificii
1545 3593 1709 3652 concedunt.
1755 3594 1831 3666 Ergo

134 3683 310 3756 Augustinus
328 3680 375 3736 lib.
396 3685 436 3736 18.
454 3680 489 3736 de
513 3680 589 3735 civit.
607 3680 661 3736 Dei
687 3699 747 3752 cap.
769 3689 814 3738 tt:
843 3685 904 3737 Nos
922 3686 972 3753 qni
997 3680 1080 3736 etiam
1100 3679 1310 3735 tundamentum
1336 3680 1519 3735 invocationis
1542 3697 1598 3734 non
1616 3679 1716 3736 habuit
1733 3681 1833 3751 locum,

135 3787 228 3825 summ
246 3785 430 3838 vocamurque
454 3765 625 3835 Christiani,
650 3782 706 3821 non
729 3771 759 3822 in
779 3769 895 3823 Petrum
914 3786 971 3823 cre·
997 3767 1050 3820 hoc
1070 3771 1112 3820 est
1139 3783 1202 3836 spes
1228 3771 1256 3820 et
1282 3764 1385 3821 fiducia
1406 3765 1435 3819 in
1459 3771 1570 3820 sanctos
1598 3784 1654 3822 nou
1679 3765 1734 3822 fuit
1752 3766 1834 3822 collo·

137 3857 237 3924 dimus,
256 3855 355 3909 sedin
373 3871 452 3924 quem
469 3855 592 3908 credidit
608 3855 722 3911 Petrus.
759 3854 837 3909 Idem
852 3860 932 3909 tract.
950 3862 972 3913 1.
998 3859 1069 3908 catu.
1125 3856 1148 3906 3.
1177 3852 1273 3906 Sancti
1303 3851 1339 3909 V.
1371 3851 1404 3907 Τ.
1434 3856 1500 3908 aute
1533 3851 1635 3905 Christi
1667 3852 1703 3906 ad
1731 3852 1834 3907 inferos

137 3944 165 3997 in
184 3941 266 3998 Joh.:
284 3943 349 3995 Non
364 3948 455 4010 potest
478 3957 536 3994 4444
563 3941 592 3994 in
609 3957 694 4009 poce,
725 3947 775 4010 qus·
800 3957 876 4012 spem
891 3942 972 4011 ponit
999 3938 1161 3993 descensum
1180 3955 1213 3993 ex
1230 3935 1380 4007 hypothesi
1391 3935 1597 3992 Pontificiorum
1609 3935 1687 3993 fuere
1699 3938 1727 3991 in
1739 3937 1834 4004 limbo,

136 4031 167 4083 in
185 4027 305 4083 bomine.
350 4027 447 4080 Nolite
463 4027 504 4080 sic
531 4028 640 4096 eripere
670 4027 766 4080 oculos
791 4028 820 4080 in
846 4035 973 4093 montem,
999 4025 1089 4096 ignari
1107 4041 1219 4089 eorum,
1243 4040 1315 4096 quae
1339 4023 1369 4078 in
1394 4023 1475 4079 terris
1494 4023 1670 4094 gerebantur.
1713 4024 1788 4096 Ergo
1805 4025 1834 4079 in

136 4122 167 4169 ut
180 4114 302 4184 putetis,
332 4113 362 4167 in
386 4113 497 4166 lemine
516 4129 574 4166 esse
593 4129 672 4181 spem
690 4120 811 4167 uestram
831 4113 971 4168 collocan·
998 4110 1060 4166 illos
1086 4127 1141 4165 non
1166 4109 1258 4181 potuit
1280 4108 1410 4165 collocari
1434 4110 1544 4165 fiducia
1587 4117 1611 4166 4.
1640 4109 1695 4164 Ρ44
1717 4109 1834 4180 Moysen

137 4203 212 4256 dam.
251 4197 352 4254 Confer
376 4198 424 4254 lib.
445 4197 480 4252 de
493 4197 625 4269 pastorih.
652 4214 712 4269 cap.
732 4204 757 4255 8.
799 4204 837 4254 10.
856 4199 973 4270 Ipsimet
999 4197 1165 4268 intelligitur
1184 4196 1317 4249 doctrina
1335 4195 1487 4265 Mosaica,
1512 4195 1564 4250 hoc
1583 4199 1627 4250 est
1648 4212 1698 4266 per
1717 4195 1834 4267 Moysen

137 4284 288 4342 adversarii
315 4284 483 4355 quandoque
512 4289 680 4355 agnoscunt,
710 4283 738 4338 in
765 4285 852 4338 solum
879 4284 971 4338 Deum
1000 4283 1153 4337 Israiilitico
1170 4281 1274 4353 populo
1292 4280 1479 4353 promulgata,
1498 4288 1529 4336 ut
1547 4286 1626 4353 patet
1646 4298 1679 4336 ex
1694 4297 1741 4351 eo,
1760 4282 1835 4352 quod

137 4389 197 4428 esse
221 4370 389 4427 credendum
416 4369 526 4439 ipsique
548 4369 599 4424 soli
622 4368 824 4426 confidendum.
869 4369 973 4442 Georg.
996 4369 1131 4441 jubentur
1160 4369 1274 4421 credere
1301 4367 1412 4434 Moysi,
1442 4367 1495 4423 hoc
1523 4374 1566 4421 est
1591 4365 1675 4422 fidem
1701 4367 1835 4423 adhibere

137 4459 292 4515 Cassander
320 4457 349 4511 in
377 4457 493 4513 consult.
529 4474 594 4527 pag.
624 4463 681 4513 146.
713 4457 807 4528 arguit
839 4464 973 4528 tanquam
999 4455 1086 4526 ipsius
1114 4453 1256 4509 4444444444
1284 4452 1313 4505 in
1342 4451 1421 4506 libris
1447 4451 1577 4507 Moesicis
1603 4452 1724 4509 traditae
1749 4472 1773 4507 v.
1793 4459 1834 4509 46.

138 4561 291 4608 erroneum,
310 4546 387 4612 quod
404 4544 485 4596 multi
502 4552 601 4596 temere
621 4544 880 4612 confiduntsanctis
900 4560 974 4596 eam·
1000 4558 1055 4612 quo
1082 4557 1165 4594 sensu
1191 4539 1274 4594 etiam
1301 4537 1394 4593 divitis
1422 4537 1548 4609 epulonis
1576 4539 1678 4594 fratres
1704 4539 1836 4610 jubentur

139 4649 191 4702 que
206 4631 321 4698 falsam
346 4637 372 4682 et
391 4628 581 4698 perniciosam
608 4630 767 4701 opinionem
796 4628 976 4700 conqueritur
1000 4628 1102 4682 aesdire
1121 4626 1241 4693 Moysen
1262 4624 1331 4680 Luc.
1355 4630 1399 4693 16,
1423 4640 1450 4682 v.
1472 4629 1512 4679 49.
1537 4623 1566 4679 in
1593 4624 1703 4696 scriptis
1730 4626 1836 4682 scilicet

139 4718 170 4771 in
185 4717 286 4787 culpus
303 4716 457 4770 invaluisse
472 4722 498 4768 et
516 4717 675 4770 commentis
694 4716 896 4770 miraculorum
911 4732 976 4770 con·
1000 4712 1058 4769 suis
1087 4712 1123 4766 ad
1153 4727 1199 4766 eos
1231 4708 1398 4782 loquentem.
1444 4708 1573 4766 lustinus
1605 4711 1634 4765 iu
1669 4717 1778 4783 quaest.
1808 4717 1837 4767 et

137 4803 258 4873 firmari.
311 4799 462 4874 Ingolstad.
490 4802 520 4854 in
545 4801 619 4871 apol.
645 4808 742 4856 contra
770 4801 872 4872 disput.
892 4801 977 4858 Heer·
1001 4818 1072 4871 resp.
1091 4798 1127 4854 ad
1152 4796 1258 4853 orthod.
1288 4815 1315 4868 q.
1336 4802 1399 4852 134:
1426 4797 1572 4859 Quomodo
1599 4799 1630 4853 in
1649 4800 1744 4854 multis
1766 4798 1837 4854 locis

141 4890 240 4945 braudi
270 4889 306 4944 de
338 4886 497 4960 precatione
532 4886 568 4940 ad
594 4893 804 4958 argumentum,
833 4889 981 4954 Pontificii
1003 4887 1116 4943 diuinae
1153 4884 1321 4953 Scripturas
1350 4885 1396 4938 les
1426 4902 1482 4940 non
1522 4886 1581 4956 lere,
1612 4890 1665 4941 sed
1689 4886 1837 4956 lepisiator

140 4977 270 5031 invocant
301 4983 422 5039 sandes,
454 4991 522 5042 erpo
541 4973 572 5026 in
595 4990 641 5027 eos
659 4976 793 5043 credunt,·
812 4975 981 5045 respondent
1005 4976 1120 5041 Moyses
1138 4971 1263 5026 dieitur!
1307 4971 1483 5040 Responsio:
1504 4972 1572 5026 Mos
1601 4979 1641 5026 est
1660 4989 1716 5025 non
1734 4978 1840 5025 tantum

141 5064 194 5119 hoc
212 5063 311 5128 modo,
342 5079 401 5117 esse
427 5059 687 5130 sophisticationem
710 5079 728 5114 a
749 5077 805 5114 non
828 5062 980 5116 distributo
1004 5059 1173 5123 hominibus,
1194 5058 1247 5112 sed
1265 5058 1349 5111 etiam
1369 5056 1472 5111 diuinis
1490 5057 1597 5124 literis,
1614 5056 1724 5111 nomine
1745 5065 1839 5111 aucto·

142 5152 183 5204 ad
212 5149 408 5219 distrilsaum,
440 5165 472 5201 eo
503 5149 581 5216 quod
606 5146 746 5202 invocatio
772 5147 860 5201 latius
883 5156 980 5217 pateat
1005 5150 1062 5217 ris,
1089 5146 1138 5216 qui
1162 5144 1275 5214 aliquid
1294 5143 1367 5197 aute
1386 5151 1436 5198 ant
1461 5144 1590 5214 44444444,
1618 5144 1772 5197 orationem
1791 5151 1842 5197 aut

70 5283 74 5288 ,
143 5254 227 5307 quom
259 5243 337 5290 actus
373 5235 510 5290 credendi
547 5233 577 5286 in
608 5232 739 5303 aliquem.
789 5232 921 5288 Costerus
951 5234 980 5288 in
1005 5235 1176 5302 scripturam
1195 5229 1352 5302 appellare,
1371 5231 1453 5299 cujus
1472 5245 1507 5284 ea
1524 5231 1560 5282 sit
1573 5228 1725 5282 indicandi
1737 5229 1840 5296 pratia.

145 5321 277 5378 enchirid.
305 5339 370 5395 pag.
389 5328 449 5380 404.
475 5318 616 5388 concedit,
644 5319 674 5372 in
706 5326 818 5374 sanctos
840 5336 896 5373 non
922 5336 981 5375 esee
1006 5320 1142 5390 Origenes
1158 5317 1187 5371 in
1204 5315 1287 5372 Num.
1306 5315 1399 5370 homil.
1423 5320 1466 5371 12:
1495 5315 1546 5369 Ad
1563 5315 1648 5379 fidem
1666 5312 1843 5369 Christianos

143 5410 314 5464 credendum
331 5426 366 5463 oc
393 5409 582 5479 sperandum,
610 5403 685 5459 unde
711 5406 829 5475 probare
856 5411 980 5471 conatur,
1007 5412 1138 5462 convocat
1157 5404 1209 5459 lea.
1247 5404 1314 5474 Ipse
1331 5404 1403 5457 enim
1421 5401 1508 5468 dicit,
1526 5401 1594 5471 quio
1615 5400 1729 5469 Moyses
1747 5404 1782 5455 de
1800 5417 1843 5455 sne

141 5513 226 5570 posse
244 5499 328 5555 etiam
350 5514 410 5552 eum
428 5496 573 5566 issaocnri,
596 5494 627 5548 in
651 5509 731 5564 quem
757 5511 813 5547 non
832 5492 982 5552 credimus.
1008 5493 1130 5565 scripsit.
1168 5491 1286 5559 4444444
1311 5497 1404 5544 autem
1423 5489 1511 5559 lepenr
1530 5487 1624 5557 accipi
1643 5487 1742 5542 debere
1760 5505 1845 5561 saepe
