4104 6014
870 289 921 344 DE
943 285 1084 345 MORTE.
1764 297 1820 354 151

125 452 179 513 tor,
196 462 370 517 consequens
382 445 444 513 erit,
463 445 602 500 Christum
616 462 665 515 pro
684 444 812 516 originali
827 445 962 499 duntaxat
990 458 1022 495 er
1040 443 1150 512 pumice
1168 443 1251 498 citius
1272 459 1374 514 aquam
1391 458 1476 513 quam
1495 458 1528 497 er
1555 444 1607 498 hoc
1627 443 1705 499 silice
1721 459 1824 514 purga·

124 539 256 601 peccato,
279 533 360 601 cujus
386 531 510 587 remissio
538 532 566 584 in
584 530 724 601 baptismo
741 530 877 602 obtingit,
905 546 960 583 non
991 527 1054 581 terii
1073 528 1146 599 ignis
1167 528 1314 583 scintillam
1333 527 1477 582 extorserit
1495 528 1688 597 Bellarminne,
1707 536 1824 599 uterque

124 622 215 671 autem
236 635 286 689 pro
304 618 462 673 actualibus
479 617 602 688 pcccatis
619 617 800 679 satisfecisse,
824 615 868 671 vel
886 621 960 670 certe
987 613 1059 668 enim
1078 615 1154 669 locus
1172 616 1231 686 egit
1251 633 1307 670 non
1325 615 1362 669 de
1381 615 1524 685 quibusvis
1542 616 1753 685 peccatoribus,
1773 614 1823 670 sed

124 700 267 757 Christum
285 720 341 757 non
358 722 409 775 pro
434 703 563 758 omnibus
580 710 759 774 peccatorum
781 702 878 772 poenis
900 700 957 771 ple·
987 699 1022 754 do
1039 700 1101 767 illis,
1120 702 1168 773 qui
1180 709 1299 771 peccant
1316 701 1345 755 in
1359 701 1493 770 Spiritum
1515 707 1650 767 sanctum,
1669 701 1743 771 qnod
1761 719 1823 772 pro·

124 805 187 843 nem
205 789 422 845 satisfactionem
437 789 622 860 praestitisse3
640 795 824 859 consequetur
840 793 869 842 et
881 786 959 854 illud,
987 784 1085 840 bamus
1104 794 1125 842 1.
1143 805 1176 841 ea
1195 788 1420 841 consutas-atione
1437 788 1564 856 sabjecti.
1593 787 1730 859 Loquitur
1750 787 1823 842 enim

124 874 326 931 satisfactiones
345 883 453 931 nostras
480 892 540 932 esse
563 876 688 931 duriores
716 892 749 929 ac
768 872 1127 953 laboriosiores'papoetolus
1148 873 1182 926 de
1202 872 1270 941 illis,
1296 872 1451 944 qui'primo
1470 879 1536 928 sunt
1553 877 1757 946 φωτισθέντες,
1774 873 1824 944 qui

127 960 297 1030 gravissimis
313 961 489 1032 passionibus
509 960 628 1027 Christi,
646 961 680 1016 de
698 960 801 1030 quibus
819 960 878 1029 ipse
895 975 960 1013 con·
988 973 1040 1026 per
1066 957 1204 1029 evangelii
1228 959 1462 1028 praedicationem
1489 964 1518 1014 et
1548 961 1671 1015 veritatis
1696 959 1824 1014 coelestis

127 1046 254 1115 queritur
271 1047 375 1103 Psalm
394 1052 437 1116 22,
457 1065 483 1102 v.
504 1053 526 1102 1.
543 1046 608 1101 Esa.
631 1052 679 1113 43,
696 1063 722 1102 v.
742 1051 783 1102 24.
801 1044 900 1100 Matth.
919 1050 962 1113 27,
990 1041 1176 1112 cognitionem
1205 1044 1338 1098 divinitus
1371 1044 1450 1100 fuere
1478 1046 1640 1100 itlrsmiuati.
1694 1044 1823 1103 Secundo

124 1149 148 1185 r.
167 1137 208 1187 16.
228 1137 281 1188 eta.
300 1132 369 1203 quin
388 1131 443 1189 imo
459 1130 597 1185 hnmanae
615 1130 817 1203 satisfactiones
836 1135 962 1184 statuen-
988 1129 1038 1197 qui
1054 1138 1234 1199 partaverunt
1257 1133 1360 1184 danum
1387 1133 1504 1185 cocleae
1527 1139 1553 1184 et
1570 1133 1671 1185 bonum
1691 1132 1748 1185 Dei
1763 1147 1824 1185 uer·

125 1225 169 1272 tnr
189 1219 302 1290 maJ'on's
319 1218 411 1273 meriti
430 1222 459 1272 et
485 1216 628 1272 efficaciae
652 1233 736 1288 quam
754 1216 841 1286 ipsius
858 1214 960 1270 Christi
988 1216 1052 1268 bum
1070 1223 1096 1269 et
1112 1217 1231 1270 animes
1242 1219 1344 1285 futuri
1363 1217 1460 1285 aemili,
1479 1218 1507 1272 id
1522 1218 1626 1288 estqui
1644 1217 1824 1272 inchristum

124 1304 293 1372 satisfactio,
322 1304 390 1375 quia
413 1321 464 1375 per
483 1310 512 1358 et
534 1310 647 1373 propter
666 1302 728 1357 illas
747 1301 883 1356 tolluntur
896 1316 961 1370 poe-
987 1301 1064 1371 prius
1083 1301 1269 1365 crediderunt,
1286 1303 1451 1358 suavitatem
1471 1303 1609 1375 evangelii
1627 1304 1724 1358 intimo
1743 1303 1823 1374 spiri·

123 1408 174 1446 nae
199 1397 378 1461 peccatorum
404 1390 570 1453 actualium,
600 1389 725 1460 adeoque
752 1389 815 1458 ipsa
839 1386 962 1443 actualia
987 1392 1032 1440 tus
1049 1392 1134 1457 gustu
1152 1394 1336 1458 perceperunt
1355 1394 1383 1442 ct
1401 1395 1531 1444 aeternae
1542 1389 1687 1444 felicitatis
1705 1385 1823 1463 πρὸγευ-

125 1476 239 1542 delicta,
256 1477 306 1530 sed
324 1481 438 1547 propter
457 1475 530 1530 hanc
544 1475 650 1529 tollitur
664 1474 802 1528 duntaxat
813 1479 960 1543 peccatum
988 1489 1035 1526 σιν
1055 1473 1196 1543 quandem
1216 1474 1243 1527 in
1262 1474 1346 1529 corde
1363 1480 1514 1528 senscrunt.
1551 1474 1646 1530 Tertio
1665 1475 1713 1545 qui
1728 1474 1824 1544 parti·

124 1562 259 1633 originale
280 1562 310 1616 in
337 1562 483 1632 baptismo.
529 1561 584 1617 Sed
614 1565 644 1616 et
667 1559 805 1614 dividetur
831 1576 901 1629 opus
919 1575 961 1613 re·
987 1559 1064 1627 cipes
1083 1567 1147 1612 aurit
1159 1560 1241 1625 jacti
1260 1560 1386 1628 Spiritum
1410 1561 1514 1628 sancti,
1541 1576 1590 1629 per
1614 1576 1697 1630 quem
1716 1559 1823 1615 scilicet

125 1647 273 1702 demtionis
292 1664 327 1702 ac
347 1647 544 1702 satisfactionis
568 1646 640 1701 inter
662 1644 804 1699 Christum
829 1649 858 1698 et
874 1643 960 1699 homi·
986 1643 1123 1713 spirituali
1142 1650 1171 1700 et
1188 1646 1297 1700 interna
1315 1647 1377 1701 luce
1397 1646 1475 1702 fuere
1495 1645 1635 1711 illustrati,
1653 1644 1819 1700 sanctificati

124 1751 186 1802 nes,
223 1733 278 1787 imo
306 1732 371 1804 plus
402 1732 558 1804 praestabit
588 1731 670 1786 homo
699 1736 831 1800 peccator
871 1745 956 1800 quam
987 1737 1015 1786 et
1032 1738 1119 1800 gustu
1140 1731 1215 1785 vitae
1239 1737 1369 1786 aeternae
1396 1733 1500 1788 donati.
1545 1732 1651 1798 Quarto
1675 1730 1724 1800 qui
1740 1731 1823 1801 prius

126 1818 251 1873 Christus
268 1820 420 1889 mediator,
449 1819 515 1889 quia
536 1833 643 1889 poenae
662 1816 814 1871 actualium
833 1820 960 1887 panemo
985 1817 1067 1879 fuere
1085 1818 1228 1882 renouati,
1254 1817 1284 1871 id
1310 1817 1451 1889 colligitur
1471 1835 1504 1873 es
1529 1818 1624 1889 phrasi
1653 1815 1736 1872 πάλιν
1755 1816 1823 1871 riuu-

124 1922 198 1970 rum,
229 1922 281 1976 pro
298 1905 400 1977 quibus
418 1904 595 1960 sadefaciunt
618 1903 759 1970 homines,
794 1910 860 1957 sunt
877 1902 960 1972 longe
985 1907 1125 1965 καινίζειν.
1164 1903 1267 1968 Quinto
1281 1904 1329 1974 qui
1342 1921 1424 1959 verae
1436 1905 1628 1973 poenitentias
1646 1904 1725 1975 prius
1731 1907 1823 1974 fuere

124 1990 266 2062 mariores
286 1999 316 2046 et
330 1990 480 2046 atrociores
499 2006 590 2060 poena
610 1989 754 2060 originalis
771 1988 888 2059 peccati,
907 2002 959 2056 pro
981 1990 1153 2057 participes,
1180 1989 1208 2042 id
1235 1989 1376 2061 colligitur
1403 2006 1437 2044 cs
1460 1990 1554 2061 phrasi
1580 1990 1765 2054 ἀνακαινίζειν
1783 1995 1823 2052 etr

124 2094 180 2147 qua
198 2075 334 2131 satisfacit
357 2074 489 2131 Christus.
534 2075 653 2148 Πρῶτον
673 2075 777 2141 ψεῦδος
796 2071 960 2128 Ponuficise
985 2072 1147 2147 μετάνοιαν.
1194 2077 1278 2130 Serto
1312 2075 1358 2147 qui
1386 2093 1437 2145 per
1470 2077 1636 2142 sanquinem
1669 2078 1825 2132 testamenti

124 2161 261 2234 opinionis
279 2162 406 2216 consistit
423 2162 451 2214 in
470 2176 517 2228 eo,
546 2161 621 2231 quod
649 2159 780 2231 baptismi
808 2157 960 2213 efficaciam
986 2160 1063 2231 prins
1081 2160 1159 2214 fuere
1182 2161 1352 2225 sanctificati
1371 2160 1458 2218 Hebr.
1482 2168 1526 2229 10,
1552 2179 1577 2217 r.
1600 2167 1642 2219 29.
1667 2161 1721 2216 hoc
1747 2167 1825 2217 esta

124 2256 153 2303 et
170 2248 293 2303 fructum
308 2247 480 2318 restringunt
497 2246 533 2301 sd
552 2246 621 2300 illud
636 2247 768 2316 temporis
781 2250 959 2310 momentum,
986 2246 1111 2316 peccatis
1129 2248 1241 2318 purgati
1259 2264 1292 2301 ac
1311 2247 1437 2302 mundati
1456 2247 1541 2303 Hebr.
1561 2254 1587 2314 9,
1606 2266 1632 2305 v.
1655 2254 1695 2304 11.
1733 2247 1824 2319 Septi·

124 2352 179 2404 quo
194 2334 338 2406 baptisato
356 2332 410 2388 hoc
434 2338 638 2387 sacramentum
663 2331 823 2399 confertur,
847 2347 880 2385 ac
903 2329 960 2384 foe·
987 2350 1032 2387 mo
1050 2333 1098 2404 qui
1130 2334 1269 2403 Spiritum
1296 2335 1407 2402 pretias
1433 2340 1617 2402 acceperunt,
1643 2334 1693 2389 sed
1719 2352 1751 2390 es
1769 2334 1824 2390 hac

125 2421 190 2490 dus,
216 2420 292 2491 qnod
309 2419 388 2474 Deus
406 2420 434 2474 ln
454 2419 593 2490 baptismo
609 2417 755 2473 nobiscum
771 2417 837 2483 init,
860 2415 961 2487 fragile
985 2418 1119 2474 felicitate
1142 2420 1345 2489 prolabuntur,
1374 2418 1581 2490 παραπεσόντας
1606 2419 1745 2492 significat
1764 2438 1820 2489 ecs,

125 2506 366 2578 actemporarium
378 2511 512 2572 statuunt,
529 2504 570 2558 its
582 2510 614 2558 ut
625 2503 706 2559 nobis
720 2510 782 2574 post
790 2502 961 2574 baptismum
988 2504 1037 2576 qui
1070 2505 1107 2559 ab
1138 2505 1235 2575 agnita
1264 2510 1293 2560 et
1317 2505 1347 2559 in
1369 2504 1500 2560 cordibus
1527 2511 1650 2576 ipsorum
1673 2506 1825 2577 obsignata

124 2592 305 2664 peccantibus
331 2590 401 2644 illud
423 2590 506 2662 plane
535 2589 654 2645 dissiliat
679 2606 714 2646 ac
740 2588 857 2660 proinde
884 2588 962 2643 nulla
987 2591 1103 2646 veritate
1137 2606 1187 2659 per
1221 2590 1336 2644 totalem
1367 2590 1543 2648 cinomanica
1574 2593 1771 2663 prolabuntur,
1796 2600 1825 2648 et

125 2677 279 2735 consolatio
297 2693 331 2732 ex
349 2692 382 2731 eo
398 2675 428 2729 in
453 2692 520 2730 vera
537 2675 709 2746 poenitentia
726 2676 784 2746 peti
801 2675 897 2746 possit,
914 2689 960 2728 cu·
988 2679 1100 2750 quidem
1115 2678 1260 2737 'trauntur
1278 2680 1349 2732 dcta
1372 2695 1462 2748 opera
1488 2695 1521 2733 ae
1545 2678 1684 2734 daunais
1709 2678 1825 2747 malitis,

122 2766 169 2835 jus
186 2763 355 2819 contrarium
376 2762 545 2817 ostendimus
564 2762 593 2815 in
613 2767 694 2816 tract.
714 2761 748 2815 de
764 2761 841 2831 bapt
859 2757 886 2831 ξ.
903 2765 960 2816 151.
987 2766 1054 2818 inde
1086 2765 1254 2834 crimifipunt
1285 2765 1341 2818 sibi
1369 2766 1439 2835 ipsis
1471 2766 1579 2819 Filium
1610 2766 1669 2819 Dei
1702 2781 1822 2836 eumque

125 2852 295 2908 utomuetsr
317 2853 410 2904 autem
435 2848 480 2904 rel
503 2848 603 2902 unicus
627 2847 788 2918 Scripturas
813 2847 906 2914 locus,
931 2846 961 2900 in
988 2850 1110 2905 ostentui
1129 2849 1235 2905 habent
1251 2850 1337 2905 Hebr.
1356 2858 1389 2920 6,
1407 2869 1431 2906 r.
1452 2858 1477 2906 6.
1515 2853 1620 2906 Filium
1640 2851 1840 2904 Deiecerat·

126 2953 180 3008 quo
203 2935 268 2993 talis
294 2935 452 2991 differentia
476 2935 549 2990 inter
573 2933 761 2988 remissionem
784 2940 961 3003 peccatorum
989 2944 1055 2991 eant
1075 2945 1101 2991 et
1120 2937 1287 3007 snnpuinem
1303 2938 1462 2990 testamenti
1476 2937 1616 3006 pollutum
1636 2939 1749 2997 ducunt,
1769 2953 1824 3005 quo

126 3021 276 3095 matuihm
294 3026 324 3076 et
342 3019 496 3090 perfectam
521 3020 549 3073 in
568 3018 709 3089 baptismo
730 3025 758 3075 et
776 3019 848 3074 inter
867 3019 961 3074 remis·
988 3023 1161 3086 saumifieati
1188 3031 1252 3076 sunt
1284 3031 1310 3077 et
1339 3024 1478 3094 Spiritum
1514 3024 1626 3091 pratiae
1652 3022 1825 3076 contumelia

126 3110 232 3165 sionem
249 3107 463 3163 satisfactorium
493 3123 527 3161 ac
547 3106 728 3176 semiplenam
745 3106 774 3159 in
791 3105 963 3177 poenitentia
989 3110 1135 3177 afficiunt,
1154 3108 1209 3162 hoc
1231 3114 1347 3162 estnon
1365 3125 1398 3162 ex
1418 3107 1578 3164 infirmitate
1596 3109 1641 3164 vel
1657 3115 1745 3172 metu,
1774 3109 1824 3164 sed

11 3208 100 3256 seen
128 3201 273 3253 statuatur.
293 3193 963 3264 3.AffertlocumHebr.6,r.4:1mpossibsiesst
988 3194 1146 3249 voluntaria
1172 3193 1279 3248 malitia
1302 3201 1399 3248 contm
1422 3194 1559 3250 internum
1582 3194 1769 3249 conscientiae
1792 3198 1822 3248 et

10 3258 55 3301 '⁴'
127 3301 182 3350 ecs,
199 3283 250 3352 qai
265 3282 349 3336 asrael
367 3288 432 3334 sunt
449 3279 619 3342 illuminati,
648 3279 682 3331 id
699 3287 740 3333 est
754 3279 897 3347 baptisati,
917 3294 961 3332 re·
990 3279 1110 3351 Spiritus
1123 3278 1521 3335 testimoniumitaareritate
1539 3279 1682 3345 deficiunt,
1700 3286 1733 3333 ut
1746 3278 1824 3334 Chri·

10 3363 114 3414 ⁹¹¹3&
128 3369 230 3425 novari
241 3370 283 3422 ad
290 3366 703 3437 poeniteutiametcittvti:
727 3365 889 3419 Voluntaria
896 3380 962 3434 pec-
989 3372 1062 3421 stum
1083 3369 1112 3420 et
1128 3364 1216 3434 ipsius
1235 3366 1411 3436 evangelium
1430 3365 1574 3420 calumniis
1588 3373 1616 3421 et
1634 3365 1762 3420 convitiis
1780 3365 1823 3420 in·

127 3456 255 3510 cauimus
270 3454 353 3508 notu
368 3459 435 3521 post
452 3458 596 3519 acceptam
618 3451 745 3504 notitiam
764 3450 905 3516 amitatis,
929 3450 963 3503 id
989 3458 1136 3507 sectentur.
1178 3450 1257 3504 Haec
1283 3452 1377 3505 omnia
1417 3452 1588 3521 conjunctim
1607 3456 1706 3506 'sumta
1731 3451 1760 3506 in
1778 3451 1825 3508 de·

129 3551 169 3597 est
194 3549 259 3612 post
278 3539 516 3595 illuminationem
542 3538 690 3606 baptismi,
712 3554 770 3590 nou
791 3536 962 3604 relinquitur
989 3537 1139 3607 scriptione
1158 3536 1277 3606 subjecti
1298 3536 1390 3606 posite
1413 3536 1496 3590 nullis
1519 3536 1573 3591 nisi
1597 3537 1778 3606 peccantibus
1794 3537 1824 3593 in

127 3629 219 3683 laertia
232 3646 291 3700 pro
305 3632 439 3696 peccato,
467 3624 500 3677 id
530 3631 569 3677 est
597 3641 653 3676 non
683 3622 855 3690 relinquitur
885 3622 962 3677 alias
989 3622 1123 3691 Spiritum
1143 3629 1269 3676 sanctum
1286 3622 1463 3678 conveniunt.
1495 3625 1521 3678 2.
1537 3625 1582 3677 Ea
1596 3623 1825 3678 comderaticne

127 3716 254 3769 Ghm'stur
275 3713 389 3783 patiens
415 3718 441 3764 et
460 3710 595 3774 maricae,
620 3709 667 3762 cui
686 3709 832 3779 possimus
848 3726 962 3761 rursum
986 3709 1157 3778 praedicati.
1203 3707 1271 3763 Illos
1298 3707 1347 3779 qui
1374 3707 1499 3778 exposito
1526 3708 1608 3763 modo
1632 3709 1824 3779 prolabuntur,

127 3800 260 3856 ccmrnori
277 3815 334 3869 per
356 3798 530 3867 baptismum.
571 3795 614 3849 Ex
641 3811 697 3865 quo
724 3793 785 3848 loco
811 3794 963 3864 posteriore
990 3793 1160 3865 impossibile
1191 3810 1252 3850 esse
1283 3793 1351 3848 dicit
1382 3795 1524 3865 apostolus
1552 3797 1594 3849 ad
1619 3797 1825 3863 poenitentiam

128 3889 196 3943 dicit
222 3886 322 3941 haberi
351 3890 545 3953 argumentum
571 3883 681 3948 insipae
703 3898 761 3950 pro
781 3880 961 3950 purpatorie.
989 3881 1089 3934 iterum
1113 3881 1261 3947 renouari,
1288 3879 1355 3951 quia
1378 3880 1485 3935 scilicet
1510 3880 1645 3944 medium,
1676 3899 1726 3951 per
1748 3881 1824 3952 qnod

129 3976 204 4028 Nom
233 3973 329 4028 statim
362 3971 482 4024 additur
511 3969 692 4022 aduersmioa
722 3967 884 4037 particula,
911 3969 964 4020 sed
990 3966 1109 4038 Spiritus
1127 3973 1241 4021 sanctus
1267 3966 1465 4036 poeniteutiam
1486 3965 1514 4021 in
1533 3966 1665 4021 cordibus
1684 3974 1824 4037 operatur,

128 4060 264 4115 terribilis
299 4057 468 4127 exspectatio
496 4054 608 4123 judieii
637 4061 664 4106 ct
694 4053 768 4122 ipnis
799 4054 964 4123 aemulatio,
990 4052 1145 4123 praefracte
1163 4057 1193 4107 et
1210 4052 1390 4121 pertinaciter
1406 4052 1563 4122 repudiant,
1579 4068 1613 4106 ac
1626 4051 1740 4122 proinde
1759 4051 1825 4121 qnia

128 4164 199 4216 quae
228 4152 408 4200 consumtura
440 4151 481 4197 est
510 4140 702 4194 Mocrsarias.
748 4139 783 4193 Si
806 4138 880 4192 euim
911 4139 964 4194 ists
991 4140 1027 4193 ad
1044 4139 1242 4209 poenitentiam
1260 4155 1308 4192 eos
1332 4137 1459 4193 renovari
1478 4136 1632 4200 ἀδύνατον,
1658 4137 1721 4192 ideo
1741 4137 1825 4192 etiam

84 4268 88 4280 .
129 4233 203 4303 ipuis
219 4231 393 4300 sipniticaret
413 4230 504 4283 sotum
522 4229 614 4295 ipnem
627 4226 778 4292 calennae,
794 4233 964 4295 sequeretur,
992 4225 1180 4280 remissionem
1198 4224 1281 4294 hujus
1300 4225 1407 4294 peccati
1425 4241 1476 4279 nec
1492 4225 1522 4278 in
1538 4224 1598 4292 hoc,
1615 4223 1708 4276 necin
1725 4224 1826 4287 futuro

129 4335 236 4381 omnes,
269 4316 320 4386 qui
344 4321 465 4383 peccaut
492 4320 559 4381 post
590 4312 773 4381 baptismum,
803 4311 963 4363 neomaenia
991 4311 1094 4378 sendo,
1112 4310 1194 4365 idest
1211 4311 1240 4364 in
1259 4318 1409 4375 aeternum,
1427 4326 1483 4364 non
1500 4315 1708 4380 consequuntur
1725 4309 1824 4366 Mattb.

129 4405 320 4470 damnandas,
348 4401 392 4453 uei
418 4408 491 4454 certe
508 4400 633 4453 Panium
659 4398 750 4465 inepta
778 4397 864 4464 loqui.
902 4396 963 4450 Nec
995 4402 1039 4459 12,
1069 4413 1096 4452 v.
1115 4401 1156 4452 31.
1177 4397 1261 4450 Marc.
1282 4401 1314 4464 3,
1346 4415 1372 4449 v.
1393 4400 1433 4452 28.
1451 4395 1567 4467 proinde
1593 4393 1662 4449 nihil
1681 4395 1759 4450 alind
1777 4412 1825 4452 eos

127 4492 200 4544 enim
218 4495 292 4543 recte
317 4486 450 4550 dicimis,
475 4485 607 4555 peccanti
625 4489 695 4551 past
717 4483 884 4551 baptismum
907 4500 964 4537 nou
992 4486 1099 4549 manet,
1119 4498 1202 4552 quam
1222 4482 1360 4536 terribilis
1379 4482 1548 4551 exspectatio
1567 4481 1673 4549 iudicii
1687 4489 1713 4535 et
1732 4498 1825 4536 aemu-

127 4577 297 4645 rels'nquitur
314 4573 391 4627 alius
403 4573 566 4642 baptismus,
585 4572 637 4624 sesi
653 4570 786 4638 pelicano,
804 4569 832 4622 si
847 4577 964 4638 praeter
990 4569 1061 4622 latio
1079 4568 1171 4636 ipnis,
1196 4568 1247 4636 qui
1264 4576 1459 4621 eoueumtrrrus
1478 4575 1518 4621 est
1538 4567 1734 4637 aduersarios,
1753 4585 1826 4640 quae

128 4664 295 4733 baptismum
306 4658 443 4713 sisntalia
456 4659 591 4724 remedia,
604 4663 675 4710 utre
685 4672 752 4709 uma
767 4664 840 4710 suat.
875 4655 964 4723 Opor·
991 4652 1140 4724 descriptio
1162 4670 1297 4724 perquam
1322 4653 1442 4709 absurde
1463 4654 1499 4707 ad
1523 4653 1617 4725 ignem
1634 4655 1826 4725 purgatorium

129 4759 165 4804 tet
177 4748 359 4818 erpodicsre,
380 4745 504 4799 Paulum
520 4762 574 4815 per
592 4744 685 4813 ipuem
697 4742 855 4812 intellipere
873 4741 965 4809 ipuem
992 4740 1123 4808 refertur,
1142 4739 1165 4792 is
1183 4739 1255 4794 enim
1274 4758 1329 4795 non
1348 4741 1493 4803 consumit,
1513 4742 1562 4796 sed
1580 4747 1698 4813 purgat,
1716 4758 1750 4795 ac
1768 4741 1826 4795 ani·

129 4838 158 4890 in
177 4851 285 4903 perere,
303 4834 362 4886 eiua
376 4833 551 4902 purpatorii,
568 4830 626 4884 siue
640 4831 790 4900 petranus,
808 4836 839 4882 ut
856 4828 893 4882 sit
905 4844 965 4880 sen·
992 4842 1053 4882 mae
1077 4826 1105 4879 in
1123 4826 1284 4895 purgatorio
1307 4833 1467 4881 aestuantes
1492 4843 1546 4881 non
1571 4833 1733 4897 exspectant
1749 4825 1827 4880 terri-

129 4941 194 4976 suo:
209 4920 341 4991 peccanti
353 4927 421 4989 post
439 4919 606 4987 baptismum
622 4935 678 4970 non
701 4916 871 4984 relinquitur
890 4915 966 4968 alitis
992 4911 1048 4967 bile
1065 4910 1217 4982 judicium,
1243 4912 1292 4969 sed
1310 4910 1401 4982 potius
1422 4912 1523 4967 laetam
1554 4929 1589 4967 ex
1606 4912 1658 4966 hoc
1675 4912 1741 4983 igne
1760 4911 1827 4966 libe·

130 5009 284 5077 iaptismus
316 5021 405 5075 neqsse
427 5005 512 5059 aliud
539 5004 692 5056 remedium
712 5003 908 5071 aequivalens,
933 5001 967 5053 iri
992 4999 1140 5066 rationem,
1167 4999 1241 5054 unde
1260 4998 1385 5069 plerique
1406 4998 1563 5070 disputant,
1592 5015 1641 5053 eae
1672 5000 1708 5051 da
1735 4999 1828 5053 salute

129 5101 169 5147 est
188 5109 276 5162 aeque
291 5093 400 5159 facilc,
428 5091 507 5159 quari
523 5104 587 5141 maa
605 5088 704 5142 liberet
722 5088 758 5141 ab
776 5088 852 5141 onsni
863 5104 966 5159 poena,
992 5104 1044 5140 usa
1066 5103 1125 5139 esse
1147 5094 1247 5141 certas.
1293 5086 1397 5142 Confer
1421 5094 1500 5142 tract
1529 5086 1565 5140 dc
1594 5091 1698 5156 peceat
1726 5084 1827 5140 actual.

83 5200 87 5208 ¹
130 5182 181 5233 sed
201 5179 373 5248 retineretur
395 5177 469 5243 ipnis
498 5175 657 5229 necessaria
689 5182 738 5228 aut
760 5182 912 5243 perpetuo,
940 5173 967 5226 si
993 5170 1019 5246 ξ.
1040 5179 1097 5228 1011.
1123 5173 1159 5227 de
1183 5173 1334 5243 poenitent.
1361 5170 1388 5247 ᾖ.
1416 5179 1454 5229 re.
1482 5173 1531 5227 nbi
1553 5172 1644 5225 varias
1667 5171 1752 5241 hujus
1775 5169 1828 5226 lcoi

130 5267 211 5321 icmo
229 5284 286 5320 nou
305 5269 493 5324 consutatur,
511 5267 560 5312 aut
579 5261 759 5328 temporalis,
778 5261 806 5312 si
823 5264 965 5312 concerta·
992 5258 1232 5328 interpretationes
1264 5260 1464 5329 proposuimus.
1519 5260 1546 5312 3.
1578 5259 1624 5310 Ec
1650 5257 1826 5322 somessione

129 5361 185 5418 tur,
207 5353 257 5421 qui
278 5359 372 5405 tamen
392 5350 467 5415 ipnis
493 5347 656 5414 temporalis
674 5346 840 5416 purpatarii
863 5346 917 5399 erit
935 5345 966 5398 in
992 5345 1083 5414 ipsius
1098 5345 1273 5398 Bellarmini
1299 5345 1316 5398 l.
1337 5351 1358 5400 1.
1381 5345 1416 5399 de
1435 5343 1523 5398 verbo
1543 5342 1596 5397 Dei
1614 5359 1676 5412 cap.
1698 5348 1736 5398 li.
1755 5359 1827 5413 resp.
1841 5351 1965 5396 xviam

131 5439 190 5493 alio
208 5438 318 5507 secum,
341 5436 400 5490 uisi
415 5433 573 5501 afflationis
591 5433 667 5501 ipnis
684 5432 842 5488 amuntarie
859 5448 965 5485 assum·
992 5431 1028 5485 ed
1052 5437 1076 5487 5.
1101 5436 1306 5501 argumentum:
1341 5431 1496 5499 Apostolus
1523 5448 1580 5482 non
1604 5431 1640 5482 da
1664 5445 1828 5498 quocunque

131 5533 175 5579 tus
190 5525 358 5596 perpeserit
375 5523 514 5579 homiuem
530 5520 561 5573 in
577 5520 709 5577 haesita
738 5517 963 5587 Respondemus:
990 5525 1139 5587 peccatura
1157 5516 1298 5584 loquitur,
1318 5518 1423 5570 sedda
1444 5532 1485 5579 so,
1504 5516 1554 5583 qui
1565 5523 1668 5585 peccat
1684 5515 1714 5570 s'n
1734 5515 1827 5585 Spiri-
