4104 6014
890 232 942 292 on
960 231 1099 293 norm.
1216 218 1227 233 '
1775 239 1833 302 err

143 393 286 445 astrorum
306 404 405 448 eureus
421 390 559 463 calebant,
579 402 679 449 contra
699 411 768 465 precs
787 395 891 449 ibidem
909 409 978 463 apa·
1003 399 1127 462 tuorum,
1149 393 1223 449 nibil
1246 392 1366 466 denique
1383 401 1414 450 ut
1429 410 1531 450 numen
1547 394 1685 459 adorari,
1708 395 1785 463 quod
1802 393 1840 447 sit
1889 391 1891 397 '
1995 385 2000 401 '

141 478 230 534 stolus
247 481 317 549 cpit,
340 483 415 536 unde
433 483 518 536 etiam
538 483 617 552 dicit,
644 499 692 537 eos
713 483 805 538 calere
825 497 978 548 canavas,
997 479 1112 546 fuctum
1131 488 1157 534 et
1177 482 1321 535 conditum
1337 500 1358 535 a
1370 485 1441 550 Dea,
1458 485 1511 537 scd
1528 499 1614 536 unum
1632 481 1724 551 ipsum
1736 482 1838 544 Deum,

142 567 175 619 id
191 575 232 619 est
251 575 403 632 uemuras,
427 584 484 622 non
502 585 582 622 secere
600 585 634 622 ac
653 570 756 639 Deum,
775 570 913 636 pnornada
923 569 978 635 sa·
1004 567 1055 634 qui
1071 568 1141 631 fecit
1158 575 1185 621 et
1204 569 1333 623 condidit
1351 569 1459 635 omnia,
1483 567 1532 623 ubi
1549 573 1629 637 note,
1648 566 1838 639 Augustinum

142 661 229 720 aeret,
253 654 304 722 qui
319 654 438 708 bonores
455 656 548 723 repios
570 655 666 709 comiti
681 657 816 717 deferret
855 654 978 725 Respon-
1004 669 1059 707 non
1077 653 1230 725 confugere
1247 655 1283 709 ed
1301 655 1505 711 distinctionem
1519 658 1641 730 λατρείας
1658 661 1686 710 et
1703 656 1838 723 δουλείας,

143 738 254 794 demus:
273 741 448 810 Argumenta
464 740 604 796 Ambrosii
624 748 690 797 sunt
706 740 857 813 generalis,
875 740 977 812 quibus
1003 739 1053 793 sed
1071 738 1232 811 simpliciter
1248 757 1360 813 negare,
1375 758 1533 813 quenquam
1544 749 1713 796 mortuorum
1731 760 1749 797 e
1760 740 1838 797 Chri·

141 841 235 880 omnss
245 824 461 896 hegiolstrorum
470 834 630 897 praetextus
638 827 748 883 refellit.
774 825 977 894 Dicuntilli,se
1005 827 1102 879 stienis
1122 828 1176 881 coli
1195 829 1240 882 vel
1264 829 1381 883 adorari
1405 829 1453 884 lib.
1479 827 1514 883 de
1530 845 1597 883 rere
1613 827 1690 899 relig.
1710 844 1769 899 cup.
1791 834 1837 884 55:

139 919 252 966 amietos
269 913 426 967 invocando
446 915 587 968 bonorem
604 931 649 969 eas
676 922 707 967 ut
725 914 785 967 Dei
795 914 915 979 amicos,
934 930 976 966 re·
1003 913 1068 964 Non
1090 915 1129 966 sit
1153 915 1233 968 nabes
1259 915 1361 981 relipia
1384 916 1473 970 cultrss
1498 916 1638 970 bominum
1656 923 1837 979 mortuorum,
1920 963 1923 967 .

140 999 259 1070 spondet
270 999 443 1068 Ambrosius,
460 1001 513 1056 boc
532 1018 593 1057 esse
612 1001 744 1057 bonorem
756 1000 811 1056 Dei
827 999 976 1055 transferre
1003 1000 1070 1066 quia
1099 1000 1126 1051 si
1151 1001 1200 1069 pie
1224 1001 1357 1071 vicerint,
1385 1019 1443 1057 nan
1467 1001 1508 1056 sia
1537 1002 1685 1070 labentur,
1708 1009 1741 1054 ut
1764 1001 1837 1055 tales

140 1085 177 1138 sd
195 1092 346 1142 creaturas.
382 1085 488 1142 Dicunt
504 1087 556 1154 illi,
583 1103 614 1140 sc
633 1088 772 1142 banmare
789 1094 914 1154 sanctos,
933 1101 974 1138 re·
1002 1086 1353 1154 marcellianorum
1370 1086 1451 1142 mum
1468 1107 1487 1142 a
1502 1089 1581 1141 nabis
1594 1087 1764 1156 colivolunt,
1782 1104 1836 1156 quo

140 1171 260 1241 spondet
278 1172 459 1243 Ambrosius,
483 1190 592 1229 omnem
610 1173 740 1228 honorem
759 1172 918 1244 religiosum
935 1179 975 1226 st·
1002 1171 1180 1225 illuminante
1199 1173 1352 1241 laetantur,
1370 1175 1464 1228 meriti
1483 1175 1530 1229 sui
1547 1192 1598 1229 nas
1610 1191 1668 1228 esse
1679 1190 1837 1229 conservos.

140 1256 275 1312 tributum
302 1259 437 1315 creaturis
467 1275 530 1314 reos
557 1259 667 1315 divinae
696 1260 850 1331 mejestatis
874 1258 974 1315 fecere.
1002 1256 1176 1311 Honorandi
1207 1276 1274 1328 erpo
1304 1268 1369 1313 sunt
1396 1268 1515 1329 propter
1544 1260 1743 1329 imitationem,
1779 1278 1836 1315 non

139 1343 245 1401 Dicunt
265 1345 319 1410 illi,
337 1363 367 1401 se
384 1349 415 1400 in
433 1349 539 1401 eandm
557 1351 650 1403 Deum
669 1351 809 1414 admare,
826 1347 882 1401 imo
900 1362 974 1415 vero,
1002 1345 1151 1398 odorandi
1158 1346 1462 1416 propterrelipianem,
1481 1348 1509 1400 si
1518 1355 1609 1400 autem
1621 1348 1696 1402 male
1707 1349 1836 1413 vicerint,

137 1431 177 1486 eit
197 1431 376 1500 Ambrosius,
404 1433 502 1489 relicto
527 1434 647 1490 Domino
671 1451 818 1490 conservos
842 1433 972 1489 adoretis.
1003 1431 1160 1500 uacunque
1183 1433 1255 1499 sint,
1279 1451 1335 1487 nan
1357 1441 1422 1486 sunt
1447 1434 1567 1490 calendi.
1602 1433 1640 1487 Et
1657 1435 1741 1505 paulo
1758 1441 1836 1505 post:

137 1516 242 1573 Dicunt
267 1519 321 1585 illi,
349 1537 379 1574 se
402 1521 506 1574 vudum
525 1521 629 1575 intrim
647 1524 712 1576 Deo
729 1538 888 1590 reservare,
918 1520 973 1574 imo
1001 1519 1183 1573 Honoramns
1201 1537 1247 1574 eos
1266 1522 1394 1590 caritate,
1411 1539 1468 1576 non
1488 1521 1619 1576 servitute
1636 1520 1835 1591 (ubiobscrrs,

137 1621 218 1673 vero,
245 1605 285 1661 sit
300 1604 479 1676 Ambrosius,
505 1606 575 1661 nihii
592 1606 654 1662 Deo
671 1614 843 1674 reservetur,
862 1607 973 1678 quondo
1002 1606 1086 1660 etism
1105 1608 1237 1662 devictas
1254 1607 1411 1680 religionem
1431 1609 1559 1680 derogari
1576 1608 1704 1679 sanctis),
1724 1625 1776 1662 nec
1795 1609 1835 1664 eis

136 1691 267 1762 religiose
284 1692 410 1747 edoretio
428 1692 562 1747 creaturis
579 1692 708 1748 defertur.
743 1692 850 1748 Dicunt
867 1693 921 1761 illi,
947 1695 975 1745 si
1001 1695 1105 1765 templa
1136 1696 1328 1759 constituimur
1358 1697 1508 1766 (quaedem
1543 1696 1710 1767 exemplaris
1738 1696 1836 1767 legunt

137 1780 178 1832 ad
206 1795 298 1847 sepem
328 1779 387 1832 sine
421 1780 651 1834 intercessoribus
679 1798 735 1833 nan
761 1789 842 1850 patet
867 1781 972 1846 addus,
1000 1782 1211 1848 construimus),
1234 1782 1333 1836 nolunt
1353 1784 1427 1836 enim
1445 1799 1475 1836 se
1493 1782 1535 1837 sic
1551 1783 1689 1837 bonmori
1708 1801 1726 1836 a
1746 1783 1834 1850 nabis,

136 1865 223 1918 multo
240 1865 332 1918 minus
350 1867 493 1920 adDeum
510 1867 571 1920 sins
586 1867 784 1921 intercessione
801 1874 973 1936 sanctorum,
998 1867 1066 1936 auia
1082 1885 1135 1921 nas
1153 1869 1238 1937 ipsas,
1258 1886 1320 1922 cum
1334 1869 1399 1923 boni
1417 1886 1521 1938 sumus,
1538 1870 1643 1939 templa
1662 1869 1764 1923 summi
1773 1869 1834 1922 Dei

136 1951 192 2005 imo
210 1967 283 2019 vero,
301 1951 393 2022 inquit
409 1951 581 2023 Ambrosius,
596 1951 667 2008 ratio
685 1959 727 2008 est
738 1953 856 2008 maxime
869 1953 970 2023 disper,
998 1971 1056 2008 esse
1074 1964 1217 2010 naverunt.
1236 1956 1284 2012 lib.
1300 1956 1336 2011 de
1347 1957 1451 2013 catech.
1464 1956 1555 2013 rudib.
1567 1973 1628 2028 esp.
1642 1963 1672 2011 t:
1691 1957 1757 2011 Non
1768 1956 1833 2010 ideo

135 2053 200 2091 cum
217 2037 294 2092 Deus
318 2054 374 2093 non
398 2039 436 2093 sit
459 2055 552 2093 rerum
568 2047 725 2094 nostrerum
744 2041 873 2111 ignarus,
898 2041 971 2095 sicut
997 2042 1077 2096 nobis
1090 2052 1289 2112 proponuntur
1299 2043 1427 2113 exempla
1437 2043 1589 2113 justorum,
1605 2050 1637 2096 ut
1648 2042 1684 2096 ab
1699 2043 1736 2096 iis
1747 2042 1833 2112 justi·

135 2141 184 2179 rex
204 2130 331 2180 terrenus
356 2142 465 2195 eorum,
491 2143 563 2198 quse
582 2127 611 2182 in
631 2127 719 2198 ipsius
739 2127 845 2182 ditione
864 2128 970 2182 contin·
996 2129 1120 2192 picemm,
1140 2131 1193 2182 sed
1211 2136 1242 2181 ut
1259 2146 1306 2183 eos
1324 2130 1467 2183 imitantes
1487 2130 1523 2182 ab
1535 2145 1630 2183 eorum
1642 2129 1834 2197 justificatore

136 2219 215 2281 gunt
252 2213 368 2282 (Atqui,
389 2211 479 2283 inquit
496 2212 692 2281 Bellerminus,
711 2214 815 2268 emnia
826 2215 971 2283 putabant,
998 2230 1049 2267 nos
1081 2232 1188 2284 piraque
1218 2216 1380 2284 justificari
1411 2216 1540 2272 edamus.
1589 2213 1702 2282 (Contra
1726 2213 1834 2269 faciunt

135 2315 271 2351 summsm
296 2301 388 2354 Deum
416 2317 472 2354 nan
500 2317 558 2354 esse
582 2301 745 2354 immediate
772 2301 971 2371 occasibrlem,
997 2299 1152 2368 Pontificii,
1181 2301 1246 2354 dum
1274 2319 1291 2354 a
1309 2301 1413 2356 sanctis
1432 2301 1579 2356 interulis
1597 2299 1832 2371 etiemjustifioa-

136 2402 185 2439 nec
205 2385 292 2438 aliter
307 2387 349 2438 ad
364 2403 425 2439 urm
441 2385 533 2440 veniri
551 2386 609 2440 nisi
617 2402 673 2456 per
687 2386 971 2449 mltuminferiorum
997 2386 1081 2442 tionis
1106 2386 1225 2458 gretiam
1249 2387 1279 2441 in
1301 2388 1431 2458 precibus
1458 2390 1514 2442 suis
1536 2387 1658 2459 petunt.)
1681 2386 1728 2442 lib.
1750 2395 1773 2445 t.
1799 2388 1834 2443 de

136 2473 276 2527 uranum.
312 2471 536 2541 Respondemus:
562 2473 660 2527 eodem
680 2472 762 2527 modo
782 2473 883 2528 docent
899 2473 971 2527 Pon·
998 2472 1073 2529 civit.
1089 2471 1142 2528 Dei
1160 2489 1222 2544 esp.
1237 2479 1284 2528 27:
1305 2475 1340 2528 Si
1359 2475 1471 2544 templo,
1489 2475 1516 2527 si
1533 2476 1690 2539 saeadme,
1708 2474 1735 2528 si
1746 2475 1834 2528 socri·

137 2556 223 2627 tificii,
242 2558 277 2610 ed
295 2557 387 2612 Deum
405 2565 434 2612 et
451 2555 591 2612 Christum
608 2558 796 2628 mediatorem,
815 2564 913 2630 utpote
928 2562 972 2631 ju·
999 2560 1073 2628 ticio,
1095 2563 1173 2642 quad
1190 2562 1254 2615 Deo
1272 2578 1338 2614 vero
1357 2562 1479 2630 debetur,
1505 2562 1622 2625 colatur,
1643 2562 1765 2631 aliqseod
1780 2561 1834 2615 ele·

137 2650 211 2698 stum
232 2653 262 2699 et
285 2660 412 2700 severum
429 2645 563 2715 judicem,
579 2663 635 2701 non
654 2652 750 2716 petere
768 2644 849 2700 nobis
868 2646 973 2701 editum
998 2655 1119 2700 mentum
1138 2649 1238 2701 mnndi
1253 2649 1297 2702 vel
1316 2656 1428 2702 creatus
1445 2648 1550 2717 aliquis
1568 2649 1700 2720 eps'ritses,
1725 2649 1835 2703 etiamsi

136 2731 189 2784 nisi
205 2746 257 2802 per
275 2739 433 2786 senmurum
454 2733 683 2802 intercessiones).
730 2733 808 2788 Idem
825 2732 873 2788 lib.
892 2739 916 2790 3.
938 2733 973 2787 de
998 2752 1054 2788 non
1070 2735 1230 2788 immundus
1247 2742 1298 2788 aut
1315 2735 1415 2799 malvis,
1433 2752 1489 2788 non
1501 2735 1566 2789 idea
1580 2742 1621 2788 est
1634 2736 1747 2805 malum,
1765 2736 1833 2806 quio

136 2817 242 2887 Spiritu
259 2827 356 2874 sancto
373 2836 434 2890 cap.
455 2826 495 2877 12.
514 2836 577 2891 pag.
597 2826 660 2878 112:
679 2821 771 2874 Haud
787 2821 871 2874 dubia
887 2820 972 2874 ctiam
997 2822 1051 2876 illu
1077 2821 1154 2875 mula
1177 2829 1255 2885 send,
1282 2822 1382 2891 qrsibsm
1398 2821 1515 2885 colitur,
1546 2823 1598 2877 sed
1614 2821 1682 2891 quia
1700 2823 1755 2876 illu
1768 2830 1833 2876 sunt

137 2903 263 2976 Spiritus
287 2914 400 2961 raudus
423 2909 592 2963 adorandus
616 2916 672 2978 est,
699 2909 814 2976 menardo
831 2909 973 2962 admatur
997 2907 1077 2976 talia,
1103 2908 1203 2976 padus
1226 2907 1304 2960 solus
1327 2908 1378 2962 ille
1397 2908 1532 2961 calendie
1549 2908 1595 2976 sit,
1620 2908 1669 2961 cui
1685 2908 1754 2962 talis
1773 2925 1830 2962 ser·

136 2992 199 3058 elle,
225 2994 275 3062 qui
301 2995 453 3047 secundum
481 3011 594 3048 carnem
619 3001 703 3048 natus
730 3002 772 3047 ert
794 3009 827 3046 en
853 2993 971 3063 Spiritu.
996 2995 1071 3048 vitus
1081 2995 1225 3062 adituque
1243 2994 1366 3051 debetur.
1383 2992 1432 3049 lib.
1452 2998 1477 3050 8.
1496 2993 1531 3048 de
1549 2993 1623 3048 civit
1636 2994 1690 3049 Dei
1698 3004 1770 3065 2cep.
1785 2998 1832 3049 tt:

137 3081 181 3133 Ac
209 3096 244 3133 ne
274 3081 338 3148 quis
369 3080 421 3135 bar
455 3080 564 3134 derivet
594 3082 635 3134 ad
663 3081 800 3150 virpinem
834 3081 972 3149 Mariam,
997 3081 1179 3135 Honoramns
1204 3080 1354 3134 memorias
1376 3088 1547 3149 martyrum,
1574 3086 1605 3133 ut
1622 3097 1657 3134 ea
1675 3081 1833 3135 celebritate

137 3165 241 3219 Maria
268 3173 330 3219 crat
357 3166 492 3237 templum
516 3166 576 3220 Dei
600 3183 657 3220 nan
681 3167 761 3220 Deus
786 3165 890 3235 templi.
932 3167 972 3218 Et
998 3174 1024 3219 et
1043 3168 1116 3244 Deo·
1131 3184 1197 3221 vero
1221 3168 1257 3220 de
1284 3166 1401 3220 illorum
1421 3166 1550 3220 naamis
1574 3168 1686 3236 pratias
1705 3185 1833 3237 apamue,

137 3253 201 3307 idea
214 3253 264 3306 elle
282 3253 360 3306 solus
380 3255 555 3320 Mmandus,
572 3254 623 3324 pui
634 3255 804 3325 operabatur
816 3254 846 3307 in
858 3252 971 3322 templo.
998 3261 1024 3306 et
1040 3270 1093 3306 nos
1110 3255 1151 3311 ad
1167 3253 1350 3307 imitationem
1369 3253 1470 3308 talium
1487 3270 1656 3308 omanorum
1673 3260 1757 3323 atque
1764 3254 1832 3322 pal·

138 3337 325 3409 Hieronymus
342 3345 408 3394 tom.
428 3346 453 3395 2.
472 3340 552 3409 epist.
572 3345 614 3396 53.
633 3339 766 3395 adversus
787 3338 971 3410 Vigilantiam
996 3357 1106 3393 marran
1130 3341 1228 3394 eodem
1254 3340 1382 3393 invocato
1409 3339 1439 3393 in
1463 3340 1600 3394 ancilium
1627 3346 1653 3394 et
1676 3357 1709 3394 ea
1739 3335 1843 3394 earum

137 3425 173 3479 sd
187 3424 332 3495 Ripsrium
347 3426 542 3497 presbyterum
561 3443 625 3498 peg.
646 3433 708 3484 119:
728 3429 790 3481 Nos
809 3435 903 3480 autem
916 3444 972 3481 nan
996 3428 1148 3480 memoriae
1173 3427 1350 3481 renovatione
1375 3425 1568 3481 adhortemur.
1606 3426 1690 3482 ibid:
1713 3428 1774 3481 Nec
1790 3435 1833 3480 ta·

137 3515 202 3566 dico
225 3520 381 3584 martes-sm
404 3514 561 3584 reiterans,
589 3515 642 3568 sed
659 3530 693 3568 ne
712 3515 800 3568 solem
818 3516 929 3583 quidese
947 3521 973 3567 et
997 3530 1059 3567 men
1077 3531 1128 3567 nos
1136 3513 1241 3567 eisdem
1252 3513 1422 3582 martyribus
1433 3513 1547 3582 templa,
1559 3513 1730 3578 sacndctia,
1747 3531 1832 3566 sacra

135 3601 307 3665 lvnaennon
319 3601 444 3669 ampelos,
462 3618 520 3655 non
531 3601 727 3672 erchanpelos,
743 3618 800 3655 nan
814 3600 972 3664 Cherubim,
998 3607 1024 3652 et
1046 3599 1190 3666 sacrificia
1210 3599 1417 3668 condivimus,
1445 3599 1579 3669 qrroniom
1603 3617 1661 3654 non
1682 3600 1754 3669 s'psi,
1781 3602 1833 3653 sed

136 3703 192 3740 nan
213 3686 363 3756 Seraphim
386 3695 412 3740 et
436 3703 515 3740 omne
531 3703 647 3756 nomen,
670 3689 749 3757 qssod
765 3688 928 3741 nominatur
947 3694 974 3740 et
998 3687 1080 3738 Deus
1098 3701 1195 3739 mum
1213 3687 1293 3739 nobis
1308 3693 1350 3742 est
1368 3687 1456 3738 Dens.
1494 3686 1676 3740 Honoramus
1693 3703 1761 3740 sone
1779 3704 1833 3740 me·

136 3773 168 3826 in
181 3772 328 3842 promenti
346 3773 441 3828 semeio
461 3781 487 3826 et
503 3773 533 3826 in
550 3774 659 3841 funera,
685 3775 803 3828 colimus
823 3781 848 3827 st
868 3775 973 3827 adora·
999 3773 1105 3826 moriae
1129 3790 1223 3827 eorum
1248 3780 1383 3842 tanquam
1408 3779 1569 3825 sannorum
1596 3772 1738 3827 bominum
1765 3775 1832 3839 Dei,
1854 3824 1856 3827 .

138 3877 215 3928 mus,
234 3877 269 3914 ne
288 3861 444 3914 serviamus
461 3869 609 3915 creaturae
623 3862 821 3930 potiusquam
842 3859 973 3923 creatori,
1000 3861 1051 3929 qui
1063 3875 1151 3930 usque
1170 3861 1212 3913 ad
1228 3867 1343 3914 martem
1359 3875 1473 3913 sisarum
1485 3875 1636 3930 carporum
1643 3877 1701 3929 pra
1714 3861 1832 3914 veritate

136 3948 187 4016 qui
208 3955 250 4001 est
276 3948 436 4002 benedictus
458 3948 489 4001 in
508 3948 612 4006 secula.
631 3964 695 4018 pag.
716 3953 781 4003 120:
805 3947 874 4009 Quis
892 3950 973 4018 enim,
999 3953 1189 4012 certaverunt,
1213 3954 1243 3999 nt
1262 3946 1444 4000 innotesceret
1462 3962 1531 3998 vera
1545 3945 1661 4014 relipio,
1683 3947 1772 4009 falsis
1788 3953 1852 4000 re·⁴

137 4051 153 4087 o
183 4035 313 4088 insanum
339 4042 439 4104 caput,
467 4034 624 4103 aliquando
651 4042 788 4103 martyres
819 4037 974 4092 adoravit!
999 4033 1150 4104 lipionibus
1173 4033 1255 4086 victis
1277 4041 1360 4102 almae
1383 4032 1528 4102 convictis,
1555 4034 1633 4103 quod
1650 4034 1761 4087 etiamsi
1782 4034 1833 4103 qui

138 4119 216 4176 ldem
234 4120 423 4190 Hieronymus
449 4119 503 4187 (rel
519 4119 612 4191 potius
633 4119 814 4192 sophronius)
830 4122 859 4175 in
876 4123 970 4180 homil.
998 4129 1083 4174 antea
1100 4119 1261 4186 sentiebant,
1280 4121 1402 4173 timendo
1422 4120 1617 4190 reprimebant.
1652 4119 1719 4182 Quis
1736 4127 1829 4174 autem

136 4207 172 4262 de
197 4207 365 4262 assumtione
391 4205 496 4262 Murice
521 4207 602 4278 epist.
629 4213 666 4263 10.
696 4214 759 4262 tom.
785 4212 815 4262 9:
846 4210 970 4278 Virpinis
996 4208 1107 4262 audivit
1129 4205 1285 4275 aliquando
1307 4205 1436 4269 fidelium
1459 4213 1579 4259 stantem
1596 4208 1771 4260 sacerdotem
1790 4208 1831 4260 aa

135 4294 231 4348 nutus
248 4294 338 4348 bonor
357 4301 398 4346 est
416 4293 500 4361 alius,
517 4292 577 4346 ιιιῖιι·
595 4310 658 4346 arm
670 4293 720 4348 ille
724 4294 795 4363 jure
806 4296 968 4365 bonoratur,
996 4294 1090 4347 altare
1108 4293 1192 4346 etiam
1209 4307 1295 4361 asper
1312 4299 1437 4345 eandum
1454 4309 1557 4362 corpus
1568 4291 1703 4361 martyris
1717 4294 1758 4346 ad
1771 4293 1832 4346 Dei

136 4380 186 4448 qui
208 4380 290 4434 nasci
316 4380 451 4449 dipnatus
474 4395 508 4434 ea
535 4397 577 4435 ea.
606 4379 782 4451 Augustinus
809 4382 890 4454 epist.
919 4389 966 4438 tt:
995 4381 1127 4434 bonorem
1144 4379 1300 4445 cultumque
1317 4386 1513 4449 constructum,
1531 4379 1624 4432 dicere
1644 4379 1674 4431 in
1688 4378 1829 4447 precibus,

141 4466 248 4520 Videtis
273 4466 388 4534 imperii
409 4465 579 4521 nobilissimi
595 4467 840 4522 eminentissimum
861 4470 968 4523 culmen
998 4468 1094 4536 Offera
1118 4466 1170 4518 tibi
1190 4463 1359 4528 sacrificium
1384 4463 1485 4532 Petra,
1508 4465 1553 4518 vei
1580 4464 1685 4529 Paule,
1708 4465 1752 4519 vel
1777 4463 1829 4532 Op·

136 4554 178 4607 ad
200 4552 360 4623 sepulcrum
375 4553 533 4620 piscatoris
550 4554 633 4607 Petri
655 4555 790 4610 submisso
807 4557 968 4610 diademate
991 4554 1109 4623 priane,
1136 4568 1198 4605 cum
1223 4553 1303 4619 apud
1323 4566 1418 4603 eorum
1432 4552 1582 4606 mamonae
1601 4552 1738 4621 offeratur
1755 4554 1830 4617 Dea,

135 4639 299 4709 supplicare
324 4636 410 4708 (quod
433 4637 539 4693 scilieet
563 4657 618 4694 non
637 4639 691 4712 ipsi
707 4640 807 4710 Petro,
833 4645 886 4696 sed
904 4645 967 4697 Deo
995 4639 1045 4708 aui
1074 4655 1121 4691 eos
1144 4645 1170 4689 et
1196 4636 1320 4690 homines
1346 4644 1373 4688 et
1400 4643 1539 4703 martyres
1566 4638 1637 4702 fecit
1670 4644 1696 4692 et
1724 4641 1831 4693 sanctie

137 4726 202 4781 licet
221 4725 296 4796 apud
313 4729 522 4779 monumentum
538 4725 616 4780 Petri
634 4727 787 4799 supplicet,
805 4734 838 4782 ut
855 4745 887 4782 er
907 4729 968 4783 eliis
994 4726 1054 4778 suis
1074 4723 1185 4793 anpelis
1201 4724 1314 4777 caelesti
1330 4724 1435 4776 imore
1452 4724 1579 4779 somavr‘t.
1592 4723 1640 4779 lib.
1654 4730 1694 4780 22.
1707 4724 1742 4779 de
1754 4725 1828 4782 civit

136 4811 204 4867 locis
229 4809 356 4882 patebit).
405 4811 475 4864 Cum
500 4811 639 4866 Maximus
663 4813 854 4869 Madent-ensis
877 4832 968 4886 grem·
994 4810 1048 4866 Dei
1076 4826 1136 4879 cup.
1166 4814 1211 4866 10:
1238 4811 1300 4863 Nos
1329 4816 1423 4862 ornem
1447 4809 1618 4877 martyribus
1643 4812 1749 4866 nostrie
1773 4830 1829 4867 non

137 4898 253 4953 metiens
271 4897 347 4968 epud
366 4896 556 4967 Augustinum
573 4898 653 4969 epist.
671 4905 712 4955 te.
734 4900 860 4966 dixisset,
888 4902 968 4961 Cleri-
994 4896 1099 4967 templa
1127 4896 1199 4948 sicut
1226 4895 1299 4963 diis,
1325 4895 1377 4948 sed
1401 4895 1550 4948 memoriae
1576 4894 1649 4950 eiad
1673 4897 1829 4952 bominibus

136 4986 244 5039 stianos
262 4985 293 5037 in
311 4983 418 5048 Africa
434 4983 496 5036 loca
510 4983 601 5050 Joois,
621 4985 754 5054 Junaut‘e,
773 4989 920 5042 Minervae
942 4998 969 5043 et
994 4982 1127 5048 mortuis,
1154 4998 1272 5050 quorum
1297 4982 1378 5050 apud
1395 4983 1489 5035 Deum
1507 4981 1601 5033 vivurd
1619 4982 1753 5054 spiritus,
1781 4986 1829 5049 fa-

142 5070 258 5124 Veneris
277 5070 379 5124 babere
399 5077 426 5121 et
445 5068 536 5121 colere
557 5069 681 5123 Punicos
698 5079 850 5142 martyres,
870 5030 1142 5146 Augu-ibricamus,
1166 5084 1216 5121 nec
1235 5068 1277 5120 ibi
1293 5067 1426 5136 eripimus
1443 5066 1558 5134 abusio,
1576 5066 1606 5119 in
1623 5068 1722 5136 quim
1739 5072 1829 5125 sacri·

136 5156 225 5212 stiam
248 5157 273 5210 ei
293 5157 464 5227 respondens
481 5154 560 5226 epist.
579 5162 621 5211 44.
642 5173 817 5229 nequequam
834 5150 1106 5271 eoncefflt,‹ficemus
1129 5154 1313 5223 martyribm,
1341 5157 1394 5207 sed
1418 5153 1470 5205 uni
1486 5155 1551 5207 Deo
1576 5160 1604 5206 et
1624 5162 1777 5223 martyrum
1802 5166 1829 5211 et

90 5298 96 5310 ,
137 5251 275 5311 martyres
297 5243 328 5296 in
345 5243 464 5296 ecclaia
487 5243 630 5310 invocari,
666 5243 917 5315 supplicationibus
942 5255 970 5301 st
994 5251 1090 5297 nostm
1107 5241 1277 5310 sacrificium
1294 5239 1484 5303 immolamus,
1504 5240 1546 5292 ad
1562 5240 1640 5308 qsead
1659 5242 1828 5310 sumptuum

137 5328 266 5400 precibus
289 5327 355 5393 coli,
379 5328 429 5381 sed
452 5327 614 5398 improbetis
630 5329 709 5400 ‚vulgi
728 5329 969 5400 superstitionibus
995 5329 1290 5398 smutbominesDei,
1308 5327 1507 5397 animandum
1527 5327 1558 5380 in
1577 5327 1638 5395 ejus
1652 5328 1828 5391 confessione

10 5439 65 5482 rur.
79 5434 125 5477 toa
138 5431 232 5471 rerem
245 5414 379 5471 eccledm
391 5414 473 5468 fidem
485 5419 514 5469 et
525 5414 725 5470 confessionem
738 5415 848 5486 repetit.
878 5416 970 5487 ὅσιαι,
994 5417 1129 5483 manunt,
1145 5432 1196 5468 suo
1214 5415 1276 5469 loco
1295 5421 1321 5467 et
1338 5415 1440 5467 ordine
1458 5414 1644 5482 nominantur,
1661 5430 1719 5467 nan
1736 5422 1828 5469 tamen

138 5503 242 5576 inquit,
267 5520 286 5556 a
311 5500 482 5557 Christim
511 5501 657 5558 annotate
681 5502 790 5575 nullum
816 5503 873 5557 coli
896 5520 970 5558 marr
994 5523 1014 5558 a
1029 5504 1186 5572 sacerdote,
1209 5503 1259 5570 qui
1274 5503 1427 5573 samflrat,
1451 5502 1625 5570 invocantur,
1645 5501 1708 5556 Deo
1725 5503 1828 5576 quippe

177 5598 280 5645 deberit
291 5597 341 5641 loci.
358 5595 417 5640 vlu.
1160 5603 1164 5612 ·
1464 5609 1494 5661 21
