4104 6014
236 291 297 349 1⁷2
832 285 955 344 Iocus
972 281 1177 342 uouemus
1196 283 1343 341 SEXTUS
1400 294 1406 303 ·

235 436 376 510 repudiari
395 454 451 493 non
472 438 562 494 debet.
608 437 713 503 Quodsi
732 437 804 494 enim
829 437 914 494 libros
932 438 1067 510 quosdam
1103 437 1199 494 dextre
1218 439 1350 509 scriptum
1372 439 1421 505 sit,
1439 438 1531 492 sciunt
1549 437 1636 501 enim,
1656 454 1686 494 se
1704 437 1828 495 dictante
1846 444 1876 494 et
1892 439 1934 494 in-

234 522 322 586 ὅντως
341 531 370 580 et
384 541 450 581 rere
468 525 616 581 canonicos
633 541 689 580 non
709 525 875 597 recepisset,
893 526 989 596 utique
1006 542 1069 597 gra·
1096 523 1219 593 spirante
1253 524 1359 593 Spiritu
1378 531 1475 579 sancto
1494 524 1649 595 scripsisse,
1686 522 1806 595 ideoque
1838 526 1933 581 omnia

234 610 345 666 tissime
376 618 503 668 errmsct.
554 616 578 666 3.
612 611 656 665 Pii
691 619 799 668 veteres
831 628 888 666 non
918 611 1007 665 solnm
1036 627 1069 664 ee
1096 613 1193 678 utpote
1210 626 1228 663 s
1245 609 1351 680 Spiritu
1382 616 1478 665 sancto
1508 610 1635 680 profecta
1654 627 1716 665 esse
1736 609 1885 672 ἀξιόπιστα
1904 617 1933 666 et

237 715 344 752 canone
364 699 557 762 Judaeorum,
582 696 733 752 sedetiam
753 714 787 753 ex
806 713 912 750 caumes
935 697 1068 751 Christia-
1096 694 1284 765 θεόπνευσια,
1315 697 1432 766 proinde
1460 712 1512 751 nec
1542 697 1571 749 in
1590 695 1690 763 rebus,
1713 713 1765 750 nec
1791 697 1820 751 in
1838 697 1932 752 serbis

234 801 336 836 norum
354 782 404 838 bos
422 782 509 838 libros
523 781 683 839 excludunt.
713 781 868 837 Concilium
879 782 1069 838 Laodicenum
1096 780 1204 834 veniam
1224 787 1319 850 petere
1338 797 1452 837 necesse
1469 781 1582 838 hebent.
1619 781 1724 836 Paulus
1743 782 1770 840 d.
1789 782 1807 842 l,
1827 800 1931 855 nequa-

234 868 412 938 prsescribit,
447 868 495 939 qui
531 868 596 923 libri
633 884 683 939 pro
720 867 861 923 canonicis
891 869 921 922 in
949 869 1069 922 eeclesia
1096 882 1180 936 qaam
1202 883 1231 922 se
1252 871 1373 932 excusat,
1390 869 1468 936 arrad
1485 867 1603 920 tenuiter
1622 875 1671 919 aut
1690 867 1800 922 aniliter
1812 870 1931 938 scripse·

235 953 460 1009 Christianorum
484 954 540 1026 legi
572 955 699 1011 debeant.
748 953 845 1009 Melita
873 955 904 1009 in
928 956 1069 1009 Orientem
1096 953 1143 1021 rit,
1164 960 1213 1006 aut
1232 955 1325 1006 minus
1340 954 1525 1024 praestiterit,
1544 969 1628 1021 quam
1647 954 1703 1006 eibi
1719 954 1848 1008 tabuerit
1864 972 1931 1024 pro-

231 1041 379 1108 profcctus
400 1048 455 1109 est,
481 1045 513 1094 ut
537 1039 623 1095 libros
648 1040 683 1097 V.
709 1040 741 1098 Τ.
764 1040 912 1095 canonicos
940 1047 1069 1096 accurate
1093 1040 1224 1107 poenum,
1244 1038 1437 1093 sedvocatse
1456 1035 1569 1104 ἰδιώτην
1588 1036 1836 1109 strenuitatis
1856 1040 1931 1095 vide·

235 1124 362 1192 disseret,
381 1124 410 1179 id
428 1141 494 1180 sero
510 1125 593 1196 plane
609 1125 795 1182 frustraneum
812 1126 920 1190 fuisset,
939 1126 963 1180 si
984 1125 1069 1180 alium
1095 1123 1179 1178 batur
1198 1124 1453 1195 pseudoapostolis,
1472 1142 1534 1179 cum
1555 1142 1610 1179 non
1628 1130 1780 1180 sectaretur
1798 1126 1932 1181 sermonis

234 1210 414 1275 iudaeorum,
432 1211 518 1265 sium
536 1211 755 1266 Christianorum
774 1228 907 1267 canonm
919 1212 1069 1267 statuisset.
1097 1210 1272 1264 subtilitates.
1315 1211 1402 1265 Plura
1426 1211 1460 1266 de
1486 1209 1538 1265 hsc
1567 1211 1727 1280 exceptione
1754 1211 1932 1281 disputantur

233 1297 313 1351 Idem
333 1311 365 1350 ex
378 1297 470 1352 verbis
483 1297 638 1360 Athanasii,
660 1296 766 1369 Cyrilli,
786 1296 893 1351 Ruffini
912 1303 940 1352 et
954 1297 1069 1352 aliorum
1097 1294 1125 1348 in
1140 1295 1302 1366 quaestione
1314 1296 1349 1350 de
1360 1295 1556 1350 canonicorum
1570 1303 1597 1351 et
1609 1295 1833 1366 apocryphorum
1847 1297 1930 1351 libro-

235 1381 383 1453 colligitur.
420 1383 605 1438 Bellarminus
622 1382 682 1454 ipse
701 1390 830 1454 respectu
850 1383 887 1437 ad
907 1381 1069 1452 Hieronymi
1096 1398 1157 1434 rum
1175 1381 1341 1437 discrimine.
1384 1381 1553 1434 Accedimus
1578 1397 1645 1451 ergo
1662 1381 1697 1435 ed
1716 1380 1869 1436 membrum
1889 1398 1931 1436 rs-

235 1467 400 1523 seutentiem
425 1468 521 1523 habito
545 1467 697 1523 vanitatem
722 1467 797 1522 illius
822 1467 1008 1522 distinctionis
1026 1483 1070 1521 re·
1097 1466 1253 1537 sponsionis
1272 1467 1431 1522 secundum.

235 1553 335 1623 padiat
352 1553 400 1609 lib.
423 1560 443 1608 t.
463 1554 497 1609 de
516 1554 601 1609 serbo
612 1553 667 1609 Dei
679 1570 739 1624 cap.
755 1560 794 1610 10.
830 1555 896 1608 Non
914 1561 1070 1621 estrei-um,
1131 1557 1190 1607 226.
1227 1555 1249 1607 2.
1267 1550 1399 1615 clausule
1421 1551 1471 1605 ills
1495 1550 1530 1604 de
1556 1550 1692 1606 sacrificio
1717 1568 1768 1622 pro
1788 1552 1932 1607 defuncto·

235 1638 341 1708 inquit,
364 1641 441 1708 quod
457 1640 513 1694 alii
532 1642 716 1709 responderet,
744 1641 944 1707 Hieronymum
968 1638 1070 1706 dicere,
1096 1654 1157 1690 rum
1193 1638 1314 1707 peccatis
1332 1636 1427 1692 oblato
1452 1637 1560 1691 ridetur
1586 1637 1759 1707 adjectitium
1792 1637 1931 1707 quoddam

96 1739 222 1783 xvirum.
235 1741 282 1777 eos
302 1725 453 1778 canonicos
480 1727 572 1791 fursee
603 1728 684 1798 apud
712 1727 855 1789 Juciaeos,
887 1733 917 1778 at
945 1732 1019 1778 certe
1040 1725 1070 1776 in
1097 1724 1249 1793 glossema,
1283 1723 1357 1793 quod
1388 1740 1421 1776 ex
1453 1722 1578 1793 margine
1614 1723 1642 1776 iu
1672 1729 1779 1777 textum
1813 1723 1932 1793 irrepsit,

230 1810 355 1880 prologo
389 1810 512 1865 Galeato
554 1814 744 1882 Hieronymus
780 1828 931 1866 numerans
968 1810 1070 1865 tibrum
1099 1813 1120 1863 t.
1139 1809 1206 1879 quia
1223 1808 1320 1863 eadem
1343 1808 1464 1862 namatio
1489 1815 1579 1862 exstat
1596 1807 1623 1861 in
1647 1814 1669 1863 l.
1690 1808 1815 1863 ltisccsb.
1837 1815 1860 1862 5.
1881 1808 1930 1863 sed

236 1896 366 1949 Pastoris
380 1914 473 1951 omnes
493 1899 577 1952 simul
596 1900 666 1952 dicit
684 1917 741 1952 non
760 1915 817 1952 esse
836 1898 1070 1961 teramnanae
1096 1893 1135 1947 ibi
1154 1894 1230 1948 nulle
1247 1893 1280 1948 fit
1298 1895 1401 1949 mentio
1419 1893 1454 1946 de
1472 1893 1627 1959 sacrificiis;
1647 1899 1672 1948 2.
1690 1909 1742 1948 nec
1759 1894 1787 1947 in
1807 1892 1931 1964 Josepha

236 1997 303 2048 erpa
321 1984 357 2035 de
375 2000 481 2036 canone
501 1983 696 2037 Hebraeorum
713 1984 847 2052 loquitur.
893 1989 918 2038 4.
935 1981 1068 2054 Augusti-
1097 1978 1247 2034 Gorionide
1276 1978 1416 2034 Hebraico
1448 1978 1567 2048 scripto,
1609 1978 1657 2032 ubi
1688 1979 1784 2034 eadem
1814 1979 1931 2034 historia

237 2082 290 2120 uus
318 2072 346 2121 et
371 2067 454 2136 pauci
484 2067 539 2137 alii,
558 2068 605 2138 qui
631 2068 828 2123 aObristianis
848 2068 932 2123 libros
949 2069 1000 2122 hos
1018 2085 1069 2139 pro
1097 2064 1145 2119 lib.
1169 2070 1193 2120 3.
1226 2082 1287 2135 cap.
1311 2071 1349 2121 te.
1380 2069 1525 2132 narratur,
1550 2064 1702 2134 quidquam
1733 2065 1768 2119 de
1795 2064 1930 2120 escaticis

238 2151 380 2206 amatricis
398 2152 494 2207 haberi
515 2152 618 2217 dicunt,
635 2155 747 2208 nomine
764 2155 896 2207 canonici
912 2158 1028 2208 utuntur
1040 2153 1068 2205 iu
1096 2149 1231 2218 habetur,
1251 2156 1275 2207 3.
1296 2150 1344 2206 sed
1365 2167 1416 2204 nec
1433 2150 1508 2220 apud
1527 2151 1680 2220 Josephum
1693 2150 1832 2205 Graecum
1851 2151 1931 2220 quid·

237 2253 319 2292 sensu
346 2236 458 2303 latiore,
484 2255 567 2309 quem
598 2234 713 2309 exponit
737 2239 888 2311 cajetanus
916 2240 945 2293 in
970 2256 1068 2294 comm.
1097 2253 1180 2307 quam
1200 2237 1235 2290 de
1253 2253 1286 2291 eo
1310 2237 1420 2306 legitur.
1466 2245 1489 2292 t.
1510 2237 1608 2290 Sontes
1634 2236 1777 2307 Pagninus
1803 2242 1931 2305 testatur,

234 2322 298 2377 bist.
316 2323 352 2379 V.
371 2323 404 2379 T.
443 2325 487 2378 Ne
505 2326 639 2389 turberis,
663 2325 762 2396 inquit,
779 2327 897 2392 noritis,
922 2327 949 2378 si
965 2325 1072 2378 alicubi
1096 2339 1126 2376 se
1150 2338 1183 2376 es
1202 2339 1257 2375 non
1277 2323 1412 2393 reperisse
1430 2323 1459 2376 in
1478 2322 1658 2392 autographo.
1704 2330 1728 2377 5.
1749 2322 1850 2377 iudaei
1874 2337 1929 2375 non

234 2410 373 2479 repereris
400 2409 487 2463 libros
512 2411 578 2464 illos
597 2411 716 2478 luditis,
739 2412 856 2479 Tobiae,
883 2412 1069 2464 Maccabaea-
1096 2409 1210 2463 fuerunt
1231 2408 1303 2463 soliti
1325 2425 1375 2478 pro
1395 2407 1510 2461 mortuis
1528 2406 1665 2461 sacrificia
1683 2406 1783 2461 offerre
1799 2413 1849 2460 aut
1869 2423 1929 2477 pre-

237 2513 300 2549 rum
324 2501 376 2550 etc
404 2496 477 2548 inter
503 2496 653 2549 canonicos
679 2498 833 2566 supputari
858 2497 902 2552 oei
926 2497 956 2549 in
979 2497 1070 2550 sacris
1096 2494 1163 2563 cari,
1181 2511 1244 2549 cum
1262 2494 1290 2547 in
1306 2493 1419 2563 proprie
1431 2493 1497 2548 sede
1518 2493 1659 2547 doctrinae
1679 2493 1714 2547 ds
1732 2492 1882 2560 sacrificiis,
1901 2493 1930 2546 in

234 2581 371 2649 conciliis,
390 2581 433 2635 vet
454 2581 484 2633 in
501 2581 593 2635 sacris
611 2583 779 2638 doctoribus.
815 2585 891 2637 Nam
910 2584 951 2636 aei
968 2582 1069 2636 Hiero-
1095 2579 1220 2635 Levitico
1242 2579 1355 2646 scilicet,
1374 2579 1481 2632 nullum
1505 2577 1559 2632 bac
1586 2577 1621 2632 de
1638 2593 1668 2631 re
1686 2577 1844 2632 institutum
1861 2578 1930 2632 diri·

234 2666 312 2734 npms'
326 2666 424 2720 umam
441 2667 605 2721 reducenda
622 2676 687 2722 sunt
705 2676 764 2721 tam
780 2669 864 2722 uerba
877 2667 1069 2735 sanctiorum,
1095 2683 1162 2720 nam
1190 2664 1334 2720 habeatur.
1386 2664 1462 2735 Ergo
1486 2681 1541 2718 non
1569 2670 1612 2718 est
1638 2663 1800 2728 verisimile,
1825 2663 1930 2719 iudam

236 2768 320 2822 mam
341 2755 495 2816 doctomnn,
519 2760 546 2806 et
561 2754 647 2822 jueta
670 2755 731 2822 ejus
756 2755 920 2809 sententiam
937 2754 1005 2808 libri
1023 2753 1071 2808 illi
1095 2751 1294 2806 Maccabaeum
1312 2756 1410 2805 contra
1427 2749 1519 2820 gentis
1540 2765 1607 2804 suae
1629 2756 1657 2804 et
1670 2749 1803 2805 ecclesiae
1818 2750 1929 2804 Israeli-

234 2845 260 2890 et
276 2837 303 2890 si
324 2838 374 2907 qui
398 2837 455 2892 atii
478 2838 507 2890 in
534 2853 640 2892 cenom
660 2838 777 2892 Bibliae
802 2840 909 2893 similes
931 2857 987 2895 non
1004 2847 1069 2892 sunt
1094 2838 1167 2892 ticae
1198 2837 1426 2892 consuetudinem
1463 2835 1625 2899 mandasse,
1661 2842 1693 2890 ut
1727 2835 1930 2906 Hierosolymis

234 2924 379 2990 canonici,
403 2924 456 2977 toa
473 2931 514 2977 est
534 2924 682 2994 remitam
699 2927 741 2979 aci
754 2926 900 2992 firmanda
919 2942 968 2994 ea,
996 2942 1068 2994 quae
1094 2924 1242 2979 offerretur
1267 2922 1432 2977 sacrificium
1459 2938 1510 2992 pro
1529 2921 1651 2992 peccatis
1675 2927 1854 2991 mortuorum,
1880 2928 1929 2977 sut

234 3019 298 3063 sunt
320 3010 408 3079 fidei,
432 3018 555 3082 possunt
580 3020 674 3064 tamen
698 3012 758 3065 dici
779 3012 921 3081 canonici,
952 3013 1005 3067 isac
1028 3020 1068 3066 est
1094 3010 1251 3065 sacerdotes
1284 3009 1313 3062 in
1344 3008 1396 3062 hoc
1427 3007 1519 3063 dudae
1556 3008 1719 3062 mandatum
1748 3009 1929 3066 consensisse.

234 3095 381 3166 reputares
410 3097 451 3149 ad
476 3096 702 3162 aedificationem
724 3098 871 3165 fidetium,
907 3106 1002 3167 utpote
1037 3099 1069 3151 in
1095 3102 1120 3153 6.
1140 3095 1290 3153 Conclusio
1309 3094 1372 3158 ills,
1397 3101 1498 3147 sancta
1525 3110 1591 3162 erpo
1611 3102 1637 3148 et
1654 3095 1778 3148 salubris
1796 3103 1837 3148 est
1854 3098 1928 3165 coai-

233 3197 341 3235 canone
378 3179 493 3235 Bibliae
528 3183 569 3235 ad
604 3182 657 3236 toa
693 3185 801 3252 recepti
836 3190 863 3236 et
894 3184 1067 3238 auctorisati.
1094 3184 1164 3238 tatio
1182 3199 1238 3251 pro
1252 3181 1395 3246 defunctis
1413 3196 1538 3247 exarare,
1558 3188 1587 3233 ut
1602 3198 1620 3233 a
1629 3181 1756 3249 peccatis
1774 3182 1928 3250 solvantur,

233 3267 343 3324 Veritas
368 3266 452 3337 hujus
472 3266 656 3338 responsionis
674 3272 752 3337 putet
768 3286 801 3323 ex
821 3269 882 3339 ipso
902 3270 1069 3340 Augustino,
1093 3285 1149 3323 non
1172 3268 1282 3322 videtur
1308 3266 1440 3320 historico
1467 3265 1630 3335 convenire,
1657 3265 1761 3337 quippe
1782 3267 1863 3337 cujus
1886 3275 1929 3323 est

233 3351 282 3422 qui
300 3352 337 3407 de
355 3352 435 3407 libris
455 3352 685 3409 Maccahaeorum
701 3353 741 3407 sic
759 3353 881 3423 loquitur
907 3353 955 3410 lib.
976 3360 1014 3410 18.
1034 3356 1068 3410 de
1092 3354 1233 3409 historiam
1252 3367 1378 3418 narrare,
1403 3367 1459 3405 nou
1476 3356 1569 3406 sutem
1589 3351 1623 3405 de
1650 3369 1700 3407 suo
1717 3353 1860 3426 ἐπίκρισιν
1879 3353 1928 3407 ad·

232 3437 307 3492 sivit.
331 3436 385 3493 Dei
411 3455 471 3511 esp.
499 3444 545 3495 36:
579 3439 702 3502 Quorum
725 3441 888 3509 simputatio
915 3448 1068 3509 temporum
1090 3434 1221 3512 jungere.¹
1264 3446 1288 3497 l.
1309 3439 1416 3492 Eadem
1433 3437 1519 3494 verbs
1536 3439 1701 3492 sententiam
1721 3438 1843 3493 reddunt
1862 3456 1927 3494 eou-

232 3541 287 3579 non
306 3525 336 3577 in
356 3524 513 3594 Ser-optaris
531 3528 646 3594 sanans,
664 3543 736 3595 quae
754 3527 907 3579 canonicae
920 3528 1067 3596 appellan-
1092 3527 1247 3598 fragosam,
1267 3525 1368 3596 quibus
1395 3525 1494 3580 demtis
1517 3531 1574 3579 tota
1591 3524 1681 3578 oratio
1700 3530 1775 3580 recte
1795 3526 1924 3582 cohaere·
1939 3536 2008 3580 xVIL
2024 3534 2048 3576 'tt

232 3616 287 3678 tur,
306 3611 400 3663 sedin
418 3611 485 3666 ais‘r's
504 3613 690 3681 inueniuntur,
707 3613 848 3683 inquibus
862 3621 926 3666 sunt
947 3622 972 3666 et
984 3615 1067 3666 Mae·
1093 3620 1143 3667 ret.
1198 3612 1310 3682 Excipit
1330 3611 1524 3679 Bellarminus,
1554 3611 1584 3662 in
1616 3610 1728 3664 Graeco
1761 3619 1838 3665 terta
1868 3630 1926 3665 non

236 3695 405 3749 achaeorum
423 3696 499 3763 libri,
518 3714 587 3766 quos
603 3714 660 3750 non
673 3698 796 3763 Judaei,
813 3699 865 3752 sed
882 3698 1000 3752 eeclesia
1010 3716 1066 3771 pro
1092 3701 1191 3753 baberi
1206 3697 1381 3767 particulam
1407 3712 1489 3764 erpo,
1518 3713 1628 3749 sensum
1652 3697 1759 3750 Graeci
1785 3706 1873 3752 tectus
1892 3717 1926 3752 ac
2016 3722 2022 3728 ·

234 3780 378 3834 canonicis
395 3780 476 3834 tabet
493 3791 615 3851 propter
632 3785 811 3851 quorundam
830 3792 984 3850 martyrum
997 3803 1065 3853 pas·
1092 3786 1214 3840 Larissae
1230 3785 1367 3838 versionis
1386 3800 1446 3836 esse
1458 3785 1583 3849 eundem,
1602 3799 1689 3850 neque
1707 3799 1766 3835 esse
1784 3785 1927 3837 historicis

232 3865 326 3920 siones
356 3867 526 3920 uehementes
557 3875 640 3936 atque
670 3869 823 3922 mirabiles.
860 3869 908 3924 lib.
939 3874 962 3925 2.
992 3876 1064 3926 cont.
1093 3872 1236 3924 insolitum
1255 3870 1367 3938 aliquid
1386 3869 1526 3922 interdum
1543 3867 1677 3934 colligere
1696 3883 1728 3920 es
1741 3869 1822 3921 retus
1834 3871 1926 3937 pectis,

233 3950 315 4021 epist.
328 3949 467 4007 Gaudent
482 3969 542 4024 esp.
556 3958 603 4008 23:
622 3955 661 4008 Et
676 3955 749 4008 tana
762 3956 1066 4026 assidemscrr'ptnram,
1094 3960 1171 4026 quod
1200 3959 1241 4009 ad
1270 3956 1453 4009 imitationem
1486 3961 1511 4007 et
1539 3954 1624 4007 tonos
1657 3970 1748 4007 mores
1776 3955 1925 4023 pertineat.

234 4054 306 4105 quae
326 4039 738 4106 appellaturMaecabaeorum,
757 4058 813 4093 non
831 4040 932 4094 tabent
949 4041 1067 4111 Judaei,
1093 4041 1319 4112 Respondemus:
1340 4047 1363 4098 1.
1384 4040 1492 4096 Graeca
1509 4039 1549 4094 sic
1566 4039 1685 4093 hebent:
1713 4038 1758 4094 εἶτ’
1779 4043 1927 4112 ἐμβλέπων

233 4123 305 4177 neus
324 4123 412 4191 legem
433 4131 460 4177 et
473 4126 631 4194 prophetas
648 4134 676 4179 et
688 4127 828 4195 psalmos,
849 4127 948 4194 quibus
968 4128 1066 4181 Domi·
1097 4134 1149 4187 ιοῖς
1169 4127 1227 4198 μετ’
1245 4127 1383 4195 uisitetur
1401 4129 1583 4200 resumpturum
1608 4124 1755 4180 κάλλιστον
1776 4125 1925 4192 ἀποκείμε-

233 4225 287 4260 nus
313 4210 500 4264 testimonium
517 4210 663 4281 perbibuit
691 4218 827 4279 tanquam
858 4212 973 4264 testibus
998 4214 1067 4281 suis,
1094 4212 1428 4284 emmeramensem
1441 4217 1488 4266 sat
1509 4208 1619 4280 εὐσεβὴς
1641 4212 1762 4274 ἐπίνοια,
1781 4212 1848 4268 ὅθεν
1863 4218 1926 4283 περὶ

233 4295 286 4347 sed
302 4303 415 4367 recepta
434 4303 474 4350 eet
492 4296 528 4349 ab
546 4296 664 4350 eeclesia
680 4314 736 4351 non
754 4297 907 4360 inutiliter,
934 4298 961 4351 ss'
976 4300 1067 4353 sobrie
1093 4303 1147 4354 sair
1165 4298 1338 4366 τεθνηκότων
1351 4299 1402 4353 τὸν
1417 4297 1564 4370 ἱξιλασμὸν
1586 4297 1749 4365 ἐποιήσατο,
1768 4301 1814 4366 τῆς
1835 4297 1924 4372 ἁμαρ-

234 4379 346 4447 tepatur
366 4381 410 4435 uei
429 4381 567 4435 audiatur
592 4383 711 4435 mamma
724 4389 845 4451 propter
862 4384 929 4437 illos
949 4385 1065 4439 Macca-
1093 4389 1151 4447 ring
1171 4383 1360 4453 ἀπολυθῆναι,
1387 4385 1492 4438 deinde
1510 4385 1695 4437 considerans
1711 4384 1769 4453 br's,
1795 4386 1846 4453 qui
1864 4403 1927 4439 cum

232 4465 323 4530 saeos,
341 4467 390 4536 qui
401 4484 459 4536 pro
478 4467 540 4536 legs
554 4467 622 4535 Dei,
641 4468 787 4521 neutueri
800 4476 945 4536 martyres,
964 4489 983 4524 a
998 4487 1065 4538 per·
1089 4472 1195 4540 pictate
1212 4472 1435 4539 obdormierant,
1464 4470 1598 4540 optimam
1623 4471 1776 4538 repositam
1793 4474 1926 4538 aratiam,
1992 4533 1996 4543 Ι

231 4552 404 4605 secutoribus
427 4559 486 4604 tam
511 4552 631 4618 indigna
654 4561 737 4622 atque
768 4553 912 4608 torrenda
936 4557 1068 4627 perpessi
1093 4565 1192 4611 sancta
1211 4560 1302 4627 sipia
1319 4558 1526 4625 consideratio,
1544 4548 1627 4610 'unde
1645 4575 1703 4627 pro
1721 4559 1840 4611 mortuis
1854 4576 1926 4627 pro-

231 4643 303 4692 sunt.
345 4636 387 4690 Ex
413 4637 515 4708 quibus
541 4637 689 4694 manifeste
712 4645 845 4710 apparet,
875 4639 1065 4710 Augustinum
1088 4644 1269 4713 pitiationem
1296 4645 1382 4710 feeit,
1413 4651 1443 4697 ut
1469 4661 1488 4696 a
1501 4652 1620 4714 peccato
1646 4645 1826 4699 solverentur.
1871 4644 1925 4699 llic

231 4722 342 4778 nomine
361 4722 487 4777 canonici
511 4723 575 4779 libri
603 4723 645 4779 uti
667 4723 697 4779 in
720 4723 921 4795 significatione
951 4743 1066 4797 genera·
1093 4729 1180 4785 cuivis
1199 4730 1392 4794 manifestum,
1417 4730 1503 4785 rerba
1519 4730 1567 4785 illa
1586 4729 1650 4785 ὁσία
1672 4736 1716 4785 καὶ
1736 4729 1848 4799 sicani<
1865 4736 1924 4787 ἐπί-

231 4806 293 4862 liori
312 4825 362 4880 pro
380 4807 467 4873 libro,
495 4808 543 4880 qui
571 4809 601 4863 in
625 4810 743 4865 ecclesia
769 4811 872 4883 legitur
900 4815 1066 4866 admoram
1092 4836 1155 4871 rann
1174 4833 1255 4886 posse
1279 4832 1297 4870 a
1325 4820 1455 4870 contextu
1474 4816 1597 4889 sejungi,
1626 4824 1658 4871 ut
1681 4817 1834 4871 sentcntiae
1857 4817 1926 4871 nibil

232 4895 473 4963 aedificationem,
501 4894 542 4949 its
573 4900 667 4950 tamen
693 4901 725 4951 ut
748 4913 810 4951 cum
843 4896 921 4952 libris
951 4898 1067 4970 reliquis
1092 4902 1202 4956 omuino
1220 4901 1353 4968 decedat,
1380 4901 1511 4957 videntur
1528 4903 1614 4974 igitur
1632 4901 1783 4971 adjectitia.
1818 4908 1842 4958 2.
1862 4903 1925 4959 Non

232 4980 344 5052 proprie
364 4980 445 5035 dictis
460 4980 601 5036 canonicis
613 4999 668 5037 nou
687 4981 791 5038 hebeat
805 4999 899 5054 parem
917 4984 1066 5038 auctorita·
1093 4988 1157 5042 licet
1173 4987 1341 5042 Bellarmino
1360 4987 1396 5040 ad
1415 4987 1520 5043 fontem
1539 4989 1676 5046 Graecum
1703 5005 1867 5058 provocare,
1891 5006 1927 5044 ne

232 5070 297 5121 tem.
337 5064 440 5121 Confm
461 5066 511 5122 lib.
532 5072 573 5122 17.
595 5066 630 5122 de
652 5066 704 5122 civ.
728 5067 783 5122 Dei
806 5084 831 5123 c.
849 5073 891 5124 20.
918 5068 966 5123 ubi
989 5069 1066 5134 dicit,
1091 5074 1216 5127 incurrat
1240 5072 1387 5129 anathema
1413 5075 1522 5130 concilii
1547 5073 1713 5131 Tridentini.
1758 5081 1780 5131 3.
1801 5075 1926 5130 Graecus

231 5152 324 5205 minus
340 5153 424 5216 firma
442 5168 515 5220 esse,
535 5169 606 5222 quae
624 5171 680 5208 non
698 5161 763 5207 eunt
782 5155 889 5224 scripta
910 5155 940 5208 in
960 5172 1066 5210 canone
1091 5165 1183 5213 textus
1200 5176 1218 5214 a
1235 5159 1361 5214 versione
1381 5158 1484 5216 Latina
1502 5162 1655 5229 discrepat,
1684 5165 1715 5212 ut
1735 5161 1797 5231 ipsa
1815 5161 1926 5217 collatio

233 5238 429 5307 Judaeorum,·
462 5238 511 5296 lib.
534 5244 558 5295 2.
594 5239 628 5295 de
646 5239 743 5295 mirsb.
770 5239 869 5311 Script.
902 5239 950 5295 ubi
980 5241 1066 5297 libros
1092 5244 1235 5300 manifeste
1260 5245 1388 5301 ostendit.
1435 5253 1461 5302 4.
1488 5247 1526 5301 Et
1550 5245 1612 5317 quis
1635 5251 1724 5301 certos
1751 5264 1800 5301 nos
1820 5247 1927 5314 reddet,

231 5323 462 5379 Maccahaeorum
485 5341 503 5379 a
529 5324 622 5381 divino
647 5341 752 5380 cauom
772 5325 927 5395 distinguit
963 5332 988 5383 5.
1006 5325 1066 5383 Nee
1091 5331 1166 5402 quod
1185 5349 1240 5386 non
1259 5331 1287 5384 in
1312 5330 1404 5401 ipsum
1423 5332 1562 5387 Graecum
1587 5336 1693 5385 textum
1713 5331 1765 5387 hoc
1787 5334 1926 5405 glossema

230 5407 336 5465 Paulus
356 5414 380 5465 2.
395 5407 458 5464 Cor.
476 5415 514 5474 11,
534 5428 559 5464 v.
576 5416 601 5467 6.
619 5425 671 5465 uec
690 5409 763 5463 ullus
783 5410 1211 5488 scriptorcsuoniousirrcpere
1228 5416 1368 5487 potuerit?
1412 5426 1433 5472 5.
1453 5417 1571 5487 Spiritus
1590 5422 1704 5471 sanctus
1732 5418 1760 5471 in
1785 5419 1863 5473 libris
1882 5436 1926 5473 ca·

231 5500 383 5554 erratorum
410 5495 520 5554 reniam
543 5496 628 5571 petit,
657 5496 682 5552 si
708 5497 778 5572 qnid
806 5497 898 5555 minus
917 5498 1001 5572 digne
1018 5501 1064 5556 vel
1078 5471 1198 5561 ineuicis
1236 5503 1306 5559 nihil
1342 5506 1494 5580 quidquam
1533 5520 1551 5557 a
1580 5521 1676 5559 norma
1712 5506 1783 5577 legis
1815 5506 1926 5561 divinae
