4104 6014
230 207 269 263 64
801 199 922 258 LOCUS
942 197 1147 257 VICESIMUS
1165 200 1312 257 SEXTUS

229 355 305 410 dicta
322 360 453 413 veterum.
478 354 665 410 Tertullianus
683 355 729 412 lib.
751 357 785 411 ds
802 356 938 426 patientia
956 372 1016 426 cap.
1036 361 1060 409 t.
1072 353 1076 436 t
1089 372 1145 408 non
1165 373 1224 411 esre
1244 365 1389 424 mortuam,
1406 359 1458 411 red
1477 359 1519 411 ad
1531 357 1674 412 meliorem
1691 357 1777 411 citam
1796 354 1920 410 transla-

227 441 275 499 fol.
303 449 330 497 t:
363 441 511 496 Credenter
535 444 765 497 resurrectionem
800 443 906 498 Oleristi
935 451 1061 496 nostram
1088 448 1152 508 tam,
1171 461 1228 495 non
1247 445 1341 512 utique
1362 446 1451 514 ipram
1471 453 1606 514 tanquam
1625 445 1697 498 nillil
1715 460 1774 498 erre
1787 443 1920 512 deplora·

229 546 335 598 quoque
353 530 507 592 credimus,
529 537 652 598 propter
680 548 749 600 quor
774 529 824 583 ille
843 537 869 583 et
887 529 954 582 obiit
973 539 998 582 et
1018 545 1060 581 re·
1086 537 1157 593 rent,
1176 547 1232 583 aon
1250 533 1321 583 adeo
1342 530 1573 601 indiynareatur,
1600 549 1656 586 non
1674 538 1768 584 tantas
1789 532 1919 600 efferrent

228 617 356 670 rurrerit.
400 617 481 682 Erro
509 633 569 668 erem
587 624 691 669 constet
717 618 753 669 de
769 616 971 669 resurreetione
990 633 1061 669 mor·
1087 633 1165 669 uoces
1191 617 1401 670 incredulitatis
1417 619 1549 687 iudicer,
1579 635 1720 686 nunquam
1744 626 1769 670 te
1796 618 1920 689 amplius

230 712 354 771 tuorum,
383 711 465 756 uarat
491 703 573 758 dolor
594 704 710 772 mertis,
737 710 820 756 cacat
838 710 864 755 et
885 702 1061 773 impatientia
1087 703 1192 756 uidebo.
1229 704 1329 757 Omnia
1347 705 1428 774 apud
1447 704 1514 757 illos
1531 705 1664 773 fabulae,
1689 722 1755 757 nam
1772 705 1798 757 ri
1810 705 1921 772 princi·

229 791 346 844 doloris.
387 790 445 844 Cur
463 806 528 857 erpo
548 789 660 854 doleas,
679 791 706 842 ri
719 789 840 858 periisse
866 805 921 842 non
945 779 1151 862 eredisilpali
1173 788 1243 843 boreo
1268 790 1309 843 ita
1332 792 1483 858 diffidunt,
1515 791 1601 844 multo
1626 791 1716 858 moris
1734 791 1817 858 alies,
1848 807 1921 860 quae

229 894 280 930 our
307 877 485 945 impatienter
509 877 596 942 seras
628 875 791 928 ettbductum
820 875 946 942 interim,
983 891 1062 943 quem
1090 883 1229 928 arse-ruat.
1277 874 1315 929 Et
1342 883 1452 944 postea:
1489 875 1523 930 Si
1545 885 1680 946 peccator
1706 885 1732 929 et
1754 876 1803 945 qui
1824 892 1921 944 eoepe-

230 964 332 1017 credar
349 965 549 1016 reuersurum!
590 962 736 1026 Profectio
759 969 815 1030 ert,
844 978 928 1029 qaam
948 969 1062 1013 mortem
1089 979 1202 1014 numero
1221 963 1316 1014 Deum
1335 964 1499 1031 offenderit,
1519 965 1650 1027 moritur,
1666 964 1691 1016 is
1711 965 1855 1028 eludendus
1874 970 1922 1030 est,

227 1057 320 1119 putas.
358 1050 424 1102 Non
444 1057 485 1102 ert
504 1050 658 1116 lupendus,
677 1048 727 1116 qui
742 1049 894 1116 antecedit,
911 1048 961 1099 red
975 1047 1064 1116 plane
1087 1047 1131 1100 oel
1149 1048 1244 1115 potius
1263 1048 1389 1112 minime,
1420 1067 1481 1101 cum
1502 1048 1549 1102 illi
1567 1049 1637 1102 niltil
1658 1051 1760 1118 afferat
1779 1050 1921 1112 utilitatis,

231 1137 446 1190 desiderandus.
502 1137 541 1189 Id
572 1152 679 1205 qaoque
718 1135 891 1188 desideriam
920 1132 1062 1202 patientia
1089 1134 1119 1186 in
1137 1133 1189 1188 ltoc
1207 1134 1387 1198 laetandum,
1413 1138 1491 1207 quod
1509 1136 1622 1190 malitia
1648 1138 1711 1205 ejus
1729 1138 1855 1189 alecirso
1872 1144 1919 1190 eet.

229 1223 449 1291 temperandum.
483 1220 540 1274 Car
561 1224 635 1275 enim
652 1222 835 1275 immoderate
852 1222 934 1285 feras
952 1220 1062 1287 aliirse,
1092 1219 1201 1282 Quodsi
1212 1221 1319 1289 justae,
1339 1240 1439 1274 rursus
1457 1221 1628 1292 laetandum,
1646 1224 1767 1291 quodie
1787 1231 1844 1276 tuto
1864 1223 1921 1276 eol·

231 1325 311 1377 quem
339 1326 402 1361 moe
430 1308 624 1377 rubroquerisi
669 1305 795 1360 Ceterum
823 1305 1000 1375 impatientia
1033 1305 1062 1357 in
1089 1307 1214 1374 locatur,
1245 1309 1322 1375 quod
1342 1308 1479 1361 liberatur
1505 1316 1544 1361 ert
1567 1309 1669 1372 futura
1693 1310 1864 1373 formidine;
1895 1310 1923 1362 ei

232 1394 398 1463 hujusmodi
415 1403 441 1447 et
459 1395 522 1462 spei
538 1401 653 1447 nostrae
680 1394 753 1447 male
772 1394 914 1446 ominatur
934 1400 959 1445 et
979 1394 1062 1456 fidem
1082 1393 1212 1463 juvenii,
1227 1395 1319 1461 ⁴quod
1342 1410 1375 1446 ee
1396 1395 1487 1447 medio
1514 1394 1651 1448 malorum
1675 1403 1785 1464 ereptae
1806 1404 1862 1463 ert,·
1895 1396 1923 1448 ri

229 1483 455 1550 praevaricatur.
502 1478 644 1533 Christum
669 1480 825 1546 laedimus,
849 1497 910 1531 cum
935 1485 1062 1532 mordes
1088 1495 1178 1545 senae,
1197 1481 1274 1547 quood
1287 1496 1319 1532 eo
1337 1479 1443 1533 diutius
1455 1498 1530 1544 usur,
1550 1483 1626 1549 quod
1638 1482 1757 1535 maxime
1775 1483 1922 1536 desidora-

229 1586 336 1637 quoqae
355 1568 390 1621 ab
409 1567 462 1622 illo
481 1567 565 1635 quari
580 1567 756 1620 miserandae
784 1583 839 1618 non
858 1563 1063 1634 aequanimiter
1090 1565 1145 1618 litte
1164 1565 1322 1633 videbatur,
1340 1568 1414 1620 uitae
1432 1568 1561 1620 satietate
1579 1568 1713 1636 migravit
1733 1576 1782 1621 ete.
1820 1568 1921 1623 Honor
1936 1569 2050 1614 xt¹11·¹⁰¹

229 1655 391 1723 accipimus.
429 1654 531 1721 Cupio,
558 1653 648 1720 inquit
667 1653 825 1720 apostolus,
851 1650 942 1719 recipi
955 1652 1020 1719 jam
1038 1657 1063 1702 et
1091 1660 1198 1705 mortuo
1222 1671 1278 1706 non
1297 1653 1382 1720 fletus
1405 1661 1458 1718 est,
1483 1671 1538 1707 non
1558 1654 1691 1724 ejulettur,
1715 1657 1767 1708 scd
1782 1656 1879 1722 burani
1895 1664 1921 1709 et

230 1758 289 1794 erre
308 1759 369 1794 cum
393 1741 526 1794 Domino.
571 1738 680 1801 Quanto
705 1738 804 1792 melius
828 1737 949 1791 ostendit
972 1744 1063 1790 uotum
1085 1739 1196 1808 psalmi
1213 1747 1239 1792 et
1258 1740 1316 1792 uita
1334 1740 1447 1808 optimo.
1496 1739 1534 1795 Et
1556 1745 1666 1810 postea:
1699 1741 1734 1794 Si
1755 1741 1922 1810 intellipere·

232 1826 466 1881 Christianorum.
512 1827 593 1895 Ergo
618 1834 725 1890 rotam,
753 1825 781 1877 ri
809 1824 882 1877 alios
905 1831 1064 1877 consectdoe
1091 1844 1160 1894 mur,
1180 1827 1273 1878 Deum
1291 1825 1373 1879 illum
1390 1827 1546 1890 abr-tulisse,
1573 1845 1651 1896 quem
1669 1829 1815 1881 mortalem
1832 1829 1923 1881 uirum

232 1915 409 1983 impatienter
430 1913 570 1975 dolentur,
598 1912 654 1983 ipsi
679 1911 812 1980 consequi
829 1912 965 1968 uolumus.
1010 1909 1064 1980 Cy·
1092 1931 1127 1966 ac
1144 1913 1234 1978 filiam
1253 1913 1428 1981 habebamur,
1448 1914 1738 1970 ntoeconsolaremur.
1769 1915 1925 1982 Iadipnari

230 2002 344 2071 prienes
363 2018 442 2056 serm.
462 2007 484 2056 t.
505 2000 539 2054 de
557 1999 665 2053 martel.
691 2016 718 2068 p.
738 2004 804 2052 213:
835 1997 924 2052 Nobie
942 1996 1064 2050 minimis
1091 2000 1165 2053 enim
1199 2000 1292 2068 majur
1325 2001 1462 2068 quiddam
1492 2018 1581 2068 stupra
1606 2011 1737 2055 naturam
1763 2003 1923 2071 quaerentia

231 2097 256 2142 et
275 2089 397 2142 externis
417 2087 525 2157 quoties
545 2085 697 2139 revelatum
719 2090 771 2150 ert,
800 2102 885 2152 quam
895 2085 1065 2152 frequenter
1090 2095 1140 2142 ert.
1174 2088 1266 2142 Homo
1284 2095 1366 2139 notris
1387 2094 1412 2140 et
1432 2088 1561 2141 mortalis
1579 2088 1650 2156 qaid
1666 2089 1758 2156 doler,
1783 2090 1861 2157 quod
1882 2106 1922 2141 ee·

231 2182 314 2243 atque
332 2173 483 2238 mamistrie
503 2173 539 2224 tle
558 2171 618 2224 Dei
634 2170 799 2238 tlt'pttttlt'otte
813 2177 996 2240 praeceptum
1016 2176 1065 2233 esi,
1091 2175 1369 2247 cundumwnateeram
1394 2173 1531 2241 conligit!
1561 2175 1699 2241 numquid
1726 2175 1817 2243 doles,
1847 2177 1925 2243 quod

230 2268 259 2314 ut
295 2267 468 2313 contestarer
503 2257 617 2310 arridae
652 2263 677 2309 et
709 2256 823 2324 publice
856 2255 1065 2327 praedicarem,
1091 2261 1200 2313 edendo
1228 2258 1371 2312 nutriris!
1399 2278 1463 2312 num
1490 2260 1604 2328 qrsaeris
1631 2262 1691 2314 sine
1723 2262 1783 2314 cibo
1812 2262 1924 2315 cicere!

223 2348 338 2415 fratres
356 2353 468 2399 nostros
494 2362 549 2398 non
581 2360 639 2397 esre
659 2343 798 2412 lupendor
825 2342 985 2396 aceerdone
1003 2344 1064 2394 Do·
1091 2345 1131 2398 ita
1163 2353 1189 2398 et
1214 2345 1243 2399 ia
1266 2353 1354 2399 morte
1375 2345 1512 2414 numquid
1528 2346 1639 2414 quaeris
1663 2346 1924 2401 immortalitatem!

231 2436 335 2489 minica
360 2435 395 2486 de
419 2432 514 2485 recum
545 2431 692 2494 liberator,
724 2447 785 2482 cum
810 2430 914 2497 sciam,
940 2447 994 2481 non
1018 2445 1065 2481 eor
1090 2432 1221 2486 rnortalis
1240 2440 1323 2486 natus
1343 2449 1379 2500 er,
1397 2433 1480 2486 semel
1493 2433 1543 2486 ltoc
1556 2434 1710 2497 definitum.
1734 2434 1806 2487 Noli
1817 2434 1923 2500 dolere,

231 2521 335 2584 amitti,
364 2522 415 2572 red
439 2517 601 2588 praemitti,
633 2517 792 2569 recedenter
817 2516 1007 2585 praecedere,
1036 2522 1065 2566 ut
1091 2519 1152 2573 noli
1165 2526 1190 2572 te
1205 2519 1346 2587 asflipere,
1363 2521 1416 2572 sed
1425 2537 1499 2587 anto,
1519 2536 1591 2588 quae
1604 2521 1784 2573 communiter
1796 2522 1922 2574 omuibus

227 2608 438 2676 proficiscentes
459 2613 484 2658 et
510 2604 674 2672 nauigantes
705 2602 869 2656 deriderori
890 2619 936 2655 eos
956 2602 1064 2664 debere,
1090 2613 1194 2658 rtatttto
1211 2614 1282 2660 stent.
1317 2606 1444 2660 Doleant
1464 2606 1516 2659 tibi
1529 2615 1720 2678 peccatotua,
1737 2608 1783 2660 ltic
1800 2609 1920 2676 optimus

232 2712 288 2748 non
302 2693 420 2763 planyi,
450 2708 500 2745 nec
520 2690 702 2759 accipiendae
730 2705 790 2745 esre
807 2691 852 2743 liic
872 2697 951 2742 atras
968 2696 1064 2754 ueras,
1084 2692 1184 2761 fletur,
1209 2692 1278 2744 laec
1304 2693 1427 2746 maxima
1450 2694 1599 2760 sapientia.
1636 2693 1713 2748 Idem
1739 2693 1831 2750 homil.
1849 2703 1874 2752 4,
1893 2696 1922 2749 in

231 2783 346 2851 quando
376 2779 424 2833 illi
455 2779 495 2831 ibi
525 2779 690 2830 indumenta
723 2777 791 2829 alta
818 2777 879 2844 iam
907 2775 1063 2840 sumserint,
1091 2778 1170 2848 epist„
1197 2779 1233 2834 ad
1260 2777 1348 2836 Hebr,
1380 2779 1409 2833 in
1435 2779 1545 2833 morali:
1580 2784 1647 2834 cnm
1674 2781 1754 2835 video
1783 2783 1873 2835 luetur
1891 2784 1921 2837 in

232 2868 402 2920 occarionem
433 2866 560 2918 dandam
591 2882 647 2918 non
675 2879 734 2915 erre
761 2863 926 2932 pentililur,
955 2871 986 2915 ut
1014 2879 1065 2915 noe
1089 2866 1194 2935 plateis
1211 2873 1237 2918 et
1254 2866 1468 2919 lamentationes
1485 2884 1570 2935 super
1590 2884 1653 2931 eor,
1673 2868 1723 2936 qui
1740 2885 1773 2921 ee
1790 2869 1843 2923 leae
1862 2871 1923 2925 uita

231 2956 329 3009 merito
362 2969 395 3005 ac
423 2953 494 3021 jure
523 2951 746 3019 reprehendant,
777 2952 854 3018 quad
878 2967 945 3020 quos
972 2949 1064 3003 virere
1091 2953 1262 3019 miprnrunt,
1289 2960 1315 3006 ot
1334 2953 1503 3006 ululationes
1521 2961 1547 3005 et
1568 2954 1688 3022 ineptiae
1704 2954 1797 3022 aliar,
1817 2958 1922 3010 credite

231 3043 310 3110 apud
327 3041 421 3093 Derane
440 3040 567 3106 dicimus,
586 3044 616 3090 ut
629 3036 778 3090 sustinetur
791 3045 816 3088 et
827 3037 1063 3105 perditorlupea-
1091 3038 1165 3106 milei,
1186 3039 1329 3103 erotema,
1345 3047 1371 3090 et
1384 3056 1515 3107 pepones
1533 3047 1559 3091 et
1579 3039 1706 3093 Judaeor
1726 3050 1752 3093 et
1768 3041 1922 3097 haereticos

230 3145 291 3181 mur
310 3134 336 3180 et
355 3129 453 3192 fidem,
484 3143 568 3193 quam
595 3141 721 3176 rainone
741 3132 765 3175 et
782 3140 848 3176 uoce
866 3124 1063 3192 depromimus,
1092 3125 1147 3177 ista
1165 3124 1289 3178 videnter
1308 3132 1335 3177 et
1354 3142 1460 3192 omnes,
1486 3126 1536 3192 qai
1551 3143 1601 3178 nor
1619 3127 1754 3196 irrident,
1780 3129 1848 3196 quia
1866 3146 1922 3182 non

230 3214 359 3267 cordisct
368 3212 492 3281 pectoris
503 3210 657 3264 testimonio
668 3210 856 3278 reprobemus.
875 3209 944 3277 Spei
952 3218 1064 3262 nostrae
1091 3228 1163 3279 quae
1186 3228 1205 3263 a
1233 3228 1274 3264 me
1291 3211 1438 3275 dicuntur,
1469 3214 1614 3264 attendunt
1636 3211 1756 3277 Graeci,
1790 3216 1842 3266 sed
1859 3214 1922 3285 illo,

230 3317 265 3353 ae
289 3299 363 3369 fidei
387 3298 637 3367 praevaricatores
667 3312 776 3364 wreus,
807 3296 957 3363 simulata,
989 3297 1064 3364 ficta,
1091 3315 1162 3366 quae
1173 3299 1248 3366 siunt
1266 3315 1285 3348 a
1302 3296 1379 3350 vobis
1398 3304 1446 3352 etc.
1485 3297 1593 3364 Capita,
1611 3299 1682 3367 quid
1694 3300 1809 3370 psallas
1827 3301 1857 3353 in
1871 3301 1922 3354 illo

227 3389 330 3454 fucata
351 3385 483 3439 ridentur
502 3399 576 3450 erse,
603 3399 674 3452 quae
703 3383 822 3434 dicimus
848 3390 898 3435 etc.
943 3381 999 3443 Qut
1014 3399 1063 3453 spe
1090 3392 1221 3453 tempore.
1257 3384 1415 3446 Reuertere,
1436 3371 1537 3452 inquii,
1555 3384 1650 3437 anima
1669 3404 1730 3438 ntea
1749 3387 1779 3439 in
1799 3389 1924 3455 requiem

229 3474 346 3526 vicimus
368 3479 394 3524 et
419 3471 449 3524 in
469 3474 562 3524 Deum
584 3471 724 3523 credimur
744 3477 769 3521 et
792 3469 932 3522 Uiriatum
948 3485 1063 3536 parerem
1091 3478 1180 3538 tetam,
1211 3470 1279 3538 attio
1305 3470 1444 3523 Dominae
1475 3471 1611 3538 bentp‘eeit
1639 3472 1696 3525 tili.
1744 3473 1785 3525 Et
1806 3474 1922 3527 iterum:

230 3577 289 3616 esre
322 3577 377 3629 pro
414 3559 493 3613 nobie
533 3567 560 3611 et
594 3558 784 3611 rerurreeisse
814 3556 994 3623 confidimus,
1033 3556 1063 3607 in
1091 3558 1157 3611 Non
1196 3557 1294 3609 timebo
1313 3557 1404 3624 neela,
1440 3557 1508 3625 quio
1537 3566 1567 3610 tu
1601 3574 1706 3610 neceam
1731 3575 1768 3613 es.
1831 3561 1923 3630 Dicis,

234 3647 345 3702 Oltristo
363 3653 502 3699 manenter
520 3654 547 3698 et
562 3662 615 3714 per
632 3646 722 3714 ipsum
742 3652 824 3712 atque
843 3644 952 3712 inipso
971 3659 1063 3696 resur·
1091 3644 1243 3697 Dominum
1262 3643 1430 3712 bersefecirre
1456 3644 1521 3711 tibi,
1547 3651 1573 3696 et
1597 3643 1787 3709 lacrymaris.²
1823 3647 1923 3700 Nonne

230 3742 333 3803 pentes,
352 3732 423 3802 quid
440 3740 489 3785 aut
508 3732 565 3800 ipsi
580 3732 713 3784 recedere
738 3731 821 3783 istinc
849 3731 884 3782 de
904 3730 997 3783 seculo
1015 3748 1062 3782 no·
1089 3747 1174 3783 scena
1191 3738 1255 3783 sarit
1273 3731 1349 3782 ieta?
1367 3747 1455 3782 nonne
1473 3729 1654 3801 hypocrisis?
1685 3730 1719 3784 Si
1736 3738 1826 3784 autem
1846 3733 1924 3786 ludis

230 3821 337 3888 liunus,
362 3825 412 3873 aut
428 3827 540 3872 nortros
559 3820 719 3872 recedenter
737 3816 821 3884 quari
833 3817 965 3885 perditae
977 3816 1063 3885 plan·
1091 3827 1116 3871 et
1143 3817 1227 3886 fiapir
1257 3824 1282 3868 et
1313 3816 1431 3879 sabulos
1461 3832 1521 3868 erre
1551 3824 1645 3885 putor,
1676 3834 1765 3884 quare
1791 3819 1924 3886 preliis!

230 3909 322 3975 pirates
352 3924 386 3958 ac
409 3906 551 3972 dolemus,
579 3905 640 3973 ipro
670 3903 783 3957 Chresto
803 3904 929 3956 Domino
947 3921 981 3956 ac
1000 3906 1064 3957 Deo
1091 3919 1179 3972 quare
1198 3903 1318 3971 surripis
1337 3904 1378 3955 ad
1398 3911 1424 3954 te
1443 3903 1602 3956 uenientes?
1622 3920 1708 3971 quare
1728 3922 1783 3957 non
1807 3907 1923 3974 repelles

230 4002 326 4048 nostro
345 3999 471 4045 monente
491 3999 517 4043 et
538 3991 664 4057 dicente,
681 4007 731 4058 eqo
750 4008 810 4043 euni
828 3991 998 4043 rerurrectio
1015 3997 1063 4042 etc.
1087 3990 1263 4060 prallentest
1317 3988 1504 4058 Hieronymus
1538 3987 1574 4041 ad
1603 3988 1721 4042 Paulum
1761 3990 1841 4062 epist.
1875 3999 1921 4046 25:

230 4097 297 4152 pag.
312 4085 377 4134 215:
396 4078 460 4132 Hoc
478 4094 529 4129 nor
542 4079 721 4131 attendamus
739 4093 806 4144 erse,
824 4078 902 4144 quod
915 4077 1063 4144 credimur,
1090 4078 1235 4145 Lupeatur
1251 4083 1385 4140 mortuus,
1406 4077 1457 4129 sed
1475 4074 1533 4139 ille,
1553 4091 1632 4142 quem
1652 4075 1777 4143 peltenna
1797 4079 1922 4148 mercipit,

231 4176 261 4222 ut
296 4183 385 4235 neque
423 4183 554 4219 carorum
583 4165 729 4233 lugeamus
767 4181 918 4232 etcertum,
949 4172 975 4217 et
1003 4182 1064 4216 cum
1092 4180 1171 4231 quem
1198 4170 1324 4214 tartarus
1349 4163 1477 4229 decorat,
1506 4160 1535 4213 in
1557 4161 1638 4229 cajur
1648 4180 1768 4230 poenam
1794 4173 1923 4218 aeternus

231 4253 423 4308 accersitionis
453 4252 591 4321 propriae
628 4252 687 4304 dier
720 4251 839 4319 aenait,
874 4251 1066 4304 incunctanter
1092 4250 1166 4317 ienis
1183 4255 1301 4304 aestuat.
1334 4248 1402 4316 Nor,
1421 4264 1538 4315 quorum
1551 4250 1923 4317 eaitumanpeloramturla

232 4349 258 4394 et
292 4341 411 4393 libenter
443 4341 484 4392 ad
519 4338 676 4392 Dominum
717 4339 780 4406 ipro
820 4345 936 4390 vocante
972 4337 1064 4390 uenia·
1092 4336 1251 4402 comitatur,
1271 4334 1368 4403 quibus
1386 4334 1495 4387 obuiam
1515 4331 1643 4388 curatur
1660 4337 1796 4405 occurrit,
1821 4356 1921 4406 praea-

231 4445 301 4482 mur.
337 4425 550 4496 Chrysostomus
568 4422 659 4477 homil.
681 4428 723 4478 61.
744 4422 773 4476 in
789 4421 890 4477 Johrn.
917 4423 991 4478 circs
1007 4422 1066 4479 fia:
1092 4441 1154 4476 mur
1178 4421 1283 4489 mayie,
1312 4420 1339 4472 ei
1362 4421 1469 4473 diutior
1493 4421 1523 4472 in
1546 4421 1727 4477 tabernaculo
1746 4424 1806 4477 isto
1824 4426 1924 4477 martir

233 4512 381 4565 Gumaliir
390 4511 474 4565 mulir
492 4512 575 4565 etiam
588 4510 632 4563 lete
645 4509 788 4562 muliebris
798 4509 1066 4581 maautplangen-
1092 4508 1255 4563 ltalitemus.
1303 4507 1427 4561 Isidorus
1453 4505 1501 4562 lib.
1528 4513 1551 4561 ³.
1576 4509 1611 4562 ds
1637 4527 1735 4566 summ.
1762 4510 1839 4566 boa:
1870 4513 1925 4566 llli

231 4599 302 4653 tium
315 4597 472 4664 defunctos)
484 4598 551 4666 jam
561 4597 732 4666 praevoluit,
745 4603 884 4650 ostentant
896 4597 1028 4664 planctus
1041 4605 1066 4650 et
1093 4596 1264 4664 deplorandi
1282 4603 1346 4647 runt
1364 4596 1394 4647 in
1416 4602 1512 4660 morte,
1530 4611 1599 4663 quoe
1609 4598 1725 4651 mirarer
1743 4598 1873 4661 infernus
1890 4616 1923 4652 er

232 4685 347 4740 deleret
364 4702 443 4751 euos,
470 4692 616 4738 cruentant
637 4682 767 4746 brachia,
785 4683 917 4736 scindunt
936 4685 1066 4753 capillos,
1092 4684 1145 4736 ltac
1172 4682 1230 4734 uita
1256 4681 1372 4749 recipit,
1396 4697 1452 4732 non
1479 4696 1548 4747 quos
1575 4684 1701 4736 coeleetir
1726 4683 1797 4736 aula
1823 4684 1923 4752 laetifi-

232 4772 343 4827 laniant
361 4771 575 4840 penuapartim
593 4771 627 4824 ob
646 4771 780 4838 dolorem,
791 4771 899 4841 partim
919 4772 961 4824 ad
978 4779 1066 4824 orten-
1093 4771 1199 4824 cartdor
1219 4767 1338 4824 inclusit.
1369 4766 1434 4818 Etsi
1448 4766 1541 4833 pietas
1554 4786 1610 4836 pro
1636 4770 1777 4833 elefruwtis
1796 4770 1924 4831 fidelibus

232 4861 366 4913 tationem
385 4866 434 4912 etc.
478 4857 621 4918 Quaenam
638 4857 707 4910 hoec
730 4857 869 4911 insania!
887 4859 1064 4911 nonneride·
1088 4858 1161 4930 flere
1172 4855 1280 4922 jubeat,
1296 4856 1368 4916 tides
1388 4860 1481 4905 tamen
1494 4872 1550 4925 pro
1569 4857 1609 4907 eir
1629 4857 1725 4923 lupar-e
1741 4863 1823 4909 octat.
1850 4857 1924 4911 Ana-

233 4948 299 5000 bant
327 4943 465 5012 pentilus!
496 4960 586 4997 nonne
611 4943 743 5007 fabulam
776 4952 900 4999 nostram
924 4946 1066 5013 putabemt
1093 4942 1193 4996 sterius
1213 4941 1292 5011 epist.
1313 4947 1336 4995 2.
1355 4938 1392 4993 ed
1411 4937 1575 5005 Nerienem,
1600 4947 1628 4995 et
1646 4941 1747 4994 citatur
1768 4959 1792 4997 c.
1813 4943 1926 4999 Habent

232 5033 417 5101 relipionem!
434 5031 527 5084 dicem
540 5030 619 5097 enim,
632 5030 741 5084 nullam
755 5047 814 5084 esre
828 5032 1066 5098 resurrectionem,
1097 5035 1136 5084 13.
1156 5045 1182 5098 q.
1202 5034 1235 5083 2:
1267 5027 1379 5080 Habent
1402 5027 1506 5091 fortan
1523 5028 1572 5081 illi
1581 5029 1694 5096 justam
1719 5030 1800 5098 lonyi
1815 5032 1926 5085 dolorir

233 5120 379 5174 illaesiones
404 5118 499 5173 omnia
517 5115 742 5172 Christianorum
770 5118 905 5186 deamata
924 5126 950 5172 et
975 5118 1066 5185 talla·
1093 5117 1309 5183 recusationem,
1337 5114 1387 5184 qui
1410 5117 1495 5169 vitam
1519 5117 1638 5169 alteram
1655 5116 1797 5184 nesciunt,
1823 5120 1872 5188 qui
1891 5121 1926 5172 de

234 5208 295 5263 aiae
323 5206 468 5276 putabunt.
516 5204 607 5256 Haud
624 5204 698 5255 enim
715 5205 807 5273 aliter,
837 5221 921 5273 ptam
944 5205 972 5256 ri
995 5205 1067 5258 nillil
1093 5205 1145 5257 ltoc
1163 5203 1329 5256 saeculood
1344 5202 1443 5256 mettur
1463 5220 1521 5257 erre
1539 5203 1690 5256 transitum
1701 5207 1926 5270 nonconridunt3

230 5299 432 5366 postmortem
449 5297 607 5349 remaneat,
638 5289 770 5344 mulieres
788 5290 992 5353 lamentantur,
1011 5311 1067 5344 non
1093 5308 1144 5344 nos
1170 5299 1262 5344 autem
1288 5289 1338 5356 qui
1362 5289 1413 5342 ltoc
1440 5289 1581 5342 credimur
1599 5295 1625 5340 et
1642 5291 1784 5352 docentur,
1815 5292 1928 5345 tristari

233 5381 381 5434 attendunt
400 5378 567 5447 Scripturir,
585 5378 680 5431 omnia
695 5378 751 5431 illa
767 5395 825 5432 erse
844 5380 975 5446 firmenta
987 5379 1067 5448 iprae
1093 5378 1208 5431 nimium
1227 5378 1262 5429 de
1281 5376 1441 5429 obeuntibus
1456 5393 1511 5428 non
1531 5375 1669 5441 cetrum,
1697 5395 1732 5431 ne
1752 5379 1830 5445 quod
1847 5381 1927 5447 opud

233 5468 349 5522 aedae
366 5467 509 5536 ridentur,
540 5464 680 5535 siquidem
701 5465 729 5518 ri
747 5468 910 5536 redueat,
930 5472 1068 5520 mortuum
1096 5465 1169 5520 alios
1194 5463 1312 5532 pietatis
1340 5471 1413 5518 teaet
1440 5462 1573 5532 speciem,
1601 5462 1653 5516 ltoc
1675 5464 1766 5532 maris
1793 5465 1872 5517 nolis
1896 5463 1926 5517 in
