4104 6014
228 242 289 316 aas
626 284 629 289 .
776 194 783 207 ⁹
816 233 940 292 Locus
959 231 1164 290 messurus
1183 235 1332 293 sexsus

236 388 329 444 verbis
358 387 454 443 scribit
479 387 662 442 bellarminus
691 388 717 441 d.
745 388 762 443 l.
789 388 864 460 Ergo
890 387 993 442 sanctis
1020 386 1066 441 de·
1092 386 1130 439 In
1149 392 1274 459 actibus,
1299 393 1348 460 qai
1375 391 1405 443 in
1432 388 1599 443 exhibitione
1619 388 1711 440 cultus
1730 385 1823 440 diuini
1840 385 1932 447 solent

228 475 323 530 ierunt
352 476 456 529 cultum
488 475 620 530 divinum.
671 474 782 544 Excipit
815 475 927 544 quidem
960 472 1062 528 Bellar-
1093 474 1230 549 adhiberi,
1250 478 1367 545 quidam
1388 495 1419 530 eu
1437 493 1466 528 se
1484 476 1557 529 hana
1575 483 1691 527 mentem
1710 480 1736 526 et
1749 471 1930 526 intentionem

228 561 333 629 minus,
367 562 452 614 aliter
477 562 573 614 uoueri
594 563 670 625 Deo,
701 561 786 614 aliter
810 561 931 624 sanctis,
960 561 1010 613 iili
1036 560 1066 612 in
1092 560 1262 628 sipnificant
1282 564 1337 616 aiii
1354 581 1409 616 non
1420 580 1476 631 per
1493 562 1655 630 sequidem,
1673 559 1731 613 nisi
1742 557 1931 628 peculiariter

227 648 337 715 signum
362 648 549 716 gratitudinis
575 664 643 714 erpa
662 648 790 714 primum
813 645 986 715 principium
1007 664 1063 699 om·
1093 662 1125 697 eo
1164 649 1337 712 referantur.
1394 648 1508 701 Priario
1545 647 1657 716 pencris
1694 653 1757 698 sunt
1792 643 1931 711 sacrificii

228 737 305 787 nium
339 735 472 786 bonorum
503 740 529 785 et
557 734 587 786 in
624 733 840 800 recopnitionem
868 732 996 795 beneficii
1023 733 1059 784 ab
1093 733 1213 800 oblatio,
1243 736 1379 788 altarium
1408 743 1434 787 et
1461 734 1628 803 temptorum
1655 732 1772 797 erectio,
1801 738 1930 786 sotorum

228 821 290 890 ipso
314 827 447 889 tanquam
466 820 562 888 primo
582 827 695 872 auctore
712 819 829 888 accepti,
847 820 890 871 his
910 819 940 871 in
955 819 1065 887 eipnum
1092 820 1281 889 nuncupati03
1321 821 1490 890 posterioris
1526 819 1636 886 perimis
1670 825 1749 872 actus
1788 815 1930 871 creaturis

229 908 413 976 pratitudinis
439 923 507 973 erpa
532 907 702 958 mediatores
728 912 753 958 et
772 904 987 967 intercessores,
1010 922 1066 974 per
1092 907 1177 959 etiam
1199 907 1370 975 exhibentur,
1390 914 1496 960 mutata
1515 913 1604 959 mente
1622 913 1706 975 atque
1718 904 1881 971 intentione,
1899 909 1930 954 ut

233 1011 302 1061 quos
326 1010 345 1045 a
366 994 428 1046 Deo
455 992 587 1056 beneficia
606 991 768 1059 accipimus.
805 990 859 1045 Sed
877 991 948 1060 petit
966 990 1018 1045 hac
1037 991 1066 1044 in
1092 993 1194 1060 capitis
1212 993 1337 1061 apertio,
1360 992 1521 1062 prostratio
1542 1000 1594 1047 etc.
1628 991 1734 1062 Utique
1752 1005 1819 1063 ergo
1840 987 1929 1042 sancti

229 1084 308 1148 parte
328 1077 502 1148 principium.
538 1077 684 1147 Scriptura
701 1077 774 1130 enim
794 1076 921 1146 nuspiam
945 1076 997 1131 nisi
1015 1077 1065 1131 soli
1092 1078 1120 1132 in
1139 1085 1245 1149 papatu
1261 1078 1433 1134 honorantur
1452 1080 1530 1133 cultu
1550 1076 1652 1132 divino.
1692 1076 1807 1146 Excipit
1824 1074 1930 1129 Bellat-

229 1165 289 1220 Deo
309 1165 467 1219 vovendum
484 1182 545 1219 esse
567 1165 649 1218 docet
667 1180 699 1217 ac
719 1171 811 1216 uotum
836 1171 864 1218 et
884 1165 1064 1234 sacrificium,
1092 1163 1189 1217 minus
1211 1163 1260 1219 lib.
1291 1169 1316 1221 3.
1347 1165 1382 1220 ds
1412 1166 1479 1219 cult.
1509 1169 1596 1219 sanct.
1629 1179 1689 1233 cap.
1714 1169 1739 1218 1.
1768 1158 1797 1234 ξ.
1825 1160 1928 1215 altera:

229 1258 261 1305 ut
290 1251 359 1304 duos
382 1256 462 1305 actus
487 1249 635 1304 exteriores
653 1248 744 1302 cultus
777 1249 828 1303 soli
854 1249 915 1304 Deo
946 1248 1063 1316 debitos,
1094 1250 1186 1304 Sacra
1204 1253 1290 1305 aedes
1306 1252 1427 1321 proprie
1443 1251 1548 1306 dicitur
1565 1249 1706 1317 templum,
1724 1246 1929 1317 quatenuseri·

230 1343 364 1407 perpetuo
384 1337 545 1407 conjungit3
563 1337 623 1407 jam
642 1353 707 1390 vero
723 1335 850 1390 concedit
870 1335 1065 1404 Bellarminus,
1091 1337 1169 1404 pitur
1186 1339 1227 1391 ad
1244 1338 1405 1404 sacrificia5
1427 1339 1526 1391 eadem
1545 1354 1629 1391 sacra
1650 1337 1737 1389 aedes
1754 1334 1861 1387 dieitur
1880 1334 1928 1386 ba·

231 1422 396 1477 sacrificium
421 1422 491 1476 nulli
518 1422 571 1475 nisi
591 1413 641 1475 s'oli
662 1421 723 1475 Deo
743 1438 804 1475 esse
821 1421 1009 1489 offerendum,
1032 1438 1066 1476 ex
1091 1423 1189 1490 silica,
1220 1431 1355 1492 quatenus
1384 1422 1503 1493 eripitur
1520 1425 1561 1476 ad
1580 1430 1709 1477 miratum
1728 1419 1855 1490 sepulcri
1874 1419 1929 1473 aii·

82 1513 288 1580 xv111.182.qu0
308 1515 383 1565 recte
401 1508 485 1563 infert
505 1509 635 1563 Costerus
661 1508 690 1561 in
709 1507 786 1567 ench.
807 1525 871 1578 pag.
893 1514 952 1565 400.
973 1516 1065 1561 votum
1092 1513 1173 1580 eujus
1192 1512 1284 1564 sancti
1311 1518 1338 1564 et
1357 1511 1582 1564 commoditatem
1600 1509 1776 1563 visitantium
1789 1505 1931 1577 ejusmodi

231 1613 291 1648 esse
317 1604 424 1664 actam,
453 1595 502 1663 qui
526 1595 649 1648 includit
674 1594 791 1647 latriam
811 1603 837 1647 et
854 1595 987 1649 honorem
1008 1594 1067 1647 soli
1091 1598 1230 1666 reliquias
1262 1603 1313 1652 etc.
1346 1599 1423 1666 quod
1448 1597 1532 1649 etiam
1562 1597 1688 1649 uidemus
1716 1597 1747 1648 in
1780 1593 1929 1647 altaribus.

232 1685 295 1737 Deo
319 1683 450 1735 debitum.
487 1680 569 1734 Hanc
595 1679 789 1735 difficultatem
816 1697 871 1734 non
900 1680 992 1750 potuit
1010 1680 1065 1733 alia
1094 1684 1168 1737 Nam
1187 1702 1260 1737 unus
1281 1692 1307 1736 et
1336 1682 1410 1736 idem
1437 1683 1513 1752 lapis
1531 1682 1639 1736 dieitur
1657 1682 1765 1750 altare,
1794 1687 1929 1752 quatenus

232 1766 536 1823 rationeBellarminus
555 1767 704 1836 declinare,
722 1784 806 1838 quam
826 1772 857 1821 ut
872 1764 986 1821 Costero
1001 1783 1064 1821 con·
1092 1770 1122 1823 in
1147 1787 1179 1824 eo
1204 1771 1386 1840 sacrificatur
1408 1771 1489 1837 Dea,·
1521 1777 1547 1821 et
1571 1770 1647 1822 idem
1673 1768 1780 1821 dicitur
1804 1767 1928 1823 sanutus

230 1856 369 1910 tradicena
390 1855 531 1918 scriberet,
550 1855 609 1908 uoti
625 1871 724 1909 namen
742 1872 798 1908 non
817 1854 1066 1909 solamconoenire
1092 1856 1135 1909 uel
1162 1856 1334 1926 sepulcrum,
1365 1864 1501 1925 quatenus
1528 1856 1597 1925 tegit
1623 1873 1693 1922 ossa,
1711 1854 1847 1922 martyris
1873 1853 1928 1906 ali·

226 1941 425 2012 promissioni,
454 1931 524 2010 quae
548 1942 580 2004 fit
599 1941 673 2005 Deo,
699 1955 825 2010 quaeque
850 1948 891 1992 est
909 1940 999 1992 cuitus
1022 1938 1065 1992 ta·
1094 1943 1176 2012 majus
1195 1949 1247 1997 eto.
1279 1941 1500 2012 Respondemus:
1528 1941 1647 2012 Templa
1664 1947 1693 1996 et
1711 1939 1812 1995 altaria
1832 1939 1861 1994 iu
1879 1954 1929 2009 pa·

230 2029 316 2098 triae,
344 2029 396 2081 sed
408 2028 609 2097 promissioni,
639 2027 757 2096 quaesit
776 2026 881 2078 sanctis
907 2033 934 2078 et
953 2043 1008 2078 non
1026 2032 1065 2077 est
1093 2036 1161 2100 patu
1187 2029 1332 2099 eriguntur
1349 2028 1451 2082 sanctis
1469 2045 1524 2083 non
1545 2034 1654 2084 tantum
1672 2028 1701 2081 in
1720 2032 1929 2085 monumentum

230 2117 320 2171 cultus
339 2117 453 2171 latriae.
491 2115 589 2186 Neque
606 2113 651 2166 his
671 2119 827 2181 reprimat,
855 2109 962 2182 inquit,
989 2112 1066 2179 quod
1093 2115 1239 2170 memoriae
1263 2113 1320 2168 scil.
1346 2113 1424 2178 fidei,
1450 2115 1637 2180 constantiae,
1663 2114 1797 2167 virtutum
1815 2117 1867 2168 etc.
1891 2110 1928 2166 ad
2023 2171 2024 2174 Ἴ

229 2220 328 2256 nomen
365 2203 422 2256 vati
451 2218 561 2269 semper
597 2197 757 2268 accipiatur
790 2216 846 2267 pro
875 2197 1064 2267 promissione
1092 2201 1289 2265 imitationem,
1309 2201 1358 2255 sed
1377 2201 1513 2255 etiamad
1533 2200 1637 2255 cultum
1656 2199 1815 2272 religiosum
1836 2202 1864 2253 et
1883 2214 1927 2253 ve·

228 2291 311 2354 facta
346 2289 425 2356 Deo,
470 2303 536 2340 nam
574 2302 636 2339 cum
674 2283 862 2338 scriberentur
899 2285 1064 2352 Scripturas
1091 2287 1260 2341 nerationem
1283 2285 1464 2357 ipsorummet
1489 2293 1659 2350 sanctorum,
1689 2284 1764 2339 unde
1783 2283 1927 2338 Bellarmi·

229 2383 359 2440 sanctae,
394 2373 519 2427 nondum
552 2379 683 2439 coeperat
716 2389 782 2424 usus
807 2371 927 2425 acuendi
950 2370 1064 2423 sanctis.
1091 2389 1143 2427 nus
1173 2372 1293 2426 discedit
1319 2371 1355 2426 ab
1388 2390 1481 2427 eorum
1510 2372 1661 2441 sententia,
1692 2372 1740 2443 qni
1758 2371 1927 2439 existimant,

230 2461 275 2518 sic
294 2478 360 2531 ergo
379 2463 477 2530 sponte
496 2459 614 2524 fatetur,
646 2457 802 2512 institutum
823 2455 941 2510 vovendi
959 2455 1063 2510 sanctis
1092 2476 1184 2513 sacras
1217 2459 1301 2512 aedes
1332 2475 1387 2513 non
1418 2475 1498 2531 posse
1529 2457 1642 2530 proprie
1671 2457 1742 2528 erigi
1770 2456 1825 2511 nisi
1856 2455 1927 2524 Deo,

229 2563 290 2602 esse
321 2546 475 2614 recentius,
508 2561 591 2615 qnam
619 2549 651 2598 nt
678 2544 738 2614 ejus
763 2543 841 2614 origo
868 2542 912 2597 vel
939 2559 1006 2596 usus
1034 2542 1063 2596 in
1091 2545 1323 2618 quemadmodum
1350 2544 1485 2599 sacrificia
1510 2561 1565 2598 non
1591 2543 1744 2598 offeruntur
1771 2541 1824 2596 nisi
1850 2541 1927 2610 Deo;

229 2634 378 2706 Scripturis
396 2631 505 2687 ostendi
522 2631 618 2701 possit.
650 2636 689 2685 12.
709 2629 762 2682 Per
781 2636 890 2683 sanctos
907 2630 1012 2699 jurant,
1032 2634 1063 2682 ut
1091 2648 1123 2686 ac
1147 2633 1252 2701 templa
1270 2631 1441 2686 denominari
1465 2648 1483 2684 a
1498 2631 1617 2700 sanctis,
1645 2649 1700 2685 non
1718 2628 1794 2701 quod
1814 2628 1855 2682 eis
1871 2628 1925 2683 eri.

229 2726 341 2776 constat
365 2736 398 2774 ex
426 2717 589 2790 quotidiana
614 2717 701 2787 praxi.
738 2715 840 2770 Confer
865 2715 963 2772 Thom.
990 2721 1014 2770 2.
1039 2721 1063 2795 ².-
1090 2723 1205 2790 gantur,
1223 2719 1272 2772 sed
1291 2719 1364 2789 quod
1382 2715 1411 2771 in
1430 2716 1484 2771 illis
1503 2716 1612 2787 templis
1630 2716 1780 2788 praecipue
1798 2716 1925 2773 colantur

230 2825 257 2878 q.
288 2812 329 2863 89.
361 2811 413 2861 art.
441 2810 464 2860 6.
506 2804 570 2859 tam
601 2819 666 2857 vero
695 2803 884 2872 Juramentum
914 2808 956 2857 est
984 2807 1063 2855 aetus
1090 2823 1183 2860 eorum
1209 2803 1365 2860 memoriae.
1404 2802 1485 2857 Hanc
1509 2803 1647 2857 saniorem
1667 2807 1696 2856 et
1711 2801 1927 2859 tolerabiliorem

230 2892 328 2949 latriae
354 2888 787 2957 soliDeodebitac,Dcut.10,
812 2906 837 2942 v.
855 2893 895 2945 20.
915 2888 1018 2942 ierem.
1040 2893 1063 2952 5,
1091 2893 1264 2964 quorundam
1292 2891 1476 2947 recentiorum
1504 2889 1715 2961 explicationem
1740 2889 1926 2946 bellarminus

228 2997 252 3034 v.
272 2987 296 3036 7.
316 2977 500 3033 bellarminus
526 2976 552 3028 d.
579 2974 613 3032 l.:
642 2976 741 3028 Votum
762 2983 803 3027 est
822 2983 902 3028 actus
917 2975 1064 3042 reiipionis
1091 2979 1193 3034 deserit
1208 2997 1240 3033 ae
1264 2977 1393 3032 basilicas
1410 2980 1452 3031 ad
1468 2977 1573 3030 cultum
1586 2985 1746 3031 sanctorum
1762 2975 1832 3047 erigi
1844 2991 1926 3048 posse

228 3066 286 3121 soli
303 3069 367 3120 Deo
392 3065 515 3131 debitur,
540 3061 634 3132 qualis
659 3070 699 3115 e⁸t
726 3061 810 3114 eiiam
829 3061 1018 3129 iuramentum
1038 3069 1064 3113 et
1089 3072 1223 3120 autumat.
1249 3067 1360 3134 Potest,
1380 3064 1478 3136 inquit,
1497 3064 1571 3132 eripi
1587 3063 1707 3117 basilica
1727 3061 1755 3118 S.
1773 3063 1874 3125 Petro,
1895 3069 1926 3114 ut

228 3150 408 3219 sacrificium,
427 3158 458 3203 ut
471 3157 553 3219 patet
571 3164 604 3200 eu
622 3147 727 3200 diuinis
747 3147 848 3203 literis
890 3151 929 3201 13.
943 3146 1063 3215 Templa
1089 3154 1139 3222 qui
1156 3153 1370 3222 inprsdiuntur,
1390 3151 1529 3205 admoniti
1549 3147 1672 3220 imaqine
1690 3148 1731 3202 ibi
1749 3147 1862 3218 depicta
1881 3149 1927 3201 ost
1942 3151 2020 3193 xvnt.
2037 3153 2050 3192 ιι

229 3244 258 3293 at
277 3237 377 3292 altaria
394 3237 497 3291 sanctis
515 3235 632 3307 erigunt.
645 3235 747 3289 Eccius
760 3234 788 3288 in
802 3233 901 3290 enchir.
920 3249 984 3305 pag.
1000 3239 1062 3289 152:
1089 3241 1151 3309 ipsa
1179 3238 1278 3307 templi
1301 3238 1411 3292 nomine
1434 3239 1618 3292 recordentur
1639 3236 1670 3293 S.
1697 3235 1782 3289 Petri
1809 3251 1926 3305 eumque

230 3325 351 3378 Sanctus
380 3324 520 3377 Satrianus
549 3323 636 3376 creuit
662 3321 807 3374 ecelesiam
835 3320 863 3375 S.
881 3321 968 3373 Petro
992 3320 1062 3386 rivo,
1089 3327 1119 3379 in
1144 3344 1175 3379 αα
1199 3326 1261 3380 ioco
1285 3334 1419 3396 tanquam
1447 3332 1597 3394 patronum
1618 3323 1712 3378 colant
1733 3329 1759 3377 et
1777 3324 1927 3392 deprecen-

229 3410 357 3464 condidit
384 3417 409 3462 et
436 3408 512 3461 alias
539 3409 613 3460 duas
643 3408 672 3460 in
702 3407 835 3460 bonorem
866 3407 895 3460 S.
928 3407 1064 3475 Stephani
1089 3420 1144 3465 rur,
1188 3416 1224 3466 14,
1251 3411 1301 3478 Se,
1322 3428 1386 3464 suas
1407 3411 1527 3476 animas,
1553 3426 1669 3479 corpora
1695 3414 1723 3463 et
1743 3409 1836 3463 omnia
1851 3407 1927 3463 bona

228 3505 254 3551 et
281 3496 310 3550 S.
335 3496 477 3550 Jobaunis
502 3495 653 3563 Baptistae
679 3495 709 3546 iu
731 3491 838 3546 Gattr'a.
877 3492 1062 3547 Belin-minus
1090 3502 1249 3552 sanctorum
1278 3495 1382 3550 tutelae
1412 3504 1441 3549 ct
1473 3494 1624 3564 patrocinio
1656 3493 1823 3548 fiducialiter
1851 3511 1926 3548 com-

228 3583 275 3640 lib.
295 3590 318 3640 3.
339 3582 374 3636 ds
392 3582 470 3637 cultu
489 3587 574 3634 sanct.
594 3597 617 3635 c.
636 3585 660 3635 4.
677 3596 753 3649 prop,
778 3586 807 3634 4:
833 3579 943 3634 Sacrae
963 3581 1062 3632 domus
1091 3584 1230 3640 mendant.
1275 3583 1307 3635 ln
1338 3582 1477 3635 ordinario
1509 3581 1688 3636 Hildeshcim.
1720 3581 1756 3635 ds
1790 3596 1925 3649 compare.

228 3687 283 3722 nan
304 3669 395 3722 solam
415 3670 491 3735 Deo,
514 3669 568 3720 sed
587 3667 669 3719 otiam
688 3667 795 3718 sasrcts's
816 3674 890 3720 recte
909 3667 1061 3734 aeds'Jican·
1090 3669 1207 3724 Mariae:
1226 3671 1276 3721 Ad
1287 3676 1313 3721 te
1331 3668 1441 3734 Maria,
1460 3669 1576 3720 cardea
1589 3685 1653 3736 spes
1665 3668 1838 3730 miserarum,
1857 3683 1921 3719 eors-

228 3762 274 3807 tur
298 3762 323 3808 et
350 3755 523 3807 dedicantur.
549 3750 597 3805 lib.
625 3758 646 3807 1.
671 3751 705 3805 de
730 3749 801 3808 beat.
828 3759 915 3807 sanct.
935 3768 995 3821 cap.
1016 3757 1060 3806 20:
1089 3756 1170 3824 sapia
1199 3763 1225 3807 et
1248 3755 1335 3823 piena
1362 3755 1469 3816 fictricis
1494 3754 1544 3806 tibi
1570 3771 1612 3806 me
1631 3755 1722 3821 ipsum
1747 3753 1776 3804 in
1799 3751 1926 3805 omnibus

232 3841 350 3910 Templa
372 3849 397 3893 ct
421 3843 499 3905 festa
522 3841 637 3892 eteorum
661 3837 824 3908 [gentilium]
846 3856 979 3892 conversa
997 3847 1061 3890 sunt
1089 3841 1296 3897 necessitatibus
1315 3842 1412 3893 denota
1431 3841 1599 3893 corrrmenda.
1639 3839 1673 3893 In
1691 3856 1779 3892 rosar.
1800 3837 1923 3892 Mariae:

228 3930 258 3980 in
291 3927 396 3996 templa
430 3936 455 3979 et
491 3929 574 3994 sesto
614 3935 777 3993 martyrum.
835 3925 918 3980 Item:
955 3926 1061 3978 Rornae
1091 3928 1261 3981 ODamina
1278 3943 1339 3979 mea
1362 3925 1392 3981 S.
1414 3926 1524 3986 Maria,
1550 3942 1591 3977 me
1607 3925 1635 3977 in
1656 3933 1732 3977 tuam
1751 3925 1925 3977 benedictam
1991 3930 1998 3939 “

228 4015 361 4083 tempium
403 4013 524 4066 cinisium
569 4014 687 4065 drorum
732 4027 896 4064 crinoersum
945 4019 985 4064 est
1031 4011 1061 4064 in
1083 4015 1172 4081 fidem
1192 4022 1218 4067 et
1235 4013 1407 4080 siupuiarem
1427 4011 1583 4064 aristodium
1602 4029 1636 4063 uc
1659 4011 1688 4062 ia
1705 4011 1798 4062 sinum
1816 4010 1924 4075 miseri·

228 4102 359 4171 tempium
386 4100 507 4153 omnium
532 4107 707 4162 cassatorum,
736 4107 761 4151 ot
781 4099 912 4166 tempium
935 4098 1061 4151 Castores
1088 4101 1203 4154 cordiae
1220 4108 1283 4153 tuoe
1304 4100 1386 4153 hodie
1406 4106 1432 4150 et
1450 4097 1575 4166 quotidie
1593 4106 1675 4166 atque
1692 4097 1722 4149 in
1743 4097 1814 4149 hora
1834 4097 1924 4149 exitus

228 4196 254 4239 ct
273 4187 401 4239 Pollucis
427 4187 456 4236 in
480 4186 610 4254 tempium
630 4183 747 4237 Oosrrtae
766 4193 791 4237 ct
811 4184 957 4236 Dum-iani.
996 4184 1060 4238 iarn
1088 4188 1142 4239 mei
1159 4188 1284 4240 animaru
1302 4203 1391 4239 ineam
1409 4193 1435 4237 et
1453 4202 1556 4252 carpas
1574 4201 1663 4238 trierim
1684 4183 1735 4236 tibi
1752 4184 1923 4250 commendo,

227 4288 292 4326 vcro
317 4267 481 4341 templorum
508 4279 535 4325 et
553 4271 680 4325 altarium
699 4269 801 4325 erectio
820 4277 862 4324 est
881 4276 959 4324 actus
980 4286 1012 4323 ex
1030 4288 1060 4325 se
1087 4293 1192 4328 arntiam
1212 4290 1290 4340 syram
1310 4288 1405 4334 meam,
1427 4265 1646 4335 corisoidtiones,
1667 4269 1823 4339 dispertias,
1841 4270 1923 4320 mise·

227 4356 387 4429 significans
411 4357 517 4418 cultum
540 4356 672 4410 divinum.
700 4355 883 4410 Bcllarniinus
907 4355 954 4410 lib.
977 4363 997 4413 1.
1025 4356 1059 4411 de
1086 4362 1147 4412 rias
1178 4367 1202 4413 et
1229 4361 1312 4423 finem
1344 4359 1417 4411 vitae
1449 4374 1526 4410 rrssae
1558 4358 1708 4412 cansrnitta.
1748 4355 1781 4408 In
1809 4353 1923 4425 psaltes.

227 4445 297 4500 beat.
317 4449 435 4500 satiator.
456 4460 517 4513 cap.
539 4448 586 4498 12:
611 4444 710 4496 Oranus
728 4444 791 4505 fere
808 4451 888 4495 astris
910 4445 1059 4498 anteriores
1087 4446 1155 4503 liar.
1171 4445 1269 4515 psalm.
1288 4451 1335 4502 30:
1360 4447 1397 4498 In
1417 4463 1516 4497 manus
1534 4452 1599 4496 tuas
1614 4443 1741 4495 Domina
1761 4443 1923 4495 commendo

226 4547 381 4584 communes
405 4538 468 4582 sssut
493 4530 568 4582 ausiti
590 4528 757 4581 adorationi
775 4535 887 4596 excepto
908 4531 1059 4599 sacrificio,
1086 4535 1216 4603 spiritum
1252 4550 1354 4602 naeuus,
1391 4531 1477 4584 uitam
1512 4547 1600 4582 meam
1634 4539 1659 4582 et
1690 4529 1764 4582 diem
1792 4528 1923 4582 ultimum

225 4625 251 4670 et
275 4633 346 4685 quae
365 4617 407 4668 ad
424 4616 499 4668 iilud
516 4617 681 4679 referuntur
700 4616 811 4684 templis
831 4623 857 4666 et
875 4615 1015 4669 altar-ibus
1034 4625 1058 4669 et
1086 4638 1184 4675 ineam.
1220 4618 1254 4674 In
1272 4618 1372 4673 hortul.
1391 4617 1473 4671 anim.
1494 4622 1561 4671 orat.
1580 4615 1606 4670 S.
1627 4615 1725 4670 Thom.
1745 4615 1789 4669 ad.
1807 4615 1839 4668 Β.
1858 4612 1922 4669 Vir-

223 4703 432 4765 sacerdotibua,
461 4703 550 4754 ualidi
569 4702 641 4754 onim
662 4703 742 4753 Deris
759 4701 832 4754 hunc
851 4702 954 4754 cultum
969 4704 1057 4755 sacri-
1084 4705 1190 4776 ginem:
1218 4705 1242 4759 0
1268 4704 1429 4758 beatissima
1455 4711 1481 4756 et
1506 4702 1671 4755 dssioissima
1702 4702 1788 4770 Virpo
1809 4700 1923 4767 Maria,

223 4791 284 4855 ricii
311 4790 366 4842 sibi
398 4788 455 4841 soii
485 4788 621 4854 erhibcri,
658 4787 723 4841 indo
749 4786 797 4842 lib.
828 4794 850 4842 l.
878 4788 913 4842 dc
949 4788 1058 4843 Christo
1085 4792 1114 4844 in
1133 4791 1225 4844 sinum
1241 4789 1358 4858 pietatis
1380 4797 1444 4842 triac
1462 4790 1624 4842 commenda
1644 4788 1728 4841 hodie
1748 4794 1774 4840 et
1793 4787 1921 4842 omnibus

223 4893 287 4945 cap.
307 4881 330 4931 8.
350 4875 481 4929 deitatem
499 4872 601 4926 Christi
621 4873 721 4943 probat
738 4890 771 4928 ex
789 4890 837 4943 eo,
864 4874 938 4944 quod
955 4875 1059 4945 templa
1085 4877 1181 4931 diebus
1206 4879 1280 4932 uitae
1305 4893 1382 4930 meae
1409 4894 1510 4944 corpus
1536 4893 1624 4928 inerim
1642 4883 1668 4928 et
1687 4874 1812 4927 animam
1830 4890 1921 4927 meam

222 4963 263 5016 illi
290 4961 394 5034 passim
420 4959 474 5013 siut
494 4965 593 5016 erecta.
633 4960 734 5014 Omnes
750 4963 815 5025 fere
832 4962 987 5030 prophetae
1006 4962 1057 5030 (iu-
1085 4980 1232 5033 omnesque
1252 4973 1333 5017 actus
1351 4979 1433 5030 meos,
1451 4962 1642 5029 copulationes,
1661 4960 1826 5029 uoluntates,
1845 4961 1920 5014 desi-

222 5049 292 5120 quit)
315 5049 522 5119 praedicarunt
548 5053 614 5114 post
640 5049 791 5100 artnentum
816 5048 942 5100 Messias
970 5056 1057 5102 estor-
1085 5053 1182 5119 deria,
1223 5051 1391 5114 iocationes,
1428 5049 1605 5118 operationes
1641 5062 1800 5117 crinemque
1834 5047 1920 5100 uitam

222 5136 385 5189 minandum
405 5132 611 5188 idololatriam.
640 5133 773 5186 Ecclesia
791 5141 884 5186 autem
902 5150 1011 5202 semper
1029 5137 1058 5188 in
1078 5139 1217 5206 finemque
1242 5155 1338 5191 meum.
1380 5142 1418 5191 15.
1446 5135 1531 5189 Festa
1561 5133 1665 5188 sanctis
1685 5132 1828 5188 celebrant
1864 5150 1920 5187 non

220 5230 278 5275 tato
304 5223 369 5275 orbs
392 5229 533 5273 terrarum
554 5219 695 5273 Christum
720 5220 808 5273 coluit
833 5221 960 5290 ternplis,
987 5223 1057 5289 aris,
1084 5223 1228 5277 memoriae
1254 5223 1404 5291 duntaxat,
1422 5223 1471 5278 aed
1491 5221 1583 5290 etiam,
1601 5221 1656 5276 imo
1676 5220 1718 5275 vel
1736 5219 1857 5275 maxime
1877 5237 1921 5275 re-

221 5308 456 5373 s'naecationibus,
483 5306 571 5374 sestis
599 5304 705 5359 diebus.
752 5307 833 5375 Erpa
859 5307 902 5360 set
928 5308 1056 5360 Christus
1082 5308 1173 5379 ligiosi
1198 5308 1289 5363 cultus
1315 5308 1413 5380 gratia.
1463 5307 1647 5364 Bellarminus
1672 5306 1719 5361 lib.
1741 5313 1766 5362 3.
1787 5305 1822 5361 de
1841 5305 1920 5361 cultu

220 5401 260 5446 est
280 5410 362 5446 semis
375 5395 454 5446 Deus
474 5392 577 5461 ‹tipnus
591 5391 695 5445 latriae
714 5392 798 5459 cuitu
817 5394 860 5447 oet
879 5410 973 5447 ornnes
988 5411 1055 5463 pro·
1081 5403 1168 5450 sanct.
1181 5411 1243 5466 cap.
1258 5400 1296 5450 16.
1312 5391 1339 5470 ξ
1365 5394 1463 5465 Neque
1478 5394 1598 5449 rationes
1607 5399 1675 5449 etc:
1688 5393 1771 5459 Dico,
1785 5394 1921 5447 honorem

216 5479 318 5551 phetae
340 5480 450 5551 decepti
466 5487 537 5535 sunt.
585 5477 714 5533 Corterus
732 5477 761 5532 in
781 5478 884 5538 enchir.
905 5496 970 5550 pag.
989 5485 1054 5535 10οε
1079 5480 1188 5535 dierum
1203 5482 1340 5548 festorum
1357 5482 1518 5536 immediate
1535 5488 1562 5535 st
1579 5480 1754 5535 terminatiae
1767 5479 1919 5550 pertinere
