4104 6014
892 343 945 400 DE
962 342 1101 399 MORTE
1773 345 1835 404 235

146 517 165 556 a
190 499 353 572 corporibus
373 507 519 572 separatae
543 500 674 556 dicuutur
689 499 808 571 spiritus
836 500 981 570 justorum
1007 513 1070 553 cum
1105 498 1251 554 duodecim
1279 497 1425 568 apostolis,
1463 503 1529 553 aunt
1556 495 1714 567 spirituales
1743 497 1837 565 patres

145 590 370 660 τετελειωμένων,
389 595 654 659 commutaturum,
672 587 700 641 id
721 591 764 642 est
783 587 866 657 plene
880 585 979 642 000011-
1008 584 1142 641 000100100
1159 583 1304 654 utriusque
1322 583 1479 639 testamenti
1498 587 1527 638 et
1543 581 1654 653 scriptis
1672 581 1730 637 suis
1745 580 1838 635 adhuc

146 672 291 729 ficatorum
323 689 356 728 ac
387 673 620 745 glorificatorum,
651 673 820 744 eaedemque
851 672 980 727 dicuntur
1008 669 1108 725 docent
1126 670 1279 726 ecclesiam.
1321 671 1488 724 Vestimenta
1505 669 1575 723 alba
1593 668 1742 740 designant
1758 665 1838 722 laeti·

71 751 77 760 ’
146 776 231 815 uuam
259 759 339 830 qussi
366 760 506 815 civitatem
537 765 565 814 et
593 759 738 816 ecclesiam
766 758 980 830 triumphantem
1007 754 1074 810 tiam
1103 756 1216 812 alterius
1247 756 1322 811 vitae
1354 763 1383 810 et
1414 753 1560 810 beatorum
1591 754 1767 809 sanctitatem
1803 769 1838 808 ac

147 847 315 902 constituere
337 862 401 900 cum
426 845 549 916 angelis,
576 862 640 899 cum
665 846 766 916 quibus
789 845 896 899 00111001
913 860 981 898 voce
1008 841 1163 910 puritatem.
1218 841 1344 897 Coronae
1381 856 1483 894 aureae
1522 839 1680 911 significant
1716 840 1837 911 regalem

147 939 176 986 et
194 938 286 989 mente
305 947 428 987 consona
446 932 537 987 Deum
556 931 679 986 1000001.
718 930 774 986 Per
793 931 856 991 τοὺς
875 949 980 1001 aparc-
1006 926 1212 1000 dignitatemac
1226 928 1348 998 praemia
1364 926 1476 997 pietatis
1494 934 1523 981 et
1541 924 1691 994 fidelitatis,
1710 942 1783 997 quae
1804 926 1833 980 in

146 1015 245 1077 τόκους
272 1017 385 1088 quidam
424 1017 585 1088 intelligunt
617 1017 743 1087 angelos,
773 1016 821 1087 qui
848 1028 982 1071 vocantur
1007 1013 1558 1080 futuroseoulcbeatisdistribuuntur,
1579 1012 1745 1081 00104,
1768 1029 1795 1066 s.
1813 1017 1837 1069 8.

147 1102 981 1175 110111ὶί1101).1,0.0.0.38,0.1.0010001)010000100,
1007 1101 1061 1156 Per
1091 1110 1211 1172 0001000
1236 1101 1373 1154 annalia
1402 1098 1588 1171 Hieronymus
1614 1115 1734 1170 prooem.
1755 1116 1839 1170 super

147 1190 279 1246 Israilem
291 1190 398 1246 scilicet
409 1190 588 1262 spiritualem,
602 1191 670 1262 quia
678 1190 798 1262 populus
810 1188 979 1244 lsraiiliticus
1007 1203 1104 1257 evang.
1124 1187 1223 1242 Matth.
1243 1187 1417 1259 Augustinus
1437 1185 1484 1241 lib.
1502 1192 1525 1242 1.
1544 1185 1579 1240 de
1597 1202 1720 1242 consens.
1739 1201 1837 1256 evang.

148 1281 263 1330 vocatur
279 1277 485 1346 primcpeaitua
499 1277 560 1330 Dei
576 1278 654 1342 filius
670 1276 758 1332 Exod.
777 1283 802 1346 1,
819 1293 845 1331 s.
858 1281 899 1330 22.
920 1275 980 1345 qui·
1008 1289 1067 1345 cap.
1086 1278 1110 1327 6.
1128 1281 1156 1329 01
1175 1272 1222 1328 alii
1242 1272 1402 1344 intelligunt
1419 1276 1540 1342 quatuor
1558 1270 1758 1342 evangelistas,
1778 1271 1837 1342 qui·

151 1363 214 1417 dam
233 1362 340 1418 animas
359 1380 462 1430 eorum,
483 1364 531 1434 qui
550 1363 630 1434 primi
648 1363 825 1418 crediderant
841 1360 981 1416 etmortui
1007 1357 1071 1412 dam
1090 1358 1232 1429 applicant
1252 1359 1289 1413 ad
1306 1358 1420 1429 angelos
1447 1357 1477 1413 in
1498 1365 1616 1430 quatuor
1630 1357 1721 1428 plagis
1739 1355 1836 1411 mundi

150 1448 268 1513 1000001,
288 1450 337 1520 qui
350 1450 479 1504 dicautur
497 1450 653 1519 conscripti
670 1451 701 1503 ie
720 1450 816 1517 000110,
834 1447 900 1519 quia
917 1451 982 1501 sunt
1008 1444 1070 1500 Deo
1090 1445 1286 1509 ministrantes,
1305 1444 1417 1517 quidam
1436 1444 1465 1499 10
1477 1461 1579 1516 genere
1592 1445 1628 1499 ad
1645 1461 1739 1500 omnes
1751 1443 1838 1499 eccle·

151 1536 284 1607 adscripti
296 1543 324 1591 et
343 1537 466 1606 cooptati
483 1553 547 1590 cum
567 1536 674 1607 angelis
692 1537 721 1590 in
740 1535 862 1590 ordinem
881 1534 981 1588 civium
1008 1531 1065 1587 siae
1082 1531 1234 1598 ministros,
1252 1531 1300 1603 qui
1326 1531 1429 1586 debent
1444 1547 1504 1586 esse
1523 1531 1617 1601 leones
1635 1531 1665 1584 in
1682 1530 1757 1584 vitiis
1776 1546 1837 1600 per-

152 1621 326 1693 mumdum,
352 1623 465 1695 quidam
492 1623 599 1677 animas
623 1621 844 1693 patriarcharum
867 1627 895 1674 et
919 1637 980 1690 pro·
1007 1617 1169 1687 sequendis,
1189 1618 1267 1672 bacea
1287 1617 1316 1673 in
1332 1616 1474 1672 laboribus
1493 1615 1689 1686 suscipiendis,
1715 1617 1838 1672 hemines

152 1708 297 1779 phetarum
322 1725 386 1763 cum
403 1707 513 1763 Christe
541 1709 718 1780 regnantium
743 1724 776 1763 ac
801 1723 851 1778 per
870 1707 982 1777 spiritus
1009 1719 1059 1773 per
1085 1703 1319 1774 compassionem,
1349 1703 1464 1772 aquilae
1489 1718 1540 1773 per
1565 1702 1838 1774 contemplationem,

151 1794 335 1865 perlectorum
380 1796 487 1850 animas
527 1794 714 1866 apostolorum
759 1799 788 1848 et
823 1798 983 1864 martyrum.
1010 1790 1053 1845 leo
1077 1792 1149 1846 enim
1181 1790 1337 1862 symbolum
1362 1790 1482 1859 roboris,
1508 1789 1613 1845 situlus
1637 1788 1840 1859 laboriositatis,

154 1879 325 1952 Quocunque
344 1897 409 1936 sero
424 1880 506 1937 modo
524 1881 685 1951 explicetur,
703 1880 773 1934 illud
789 1878 932 1935 evidenter
951 1895 983 1933 ex
1009 1877 1091 1932 homo
1115 1877 1294 1948 prudentiae,
1325 1878 1421 1948 aquila
1453 1876 1649 1947 perspicaciae.
1697 1876 1840 1949 Quidquid

154 1966 205 2021 hoc
236 1968 296 2022 loco
327 1968 487 2038 deducitur,
526 1967 602 2038 qnod
642 1966 752 2021 animae
784 1965 842 2021 sive
872 1965 984 2036 spiritus
1011 1963 1061 2031 sit,
1089 1980 1123 2017 er
1147 1963 1199 2018 hec
1220 1964 1326 2019 visione
1343 1963 1411 2018 00110
1428 1963 1570 2019 evidenter
1587 1963 1741 2035 colligitur,
1764 1964 1840 2035 quod

153 2059 309 2108 sanctarum
336 2053 392 2108 sint
415 2053 489 2108 cives
511 2052 645 2108 coelestes
670 2068 704 2107 ac
723 2050 799 2107 beati
815 2067 848 2106 ea
865 2050 984 2107 beatitu·
1011 2054 1071 2104 tota
1087 2049 1261 2120 triumphans
1278 2049 1424 2106 beamrum
1442 2051 1562 2105 ccclesia
1574 2050 1737 2123 angelorum
1749 2051 1841 2106 coetui

155 2138 226 2203 dine,
244 2156 301 2211 qua
318 2140 412 2212 augeli
432 2139 621 2209 perfruuntur.
1013 2135 1169 2191 intermista
1184 2136 1312 2207 Jamdum
1331 2137 1415 2191 etiam
1427 2144 1492 2193 ante
1504 2153 1649 2208 corporum
1666 2138 1840 2194 resurrectio·

190 2231 248 2282 ³00.
292 2225 326 2280 ln
352 2225 514 2297 apocalypsi
537 2225 684 2280 lohannes
711 2225 747 2280 de
764 2222 923 2279 conditione
952 2239 985 2278 ac
1012 2237 1075 2276 nem
1106 2222 1263 2277 mcessabili
1295 2238 1329 2278 ac
1360 2215 1481 2278 consona
1502 2239 1572 2287 soce
1597 2223 1688 2279 Deum
1713 2223 1841 2280 celebret

119 2354 120 2357 .
154 2317 230 2367 01010
256 2312 410 2368 animarum
435 2312 579 2367 beatarum
605 2310 724 2366 visiones
748 2309 886 2365 habentur
913 2325 985 2363 com·
1012 2324 1036 2362 0.
1065 2314 1094 2376 5,
1120 2325 1145 2363 r.
1173 2313 1197 2364 8.
1227 2316 1346 2378 quatuor
1374 2308 1514 2363 00100110
1540 2316 1567 2363 et
1593 2309 1695 2378 sipiati
1721 2318 1843 2379 quatuor

154 2399 257 2471 plures.
300 2398 372 2463 Quia
403 2397 475 2455 euim
499 2398 666 2469 praecipuus
695 2397 778 2469 hujus
800 2395 864 2450 libri
886 2411 986 2466 scopus
1013 2395 1137 2448 seniores
1150 2394 1307 2464 procidant
1346 2411 1442 2448 coram
1465 2412 1538 2464 apae
1562 2397 1673 2450 sedente
1696 2397 1726 2450 ia
1743 2396 1842 2452 tirone

155 2492 206 2556 est,
225 2483 333 2539 futuras
355 2486 487 2541 ecclesiae
505 2484 609 2540 Christi
633 2483 804 2539 calamitates
828 2489 856 2537 et
879 2498 985 2537 aerum·
1014 2482 1073 2535 Dei
1100 2479 1365 2561 intermiscente·
1390 2481 1516 2538 suburae
1548 2489 1573 2535 01
1598 2482 1714 2551 phialas
1739 2499 1843 2538 aureas

14 2587 95 2629 rivin.
111 2584 140 2627 10
155 2589 205 2627 nas
221 2589 272 2643 per
288 2572 414 2642 spiritum
436 2570 599 2642 prophetiae
623 2585 772 2641 exponere,
798 2569 861 2624 ideo
883 2568 986 2639 passim
1008 2568 1113 2636 plenae
1132 2568 1385 2639 odoramentorum,
1404 2584 1476 2637 qaae
1487 2575 1551 2620 east
1563 2579 1843 2640 precesseratoram.

155 2659 351 2729 insperguntur
386 2656 513 2712 efficaces
545 2656 747 2712 consolationes
782 2653 986 2710 calamitatibus
1013 2653 1159 2718 (Citharae
1196 2661 1261 2709 sunt
1287 2654 1444 2725 symbolum
1474 2655 1626 2726 gratimum
1668 2656 1783 2712 actionis
1815 2662 1844 2713 et

154 2744 211 2799 illis
235 2743 429 2814 opponendae,
459 2742 532 2798 inter
563 2759 633 2813 quas
658 2741 760 2795 eminet
778 2757 825 2805 ea,
855 2756 927 2812 quse
953 2756 986 2793 ex
1013 2740 1123 2795 (1101000
1157 2741 1247 2795 laudis
1282 2758 1345 2796 cum
1382 2758 1489 2796 summa
1523 2741 1630 2798 laetitia
1666 2744 1838 2814 conjunctae.

153 2830 244 2902 gloria
262 2829 389 2897 coelesti,
414 2831 444 2885 in
468 2845 551 2902 quam
567 2828 607 2898 pii
634 2844 668 2882 ex
689 2827 741 2883 hac
769 2827 827 2882 vita
844 2825 986 2880 disceden·
1012 2827 1134 2882 Plinius
1152 2828 1454 2898 odmamaatispleaae
1466 2827 1623 2899 significant
1637 2828 1840 2886 invocationem

156 2923 198 2972 tes
215 2916 402 2986 recipiuntur,
419 2916 476 2988 peti
501 2914 592 2971 debet.
640 2914 728 2985 Apoe.
748 2919 778 2979 1,
808 2930 835 2968 s.
861 2918 887 2971 t.
910 2912 987 2967 ridet
1013 2921 1041 2969 01
1058 2929 1155 2984 preces
1173 2912 1235 2968 Deo
1252 2919 1363 2986 300100,
1387 2914 1460 2969 01001
1477 2914 1581 2970 homini
1599 2920 1697 2986 gratus
1716 2923 1759 2973 est
1775 2917 1843 2973 odor

155 3002 298 3061 lohannes
322 3002 353 3055 ia
371 3002 473 3071 spirita
492 3003 607 3056 tirones
628 3001 731 3072 sipisti
747 3000 916 3072 0001000110
933 2999 986 3052 cir-
1013 2998 1225 3055 arcmaticcrum
1250 2998 1477 3057 suffimentorum.
1523 3001 1655 3066 Quamvis
1675 3003 1748 3057 euim
1767 3003 1844 3060 beati

156 3090 233 3145 00110
253 3089 346 3144 divim
363 3088 458 3143 tironi
475 3089 699 3159 penitentiaque
719 3087 872 3141 insidentes
886 3085 988 3154 oipinti
1013 3084 1042 3138 in
1059 3083 1153 3139 tuturo
1171 3085 1265 3141 seculo
1282 3102 1333 3156 prc
1351 3103 1381 3142 ae
1399 3086 1466 3157 ipsis
1485 3103 1540 3144 non
1559 3105 1628 3159 opus
1648 3088 1770 3145 habeant
1783 3107 1844 3161 pre-

157 3184 279 3246 qaataar
310 3175 434 3230 00010000
461 3174 684 3231 circumamictas
714 3173 882 3228 uestimentis
913 3172 987 3226 01010
1013 3170 1101 3240 cibus,
1120 3170 1242 3226 dubitari
1258 3178 1351 3227 tamen
1369 3173 1476 3246 nequit,
1496 3175 1563 3245 quin
1580 3193 1630 3247 pro
1647 3174 1737 3231 salute
1756 3177 1843 3233 eccle-

158 3261 332 3316 0110000100
357 3261 387 3314 iu
411 3259 548 3332 capitibus
574 3276 695 3313 0000000
711 3276 823 3314 aureas.
852 3276 878 3315 v.
896 3263 920 3314 6.
950 3258 987 3310 Ia
1014 3257 1085 3326 0100,
1124 3274 1208 3327 quam
1238 3257 1268 3312 in
1300 3258 1382 3312 terris
1412 3259 1465 3314 sub
1495 3276 1576 3316 eruce
1602 3261 1696 3318 adhuc
1727 3262 1844 3321 militare

159 3348 284 3418 ejusdem
314 3347 391 3400 sedis
428 3346 546 3401 circuita
579 3347 658 3399 videt
691 3354 812 3414 quatuor
848 3345 987 3399 00100110
1013 3343 1199 3411 00000001,ῐο
1216 3343 1294 3400 coelo
1305 3347 1400 3413 orent)
1419 3362 1445 3399 s.
1457 3346 1694 3401 succensebant
1705 3349 1844 3404 00011000

155 3433 244 3504 pisca
252 3433 342 3488 000110
350 3439 413 3487 ante
422 3440 542 3501 otretro,
556 3449 581 3485 v.
590 3437 612 3486 1.
622 3431 758 3501 eeqaibus
762 3432 888 3499 primam
896 3431 988 3485 0100110
1015 3447 1113 3485 navum
1141 3430 1282 3485 dieentes:
1318 3431 1432 3498 Dipsas
1463 3448 1492 3486 es
1520 3434 1649 3502 accipere
1679 3435 1781 3489 libram
1817 3443 1844 3490 01

160 3527 223 3573 arat
241 3518 322 3588 bont,
342 3519 463 3573 01100000
478 3517 576 3583 vitale,
592 3515 704 3570 tertium
721 3514 839 3578 homiui,
858 3524 988 3583 quamam
1014 3515 1127 3585 aperire
1155 3517 1304 3586 sipaacala
1336 3517 1411 3584 ejas,
1447 3518 1578 3586 queniam
1614 3520 1722 3574 0001000
1757 3538 1786 3576 es
1818 3529 1844 3576 et

161 3605 368 3675 0001100011.
388 3604 508 3672 Sicania
531 3603 667 3657 habehant
692 3601 756 3655 alae
780 3616 863 3653 00000
887 3602 917 3653 in
936 3604 989 3654 cir·
1013 3600 1160 3656 redemisti
1183 3619 1234 3656 aaa
1253 3605 1316 3657 Deo
1338 3604 1369 3656 irs
1394 3605 1530 3671 sanquine
1554 3613 1601 3659 tuo
1627 3623 1660 3660 ea
1678 3608 1754 3660 omni
1768 3608 1845 3663 tribu

162 3694 252 3754 00110,
272 3691 390 3744 0110100
410 3691 500 3761 pleae
519 3696 600 3743 eram
617 3688 723 3753 000110,
746 3694 773 3740 01
794 3687 917 3757 requiem
934 3705 989 3740 ooo
1016 3696 1051 3756 01,
1072 3689 1172 3758 linpaa
1200 3696 1228 3743 et
1251 3689 1360 3759 papale
1388 3698 1413 3744 et
1446 3691 1567 3749 satiasse.
1613 3692 1678 3760 (Per
1705 3695 1844 3750 00011000

161 3779 310 3842 habebant,
335 3776 382 3828 die
399 3792 432 3826 ac
450 3785 527 3831 nacte
546 3776 685 3829 dicentia:
710 3773 845 3837 8000100,
869 3780 990 3840 sauctae,
1015 3792 1116 3827 socam
1133 3775 1298 3845 intelligitur
1325 3775 1428 3830 laetum
1454 3776 1608 3848 ἐπινίκιον,
1632 3779 1706 3850 quod
1723 3780 1797 3835 beati
1815 3780 1844 3834 in

162 3871 273 3918 sauctus
294 3861 435 3918 Dominus
454 3862 535 3915 Dosse
552 3861 733 3931 omnipotens,
754 3860 880 3928 0010001
898 3866 923 3910 et
942 3860 991 3927 qai
1015 3860 1091 3916 coelo
1113 3866 1233 3928 0001001,
1251 3860 1322 3916 illud
1334 3861 1436 3916 dicitur
1447 3881 1556 3932 meam,
1576 3864 1643 3937 quia
1660 3873 1702 3920 est
1714 3866 1843 3921 eximium

163 3960 203 4003 eet
221 3958 247 4002 et
264 3949 315 4020 qai
338 3955 469 4001 venturae
496 3955 543 4002 eat.
573 3963 599 4005 v.
620 3952 643 4002 0.
662 3949 702 4001 Et
724 3963 787 3999 cam
811 3947 912 4000 darent
929 3946 989 3999 ani·
1017 3952 1045 4000 01
1063 3946 1172 4018 insigne
1190 3964 1253 4002 cum
1271 3947 1406 4019 singulari
1423 3948 1529 4004 laetitia
1547 3951 1733 4021 conjunctum,
1751 3953 1845 4022 qualia
1859 3964 1977 4008 1000.ιο

164 4035 252 4089 maiia
269 4035 323 4088 ilia
336 4033 458 4106 pieriam
478 4040 505 4086 et
522 4033 652 4087 1000000
667 4040 693 4086 01
713 4032 931 4085 benedictionem
949 4047 989 4084 se·
1017 4031 1107 4086 solent
1124 4048 1192 4101 esse,
1207 4051 1278 4106 quae
1288 4041 1491 4107 componuntur
1500 4044 1612 4109 propter
1620 4054 1722 4092 novum
1731 4038 1843 4111 aliquod

164 4121 241 4175 denti
266 4138 350 4190 saper
377 4120 514 4182 thronum,
532 4118 633 4171 0100011
655 4118 685 4171 ia
708 4116 804 4171 secula
827 4117 991 4182 ascalonas,
1016 4116 1200 4186 beneficium.)
1216 4136 1242 4174 0.
1266 4126 1305 4177 10.
1338 4123 1377 4175 Et
1391 4122 1489 4185 fecisti
1504 4140 1556 4176 aas
1574 4125 1637 4177 Deo
1657 4132 1753 4178 nostro
1766 4142 1845 4191 repes

163 4225 189 4261 v.
203 4264 206 4272 ,
219 4211 258 4262 10.
284 4207 469 4277 procidebant
501 4205 601 4273 eipinti
628 4213 746 4275 quatuor
775 4205 899 4258 seniores
928 4212 992 4258 ante
1018 4202 1187 4274 (spirituales
1213 4220 1246 4259 ae
1268 4206 1399 4262 coelestes
1422 4206 1530 4273 mortis,
1557 4207 1660 4264 diaboli
1688 4218 1717 4265 et
1745 4210 1845 4266 inferni

164 4294 304 4347 sedentem
322 4294 352 4346 ia
369 4292 468 4346 tireno
485 4299 512 4345 et
523 4292 682 4346 adorabant
699 4291 831 4344 cicentem
847 4291 878 4344 ic
889 4291 991 4354 ,000010
1018 4291 1136 4344 victores
1154 4305 1188 4344 ac
1207 4289 1341 4359 dominos)
1355 4301 1382 4345 et
1396 4296 1554 4348 sacedotes
1572 4294 1729 4362 (offerentes
1742 4296 1846 4354 hostias

164 4388 190 4433 et
207 4379 349 4433 0001100001
380 4381 498 4432 eorem
518 4395 584 4431 suas
613 4385 677 4433 aute
694 4378 821 4431 thronum
853 4378 990 4433 dicentes:
1018 4375 1174 4447 spirituales
1197 4373 1288 4429 laudis
1303 4392 1336 4431 ac
1356 4377 1507 4448 gratiarum
1526 4380 1652 4447 actionis)
1671 4390 1697 4436 et
1716 4384 1845 4453 regnabi-

165 4484 189 4519 s.
212 4470 250 4520 11.
281 4465 394 4532 Dipaia
422 4480 451 4516 ee
480 4464 603 4519 Domine
633 4466 714 4518 Deae
742 4471 835 4517 aester
862 4464 991 4534 accipere
1018 4481 1078 4518 mus
1102 4479 1187 4532 00000
1214 4471 1318 4515 terram
1344 4463 1384 4530 (in
1410 4480 1481 4519 novo
1511 4466 1587 4521 coelo
1614 4485 1648 4522 ac
1677 4485 1749 4524 nova
1772 4477 1846 4527 terra

162 4552 286 4622 pieriam
315 4558 341 4606 et
364 4551 492 4604 hermem
518 4560 546 4605 et
567 4551 708 4614 virtatem,
742 4550 811 4620 quia
835 4559 864 4603 tu
888 4552 994 4604 creasti
1019 4556 1042 4604 2.
1059 4548 1135 4605 Petr.
1154 4554 1183 4615 3,
1200 4565 1227 4604 s.
1247 4551 1307 4615 ta).
1327 4566 1353 4603 v.
1385 4555 1425 4605 11.
1450 4552 1490 4604 Et
1507 4552 1568 4605 cidi
1593 4562 1619 4608 et
1636 4557 1845 4611 audivivocem

166 4639 259 4694 omnia
279 4645 304 4692 et
316 4652 371 4707 per
388 4644 465 4689 tuam
489 4638 658 4692 volantatem
675 4645 739 4691 suat
758 4646 783 4691 et
803 4645 900 4691 creata
917 4645 989 4690 aaut.
1018 4636 1181 4704 0090100001
1196 4635 1345 4688 multorum
1360 4635 1390 4688 ia
1404 4636 1523 4691 circuitu
1534 4638 1629 4694 throni
1641 4650 1667 4694 01
1678 4642 1845 4697 animalium

162 4725 218 4780 Per
235 4725 336 4793 vipinti
359 4730 476 4795 pmtaor
495 4725 621 4779 seniores
640 4724 758 4796 intelligi
778 4724 905 4780 ridentur
924 4723 990 4778 duo·
1019 4721 1331 4788 arcesseremusne
1347 4737 1587 4776 dammucensem
1606 4727 1709 4781 millies
1729 4737 1845 4784 centena

165 4811 255 4865 decim
278 4808 452 4882 patriarchae
479 4824 512 4862 ac
542 4811 688 4865 duodecim
709 4810 841 4881 apostoli,
868 4810 922 4865 hoc
949 4815 992 4864 001
1018 4808 1111 4863 millia
1134 4815 1159 4861 et
1183 4806 1275 4862 decies
1297 4815 1413 4861 centena
1437 4809 1529 4862 millia
1554 4810 1617 4876 (hoc
1641 4821 1684 4867 est
1710 4815 1844 4871 maximus

164 4912 257 4953 omues
282 4895 324 4965 pii
348 4912 381 4950 ac
404 4893 501 4949 fideles
522 4895 664 4967 utriusque
690 4897 847 4952 testamenti
866 4895 990 4968 adeoque
1019 4903 1048 4952 et
1072 4894 1175 4950 homini
1200 4892 1414 4949 innumerabilis
1442 4896 1513 4953 Dan.
1543 4903 1573 4963 1,
1599 4917 1625 4954 s.
1656 4905 1718 4967 lb),
1749 4921 1774 4956 0.
1805 4909 1844 4960 11.

164 4989 225 5037 1010
243 4980 416 5054 triumphans
439 4979 469 5033 in
487 4978 563 5033 00010
583 4981 714 5046 ecclesia,
741 4987 772 5035 ut
788 4982 940 5053 percipitur
955 4999 990 5037 ex
1019 4982 1168 5037 anemium
1193 4998 1258 5034 voce
1283 4999 1403 5050 mapsa:
1435 4985 1549 5052 Dipsas
1582 4994 1623 5040 001
1653 4989 1765 5056 Apsus,
1797 4990 1847 5059 qai

165 5067 320 5136 collatione¹
339 5083 362 5120 c.
382 5074 412 5130 5,
437 5079 462 5118 r.
481 5069 504 5118 9.
524 5071 552 5118 01
572 5069 613 5119 10.
655 5064 695 5122 Ut
714 5067 786 5120 enim
811 5068 991 5124 aduodecim
1019 5070 1123 5123 0001000
1143 5076 1199 5137 est,
1216 5067 1344 5137 accipere
1363 5069 1492 5122 virtatem
1512 5078 1538 5124 et
1556 5072 1671 5127 divitias
1690 5081 1717 5126 et
1736 5075 1846 5144 sapies·

164 5155 219 5209 illis
242 5151 405 5224 patriarchis
428 5154 502 5204 totus
526 5149 646 5220 populus
664 5151 833 5206 israeliticus
857 5153 911 5208 1011
929 5170 991 5225 pro·
1020 5156 1088 5210 tiam
1118 5162 1144 5207 et
1166 5155 1368 5223 fortitudinem
1400 5164 1426 5209 et
1458 5157 1589 5212 00001001
1621 5167 1647 5212 01
1676 5159 1800 5230 pluriam
1823 5169 1848 5215 et

163 5248 291 5312 pagatus,
311 5239 352 5294 ita
374 5253 483 5308 quoque
501 5236 651 5291 ministerio
669 5239 853 5308 apostolarum
876 5239 992 5294 ecclesia
1020 5241 1243 5297 bmedicticnem.
1284 5239 1328 5294 Ex
1353 5257 1409 5312 qua
1425 5241 1530 5297 risione
1556 5243 1647 5299 denuo
1671 5246 1848 5317 conspicitur,

166 5328 198 5385 N.
216 5326 250 5382 T.
276 5326 382 5382 Christo
409 5323 503 5393 colligi
531 5323 586 5377 fuit
605 5329 711 5394 coepta.
762 5324 817 5379 Sed
848 5331 876 5379 et
900 5325 992 5380 David
1021 5327 1116 5383 beatos
1142 5326 1171 5379 in
1187 5327 1263 5381 coelo
1290 5343 1345 5381 nou
1370 5326 1457 5383 otiose
1484 5327 1602 5384 dormire
1630 5347 1663 5384 ac
1697 5331 1847 5404 quiescere,

166 5412 265 5484 viginti
284 5415 400 5480 quatuor
418 5428 550 5481 personas
567 5409 749 5475 ordinaverat,
768 5428 838 5482 quae
851 5427 900 5480 per
919 5412 992 5466 vices
1020 5412 1069 5466 scd
1095 5429 1151 5467 una
1176 5429 1240 5467 cum
1263 5413 1366 5467 sanctis
1391 5412 1497 5485 angelis
1525 5415 1666 5472 sedentem
1694 5417 1724 5472 in
1751 5417 1848 5476 1100οο

168 5494 317 5553 ministerio
340 5510 418 5551 sacro
440 5494 475 5551 V.
489 5495 522 5549 T.
542 5502 679 5567 praesent,
697 5513 731 5551 ac
749 5496 894 5552 duodecim
908 5495 943 5552 V.
959 5495 992 5549 Τ.
1021 5496 1143 5553 laudare.
1181 5514 1241 5569 cap.
1263 5504 1287 5562 t,
1306 5516 1331 5553 v.
1353 5505 1382 5556 9:
1414 5500 1480 5556 Vidi
1499 5503 1595 5556 001100
1620 5503 1713 5558 altare
1737 5507 1848 5565 animae

165 5587 346 5639 numeramur
359 5582 511 5653 prophetae
531 5581 586 5637 κατ’
606 5582 704 5653 ἐξοχὴν
723 5583 763 5640 sic
777 5583 851 5650 dicti,
872 5581 920 5656 qui
937 5598 993 5638 una
1021 5585 1232 5648 interfectorum
1267 5595 1386 5659 propter
1428 5589 1539 5645 verbam
1576 5591 1636 5648 Dei
1675 5599 1700 5651 et
1729 5601 1848 5675 propter
