<?xml version="1.0" encoding="UTF-8"?>
<!DOCTYPE html PUBLIC "-//W3C//DTD XHTML 1.0 Transitional//EN"
    "http://www.w3.org/TR/xhtml1/DTD/xhtml1-transitional.dtd">
<html xmlns="http://www.w3.org/1999/xhtml" xml:lang="en" lang="en">
 <head>
  <title>
</title>
<meta http-equiv="Content-Type" content="text/html;charset=utf-8" />
  <meta name='ocr-system' content='tesseract 3.04.00' />
  <meta name='ocr-capabilities' content='ocr_page ocr_carea ocr_par ocr_line ocrx_word'/>
</head>
<body>
  <div class='ocr_page' id='page_1' title='image "./locitheologicit00gerhgoog/locitheologicit00gerhgoog_0083.png"; bbox 0 0 4104 6014; ppageno 0'>
   <div class='ocr_carea' id='block_1_1' title="bbox 301 308 1404 380">
    <p class='ocr_par' dir='ltr' id='par_1_1' title="bbox 301 308 1404 380">
     <span class='ocr_line' id='line_1_1' title="bbox 301 308 1404 380; baseline 0.005 -17"><span class='ocrx_word' id='word_1_1' title='bbox 301 323 339 380; x_wconf 79' lang='lat'>72</span> <span class='ocrx_word' id='word_1_2' title='bbox 894 311 1015 369; x_wconf 84' lang='lat' dir='ltr'>LOCUS</span> <span class='ocrx_word' id='word_1_3' title='bbox 1033 308 1238 368; x_wconf 71' lang='lat' dir='ltr'>vicemalus</span> <span class='ocrx_word' id='word_1_4' title='bbox 1257 311 1404 369; x_wconf 80' lang='lat' dir='ltr'>SEXTUS</span> 
     </span>
    </p>
   </div>
   <div class='ocr_carea' id='block_1_2' title="bbox 175 464 2009 5620">
    <p class='ocr_par' dir='ltr' id='par_1_2' title="bbox 175 464 2009 5620">
     <span class='ocr_line' id='line_1_2' title="bbox 300 464 1996 540; baseline -0.002 -18"><span class='ocrx_word' id='word_1_5' title='bbox 300 470 348 522; x_wconf 91' lang='lat' dir='ltr'>ubi</span> <span class='ocrx_word' id='word_1_6' title='bbox 372 470 515 523; x_wconf 66' lang='lat' dir='ltr'>caudium</span> <span class='ocrx_word' id='word_1_7' title='bbox 547 469 598 530; x_wconf 89' lang='lat' dir='ltr'>sit,</span> <span class='ocrx_word' id='word_1_8' title='bbox 630 469 718 535; x_wconf 73' lang='lat' dir='ltr'>nord,</span> <span class='ocrx_word' id='word_1_9' title='bbox 752 467 844 538; x_wconf 88' lang='lat' dir='ltr'>inquit</span> <span class='ocrx_word' id='word_1_10' title='bbox 869 465 1046 520; x_wconf 84' lang='lat' dir='ltr'>Atbanasius.</span> <span class='ocrx_word' id='word_1_11' title='bbox 1098 464 1132 518; x_wconf 88' lang='lat' dir='ltr'>ln</span> <span class='ocrx_word' id='word_1_12' title='bbox 1162 466 1315 521; x_wconf 82' lang='lat' dir='ltr'>retricibus</span> <span class='ocrx_word' id='word_1_13' title='bbox 1333 467 1519 536; x_wconf 75' lang='lat' dir='ltr'>ubiqueipnis</span> <span class='ocrx_word' id='word_1_14' title='bbox 1534 469 1772 540; x_wconf 79' lang='lat' dir='ltr'>praeferebatur,-</span> <span class='ocrx_word' id='word_1_15' title='bbox 1790 466 1883 520; x_wconf 89' lang='lat' dir='ltr'>sancti</span> <span class='ocrx_word' id='word_1_16' title='bbox 1901 473 1996 519; x_wconf 71' lang='lat' dir='ltr'>arcem</span> 
     </span>
     <span class='ocr_line' id='line_1_3' title="bbox 300 551 1998 624; baseline -0.004 -14"><span class='ocrx_word' id='word_1_17' title='bbox 300 555 417 610; x_wconf 90' lang='lat' dir='ltr'>concilio</span> <span class='ocrx_word' id='word_1_18' title='bbox 437 554 591 610; x_wconf 82' lang='lat' dir='ltr'>Elibertino</span> <span class='ocrx_word' id='word_1_19' title='bbox 608 559 732 624; x_wconf 89' lang='lat' dir='ltr'>tempore</span> <span class='ocrx_word' id='word_1_20' title='bbox 751 551 924 608; x_wconf 76' lang='lat' dir='ltr'>Constantini</span> <span class='ocrx_word' id='word_1_21' title='bbox 948 551 1044 622; x_wconf 72' lang='lat' dir='ltr'>Magni</span> <span class='ocrx_word' id='word_1_22' title='bbox 1062 551 1132 605; x_wconf 87' lang='lat' dir='ltr'>cele·</span> <span class='ocrx_word' id='word_1_23' title='bbox 1159 571 1226 608; x_wconf 85' lang='lat' dir='ltr'>cera</span> <span class='ocrx_word' id='word_1_24' title='bbox 1243 555 1337 624; x_wconf 83' lang='lat' dir='ltr'>picria</span> <span class='ocrx_word' id='word_1_25' title='bbox 1356 571 1428 607; x_wconf 87' lang='lat' dir='ltr'>nunc</span> <span class='ocrx_word' id='word_1_26' title='bbox 1444 556 1582 617; x_wconf 74' lang='lat' dir='ltr'>fruuntur</span> <span class='ocrx_word' id='word_1_27' title='bbox 1604 563 1632 608; x_wconf 88' lang='lat' dir='ltr'>et</span> <span class='ocrx_word' id='word_1_28' title='bbox 1656 573 1717 608; x_wconf 86' lang='lat' dir='ltr'>cum</span> <span class='ocrx_word' id='word_1_29' title='bbox 1736 554 1847 608; x_wconf 69' lang='lat' dir='ltr'>ott-ura</span> <span class='ocrx_word' id='word_1_30' title='bbox 1866 560 1998 621; x_wconf 80' lang='lat' dir='ltr'>repuens,</span> 
     </span>
     <span class='ocr_line' id='line_1_4' title="bbox 300 636 1997 711; baseline -0.003 -15"><span class='ocrx_word' id='word_1_31' title='bbox 300 641 380 696; x_wconf 84' lang='lat' dir='ltr'>bruto</span> <span class='ocrx_word' id='word_1_32' title='bbox 397 658 456 695; x_wconf 84' lang='lat' dir='ltr'>can.</span> <span class='ocrx_word' id='word_1_33' title='bbox 477 647 517 697; x_wconf 79' lang='grc'>34.</span> <span class='ocrx_word' id='word_1_34' title='bbox 535 657 677 696; x_wconf 86' lang='lat' dir='ltr'>cereorum</span> <span class='ocrx_word' id='word_1_35' title='bbox 690 639 816 694; x_wconf 73' lang='lat' dir='ltr'>accensio</span> <span class='ocrx_word' id='word_1_36' title='bbox 835 639 865 692; x_wconf 92' lang='lat' dir='ltr'>in</span> <span class='ocrx_word' id='word_1_37' title='bbox 882 636 1051 693; x_wconf 87' lang='lat' dir='ltr'>coemeteriis</span> <span class='ocrx_word' id='word_1_38' title='bbox 1071 653 1134 707; x_wconf 88' lang='lat' dir='ltr'>pro·</span> <span class='ocrx_word' id='word_1_39' title='bbox 1159 649 1189 694; x_wconf 87' lang='lat' dir='ltr'>ut</span> <span class='ocrx_word' id='word_1_40' title='bbox 1207 642 1358 694; x_wconf 71' lang='lat' dir='ltr'>memmae</span> <span class='ocrx_word' id='word_1_41' title='bbox 1382 640 1499 693; x_wconf 88' lang='lat' dir='ltr'>illorum</span> <span class='ocrx_word' id='word_1_42' title='bbox 1515 641 1590 711; x_wconf 77' lang='lat' dir='ltr'>ipnis</span> <span class='ocrx_word' id='word_1_43' title='bbox 1616 643 1733 694; x_wconf 84' lang='lat' dir='ltr'>accendi</span> <span class='ocrx_word' id='word_1_44' title='bbox 1755 642 1856 711; x_wconf 71' lang='lat' dir='ltr'>passu.</span> <span class='ocrx_word' id='word_1_45' title='bbox 1907 638 1997 692; x_wconf 85' lang='lat' dir='ltr'>Deui-</span> 
     </span>
     <span class='ocr_line' id='line_1_5' title="bbox 302 717 1997 796; baseline -0.003 -14"><span class='ocrx_word' id='word_1_46' title='bbox 302 727 425 783; x_wconf 90' lang='lat' dir='ltr'>hibetur:</span> <span class='ocrx_word' id='word_1_47' title='bbox 448 727 550 782; x_wconf 82' lang='lat' dir='ltr'>Cereus</span> <span class='ocrx_word' id='word_1_48' title='bbox 563 744 617 796; x_wconf 89' lang='lat' dir='ltr'>per</span> <span class='ocrx_word' id='word_1_49' title='bbox 636 727 710 780; x_wconf 86' lang='lat' dir='ltr'>diem</span> <span class='ocrx_word' id='word_1_50' title='bbox 725 725 836 794; x_wconf 77' lang='lat' dir='ltr'><em>placuit</em></span> <span class='ocrx_word' id='word_1_51' title='bbox 854 723 883 776; x_wconf 89' lang='lat' dir='ltr'>in</span> <span class='ocrx_word' id='word_1_52' title='bbox 898 724 1060 777; x_wconf 84' lang='lat' dir='ltr'>coemeterio</span> <span class='ocrx_word' id='word_1_53' title='bbox 1079 740 1135 775; x_wconf 85' lang='lat' dir='ltr'>aon</span> <span class='ocrx_word' id='word_1_54' title='bbox 1162 743 1213 794; x_wconf 80' lang='lat' dir='ltr'>qne</span> <span class='ocrx_word' id='word_1_55' title='bbox 1232 727 1306 794; x_wconf 78' lang='lat' dir='ltr'>ipris</span> <span class='ocrx_word' id='word_1_56' title='bbox 1324 727 1433 795; x_wconf 78' lang='lat' dir='ltr'>ciprum</span> <span class='ocrx_word' id='word_1_57' title='bbox 1452 717 1492 779; x_wconf 80' lang='lat' dir='ltr'>est</span> <span class='ocrx_word' id='word_1_58' title='bbox 1511 728 1593 782; x_wconf 87' lang='lat' dir='ltr'>ritae.</span> <span class='ocrx_word' id='word_1_59' title='bbox 1608 727 1732 795; x_wconf 81' lang='lat' dir='ltr'>proinde</span> <span class='ocrx_word' id='word_1_60' title='bbox 1751 726 1840 779; x_wconf 79' lang='lat' dir='ltr'>cereis</span> <span class='ocrx_word' id='word_1_61' title='bbox 1856 732 1997 794; x_wconf 86' lang='lat' dir='ltr'>protesta-</span> 
     </span>
     <span class='ocr_line' id='line_1_6' title="bbox 302 808 1998 883; baseline -0.005 -17"><span class='ocrx_word' id='word_1_62' title='bbox 302 813 430 879; x_wconf 82' lang='lat' dir='ltr'>incendi,</span> <span class='ocrx_word' id='word_1_63' title='bbox 453 813 633 883; x_wconf 70' lang='lat' dir='ltr'>inquietandi</span> <span class='ocrx_word' id='word_1_64' title='bbox 659 812 730 864; x_wconf 74' lang='lat' dir='ltr'>enim</span> <span class='ocrx_word' id='word_1_65' title='bbox 757 817 916 863; x_wconf 66' lang='lat' dir='ltr'>sannorum</span> <span class='ocrx_word' id='word_1_66' title='bbox 944 808 1062 877; x_wconf 77' lang='lat' dir='ltr'>ept&#39;rt&#39;iue</span> <span class='ocrx_word' id='word_1_67' title='bbox 1079 824 1136 860; x_wconf 79' lang='lat' dir='ltr'>uon</span> <span class='ocrx_word' id='word_1_68' title='bbox 1163 831 1237 878; x_wconf 76' lang='lat' dir='ltr'>mur,</span> <span class='ocrx_word' id='word_1_69' title='bbox 1256 814 1348 867; x_wconf 75' lang='lat' dir='ltr'>uivere</span> <span class='ocrx_word' id='word_1_70' title='bbox 1367 820 1526 866; x_wconf 75' lang='lat' dir='ltr'>sanctorum</span> <span class='ocrx_word' id='word_1_71' title='bbox 1545 813 1655 865; x_wconf 75' lang='lat' dir='ltr'>animas</span> <span class='ocrx_word' id='word_1_72' title='bbox 1674 813 1782 882; x_wconf 75' lang='lat' dir='ltr'>etipsa</span> <span class='ocrx_word' id='word_1_73' title='bbox 1803 829 1926 880; x_wconf 78' lang='lat' dir='ltr'>corpora</span> <span class='ocrx_word' id='word_1_74' title='bbox 1946 828 1998 864; x_wconf 77' lang='lat' dir='ltr'>seso</span> 
     </span>
     <span class='ocr_line' id='line_1_7' title="bbox 302 892 1998 969; baseline -0.001 -18"><span class='ocrx_word' id='word_1_75' title='bbox 302 907 380 965; x_wconf 89' lang='lat' dir='ltr'>sunt,</span> <span class='ocrx_word' id='word_1_76' title='bbox 416 898 465 967; x_wconf 77' lang='lat' dir='ltr'>qui</span> <span class='ocrx_word' id='word_1_77' title='bbox 487 898 555 952; x_wconf 83' lang='lat' dir='ltr'>baec</span> <span class='ocrx_word' id='word_1_78' title='bbox 580 915 636 950; x_wconf 87' lang='lat' dir='ltr'>non</span> <span class='ocrx_word' id='word_1_79' title='bbox 664 896 886 961; x_wconf 80' lang='lat' dir='ltr'>observaverint,</span> <span class='ocrx_word' id='word_1_80' title='bbox 919 902 1070 947; x_wconf 70' lang='lat' dir='ltr'>arceantur</span> <span class='ocrx_word' id='word_1_81' title='bbox 1101 892 1136 944; x_wconf 77' lang='lat' dir='ltr'>ab</span> <span class='ocrx_word' id='word_1_82' title='bbox 1163 907 1287 967; x_wconf 86' lang='lat' dir='ltr'>tempore</span> <span class='ocrx_word' id='word_1_83' title='bbox 1316 900 1432 952; x_wconf 83' lang='lat' dir='ltr'>uictura.</span> <span class='ocrx_word' id='word_1_84' title='bbox 1480 897 1539 952; x_wconf 91' lang='lat' dir='ltr'>Has</span> <span class='ocrx_word' id='word_1_85' title='bbox 1570 897 1785 969; x_wconf 77' lang='lat' dir='ltr'>significationes</span> <span class='ocrx_word' id='word_1_86' title='bbox 1818 914 1998 952; x_wconf 77' lang='lat' dir='ltr'>accensorum</span> 
     </span>
     <span class='ocr_line' id='line_1_8' title="bbox 302 979 1998 1054; baseline -0.001 -16"><span class='ocrx_word' id='word_1_87' title='bbox 302 985 436 1039; x_wconf 73' lang='lat' dir='ltr'>ecelmiae</span> <span class='ocrx_word' id='word_1_88' title='bbox 453 984 651 1038; x_wconf 84' lang='lat' dir='ltr'>communione.</span> <span class='ocrx_word' id='word_1_89' title='bbox 669 1000 729 1038; x_wconf 92' lang='lat' dir='ltr'>can.</span> <span class='ocrx_word' id='word_1_90' title='bbox 749 988 790 1038; x_wconf 85' lang='lat'>35.</span> <span class='ocrx_word' id='word_1_91' title='bbox 809 980 991 1052; x_wconf 90' lang='lat' dir='ltr'>prohibentur</span> <span class='ocrx_word' id='word_1_92' title='bbox 1009 979 1136 1049; x_wconf 77' lang='lat' dir='ltr'>vigiliae:</span> <span class='ocrx_word' id='word_1_93' title='bbox 1163 1001 1303 1040; x_wconf 76' lang='lat' dir='ltr'>cereorum</span> <span class='ocrx_word' id='word_1_94' title='bbox 1323 1001 1378 1038; x_wconf 82' lang='lat' dir='ltr'>non</span> <span class='ocrx_word' id='word_1_95' title='bbox 1397 982 1602 1053; x_wconf 77' lang='lat' dir='ltr'>improbamus,</span> <span class='ocrx_word' id='word_1_96' title='bbox 1632 984 1679 1038; x_wconf 88' lang='lat' dir='ltr'>sed</span> <span class='ocrx_word' id='word_1_97' title='bbox 1699 983 1770 1037; x_wconf 88' lang='lat' dir='ltr'>illud</span> <span class='ocrx_word' id='word_1_98' title='bbox 1788 989 1845 1053; x_wconf 88' lang='lat' dir='ltr'>est,</span> <span class='ocrx_word' id='word_1_99' title='bbox 1873 983 1948 1054; x_wconf 90' lang='lat' dir='ltr'>qnod</span> <span class='ocrx_word' id='word_1_100' title='bbox 1970 983 1998 1036; x_wconf 90' lang='lat' dir='ltr'>in</span> 
     </span>
     <span class='ocr_line' id='line_1_9' title="bbox 304 1066 1999 1140; baseline -0.002 -14"><span class='ocrx_word' id='word_1_101' title='bbox 304 1071 419 1126; x_wconf 85' lang='lat' dir='ltr'>Placuit</span> <span class='ocrx_word' id='word_1_102' title='bbox 433 1069 599 1140; x_wconf 82' lang='lat' dir='ltr'>probibere,</span> <span class='ocrx_word' id='word_1_103' title='bbox 628 1086 663 1122; x_wconf 72' lang='grc' dir='ltr'>πθ</span> <span class='ocrx_word' id='word_1_104' title='bbox 688 1070 813 1132; x_wconf 63' lang='lat' dir='ltr'>seminat</span> <span class='ocrx_word' id='word_1_105' title='bbox 836 1069 867 1121; x_wconf 68' lang='lat' dir='ltr'>iu</span> <span class='ocrx_word' id='word_1_106' title='bbox 893 1066 1054 1121; x_wconf 75' lang='lat' dir='ltr'>coemuerio</span> <span class='ocrx_word' id='word_1_107' title='bbox 1072 1082 1137 1135; x_wconf 72' lang='lat' dir='ltr'>ptr·</span> <span class='ocrx_word' id='word_1_108' title='bbox 1163 1069 1317 1125; x_wconf 88' lang='lat' dir='ltr'>Pontificiis</span> <span class='ocrx_word' id='word_1_109' title='bbox 1346 1070 1510 1140; x_wconf 71' lang='lat' dir='ltr'>corruptelis</span> <span class='ocrx_word' id='word_1_110' title='bbox 1543 1070 1720 1135; x_wconf 77' lang='lat' dir='ltr'>damnamus,</span> <span class='ocrx_word' id='word_1_111' title='bbox 1752 1070 1825 1139; x_wconf 89' lang='lat' dir='ltr'>quod</span> <span class='ocrx_word' id='word_1_112' title='bbox 1856 1085 1999 1124; x_wconf 88' lang='lat' dir='ltr'>cereorum</span> 
     </span>
     <span class='ocr_line' id='line_1_10' title="bbox 303 1152 1999 1229; baseline -0.002 -17"><span class='ocrx_word' id='word_1_113' title='bbox 303 1158 428 1229; x_wconf 71' lang='lat' dir='ltr'>cipriani,</span> <span class='ocrx_word' id='word_1_114' title='bbox 447 1174 478 1210; x_wconf 88' lang='lat' dir='ltr'>eo</span> <span class='ocrx_word' id='word_1_115' title='bbox 496 1158 572 1226; x_wconf 77' lang='lat' dir='ltr'>quod</span> <span class='ocrx_word' id='word_1_116' title='bbox 585 1172 670 1225; x_wconf 81' lang='lat' dir='ltr'>saepe</span> <span class='ocrx_word' id='word_1_117' title='bbox 682 1156 733 1209; x_wconf 90' lang='lat' dir='ltr'>sub</span> <span class='ocrx_word' id='word_1_118' title='bbox 752 1157 864 1208; x_wconf 84' lang='lat' dir='ltr'>obtentu</span> <span class='ocrx_word' id='word_1_119' title='bbox 880 1153 1016 1207; x_wconf 81' lang='lat' dir='ltr'>arationis</span> <span class='ocrx_word' id='word_1_120' title='bbox 1029 1152 1138 1205; x_wconf 75' lang='lat' dir='ltr'>scelera</span> <span class='ocrx_word' id='word_1_121' title='bbox 1163 1156 1272 1210; x_wconf 86' lang='lat' dir='ltr'>illorum</span> <span class='ocrx_word' id='word_1_122' title='bbox 1304 1156 1495 1211; x_wconf 87' lang='lat' dir='ltr'>accensionem</span> <span class='ocrx_word' id='word_1_123' title='bbox 1531 1173 1586 1210; x_wconf 92' lang='lat' dir='ltr'>non</span> <span class='ocrx_word' id='word_1_124' title='bbox 1619 1155 1725 1210; x_wconf 89' lang='lat' dir='ltr'>habent</span> <span class='ocrx_word' id='word_1_125' title='bbox 1757 1173 1808 1226; x_wconf 88' lang='lat' dir='ltr'>pro</span> <span class='ocrx_word' id='word_1_126' title='bbox 1843 1154 1999 1210; x_wconf 77' lang='lat' dir='ltr'>ceremonia</span> 
     </span>
     <span class='ocr_line' id='line_1_11' title="bbox 304 1237 2000 1312; baseline -0.001 -15"><span class='ocrx_word' id='word_1_127' title='bbox 304 1244 423 1298; x_wconf 74' lang='lat' dir='ltr'>ussurus</span> <span class='ocrx_word' id='word_1_128' title='bbox 441 1243 656 1296; x_wconf 86' lang='lat' dir='ltr'>committantur.</span> <span class='ocrx_word' id='word_1_129' title='bbox 693 1240 814 1311; x_wconf 77' lang='lat' dir='ltr'>(Excipit</span> <span class='ocrx_word' id='word_1_130' title='bbox 831 1237 1025 1301; x_wconf 88' lang='lat' dir='ltr'>Bellarminus,</span> <span class='ocrx_word' id='word_1_131' title='bbox 1046 1238 1138 1291; x_wconf 69' lang='lat' dir='ltr'>coum·</span> <span class='ocrx_word' id='word_1_132' title='bbox 1165 1241 1261 1310; x_wconf 86' lang='lat' dir='ltr'>libera,</span> <span class='ocrx_word' id='word_1_133' title='bbox 1279 1241 1354 1295; x_wconf 86' lang='lat' dir='ltr'>utilis</span> <span class='ocrx_word' id='word_1_134' title='bbox 1372 1240 1518 1312; x_wconf 82' lang='lat' dir='ltr'>cujusdem</span> <span class='ocrx_word' id='word_1_135' title='bbox 1537 1241 1744 1312; x_wconf 82' lang='lat' dir='ltr'>significationis</span> <span class='ocrx_word' id='word_1_136' title='bbox 1764 1258 1849 1296; x_wconf 85' lang='lat' dir='ltr'>cause</span> <span class='ocrx_word' id='word_1_137' title='bbox 1866 1241 2000 1303; x_wconf 84' lang='lat' dir='ltr'>adbibita,</span> 
     </span>
     <span class='ocr_line' id='line_1_12' title="bbox 305 1323 2000 1398; baseline -0.005 -16"><span class='ocrx_word' id='word_1_138' title='bbox 305 1331 374 1383; x_wconf 74' lang='lat' dir='ltr'>lium</span> <span class='ocrx_word' id='word_1_139' title='bbox 394 1330 428 1382; x_wconf 78' lang='lat' dir='ltr'>t&#39;d</span> <span class='ocrx_word' id='word_1_140' title='bbox 452 1328 647 1398; x_wconf 70' lang='lat' dir='ltr'>prohibuisse,</span> <span class='ocrx_word' id='word_1_141' title='bbox 673 1328 742 1398; x_wconf 74' lang='lat' dir='ltr'>quia</span> <span class='ocrx_word' id='word_1_142' title='bbox 770 1327 855 1391; x_wconf 77' lang='lat' dir='ltr'>fiebat</span> <span class='ocrx_word' id='word_1_143' title='bbox 884 1342 960 1378; x_wconf 84' lang='lat' dir='ltr'>mure</span> <span class='ocrx_word' id='word_1_144' title='bbox 985 1323 1139 1393; x_wconf 68' lang='lat' dir='ltr'>pontillum,</span> <span class='ocrx_word' id='word_1_145' title='bbox 1166 1328 1217 1382; x_wconf 79' lang='lat' dir='ltr'>sed</span> <span class='ocrx_word' id='word_1_146' title='bbox 1235 1333 1340 1398; x_wconf 80' lang='lat' dir='ltr'>parbem</span> <span class='ocrx_word' id='word_1_147' title='bbox 1367 1327 1458 1381; x_wconf 78' lang='lat' dir='ltr'>cultus</span> <span class='ocrx_word' id='word_1_148' title='bbox 1485 1327 1570 1382; x_wconf 82' lang='lat' dir='ltr'>divini</span> <span class='ocrx_word' id='word_1_149' title='bbox 1598 1329 1626 1382; x_wconf 85' lang='lat' dir='ltr'>in</span> <span class='ocrx_word' id='word_1_150' title='bbox 1644 1345 1678 1382; x_wconf 73' lang='lat' dir='ltr'>ea</span> <span class='ocrx_word' id='word_1_151' title='bbox 1696 1335 1872 1383; x_wconf 64' lang='lat' dir='ltr'>statuuntur</span> <span class='ocrx_word' id='word_1_152' title='bbox 1892 1332 2000 1382; x_wconf 75' lang='lat' dir='ltr'>sancto-</span> 
     </span>
     <span class='ocr_line' id='line_1_13' title="bbox 305 1408 2001 1486; baseline 0 -17"><span class='ocrx_word' id='word_1_153' title='bbox 305 1417 377 1469; x_wconf 87' lang='lat' dir='ltr'>inter</span> <span class='ocrx_word' id='word_1_154' title='bbox 396 1433 465 1485; x_wconf 81' lang='lat' dir='ltr'>quos</span> <span class='ocrx_word' id='word_1_155' title='bbox 482 1423 548 1468; x_wconf 84' lang='lat' dir='ltr'>tunc</span> <span class='ocrx_word' id='word_1_156' title='bbox 567 1413 725 1468; x_wconf 63' lang='lat' dir='ltr'>Cluuiam</span> <span class='ocrx_word' id='word_1_157' title='bbox 745 1412 939 1466; x_wconf 72' lang='lat' dir='ltr'>curabantur.</span> <span class='ocrx_word' id='word_1_158' title='bbox 977 1408 1138 1479; x_wconf 87' lang='lat' dir='ltr'>Responde·</span> <span class='ocrx_word' id='word_1_159' title='bbox 1166 1432 1227 1468; x_wconf 90' lang='lat' dir='ltr'>rum</span> <span class='ocrx_word' id='word_1_160' title='bbox 1246 1418 1278 1467; x_wconf 92' lang='lat' dir='ltr'>ut</span> <span class='ocrx_word' id='word_1_161' title='bbox 1297 1419 1474 1484; x_wconf 89' lang='lat' dir='ltr'>patronorum</span> <span class='ocrx_word' id='word_1_162' title='bbox 1489 1430 1600 1469; x_wconf 89' lang='lat' dir='ltr'>suorum</span> <span class='ocrx_word' id='word_1_163' title='bbox 1616 1414 1748 1485; x_wconf 88' lang='lat' dir='ltr'>reliquias</span> <span class='ocrx_word' id='word_1_164' title='bbox 1760 1414 1856 1469; x_wconf 86' lang='lat' dir='ltr'>eadem</span> <span class='ocrx_word' id='word_1_165' title='bbox 1871 1414 2001 1486; x_wconf 85' lang='lat' dir='ltr'>religiose</span> 
     </span>
     <span class='ocr_line' id='line_1_14' title="bbox 305 1497 2001 1571; baseline -0.002 -15"><span class='ocrx_word' id='word_1_166' title='bbox 305 1519 379 1556; x_wconf 89' lang='lat' dir='ltr'>mus:</span> <span class='ocrx_word' id='word_1_167' title='bbox 397 1501 426 1555; x_wconf 91' lang='lat' dir='ltr'>id</span> <span class='ocrx_word' id='word_1_168' title='bbox 440 1501 530 1571; x_wconf 88' lang='lat' dir='ltr'>ipsum</span> <span class='ocrx_word' id='word_1_169' title='bbox 543 1506 635 1555; x_wconf 89' lang='lat' dir='ltr'>etnos</span> <span class='ocrx_word' id='word_1_170' title='bbox 650 1499 777 1567; x_wconf 86' lang='lat' dir='ltr'>dicimus,</span> <span class='ocrx_word' id='word_1_171' title='bbox 796 1497 985 1552; x_wconf 76' lang='lat' dir='ltr'>accensionem</span> <span class='ocrx_word' id='word_1_172' title='bbox 998 1512 1139 1550; x_wconf 90' lang='lat' dir='ltr'>cereorum</span> <span class='ocrx_word' id='word_1_173' title='bbox 1166 1499 1219 1554; x_wconf 93' lang='lat' dir='ltr'>coli</span> <span class='ocrx_word' id='word_1_174' title='bbox 1238 1516 1320 1569; x_wconf 88' lang='lat' dir='ltr'>posse</span> <span class='ocrx_word' id='word_1_175' title='bbox 1344 1504 1373 1554; x_wconf 90' lang='lat' dir='ltr'>et</span> <span class='ocrx_word' id='word_1_176' title='bbox 1391 1498 1492 1554; x_wconf 91' lang='lat' dir='ltr'>debere</span> <span class='ocrx_word' id='word_1_177' title='bbox 1521 1499 1686 1554; x_wconf 85' lang='lat' dir='ltr'>existiment.</span> <span class='ocrx_word' id='word_1_178' title='bbox 1729 1505 1753 1556; x_wconf 80' lang='lat' dir='ltr'>t.</span> <span class='ocrx_word' id='word_1_179' title='bbox 1775 1499 1803 1554; x_wconf 88' lang='lat' dir='ltr'>Si</span> <span class='ocrx_word' id='word_1_180' title='bbox 1830 1499 2001 1570; x_wconf 78' lang='lat' dir='ltr'>vigilantius</span> 
     </span>
     <span class='ocr_line' id='line_1_15' title="bbox 306 1582 2001 1657; baseline -0.001 -14"><span class='ocrx_word' id='word_1_181' title='bbox 306 1602 456 1657; x_wconf 86' lang='lat' dir='ltr'>eorumque</span> <span class='ocrx_word' id='word_1_182' title='bbox 476 1585 643 1640; x_wconf 85' lang='lat' dir='ltr'>oblationem</span> <span class='ocrx_word' id='word_1_183' title='bbox 662 1585 692 1639; x_wconf 94' lang='lat' dir='ltr'>in</span> <span class='ocrx_word' id='word_1_184' title='bbox 708 1584 840 1639; x_wconf 85' lang='lat' dir='ltr'>bonorem</span> <span class='ocrx_word' id='word_1_185' title='bbox 859 1589 1012 1653; x_wconf 87' lang='lat' dir='ltr'>martyrum</span> <span class='ocrx_word' id='word_1_186' title='bbox 1036 1582 1140 1635; x_wconf 77' lang='lat' dir='ltr'>factam</span> <span class='ocrx_word' id='word_1_187' title='bbox 1167 1585 1195 1639; x_wconf 90' lang='lat' dir='ltr'>in</span> <span class='ocrx_word' id='word_1_188' title='bbox 1213 1585 1329 1639; x_wconf 87' lang='lat' dir='ltr'>alteram</span> <span class='ocrx_word' id='word_1_189' title='bbox 1354 1591 1463 1656; x_wconf 88' lang='lat' dir='ltr'>partem</span> <span class='ocrx_word' id='word_1_190' title='bbox 1481 1585 1562 1640; x_wconf 91' lang='lat' dir='ltr'>nimis</span> <span class='ocrx_word' id='word_1_191' title='bbox 1581 1585 1754 1640; x_wconf 87' lang='lat' dir='ltr'>deflectendo</span> <span class='ocrx_word' id='word_1_192' title='bbox 1771 1586 1814 1650; x_wconf 89' lang='lat' dir='ltr'>id,</span> <span class='ocrx_word' id='word_1_193' title='bbox 1840 1586 1916 1657; x_wconf 90' lang='lat' dir='ltr'>quod</span> <span class='ocrx_word' id='word_1_194' title='bbox 1933 1585 2001 1641; x_wconf 89' lang='lat' dir='ltr'>Hie·</span> 
     </span>
     <span class='ocr_line' id='line_1_16' title="bbox 306 1666 2000 1744; baseline -0.004 -14"><span class='ocrx_word' id='word_1_195' title='bbox 306 1691 367 1730; x_wconf 88' lang='lat' dir='ltr'>esse</span> <span class='ocrx_word' id='word_1_196' title='bbox 398 1677 506 1744; x_wconf 87' lang='lat' dir='ltr'>partem</span> <span class='ocrx_word' id='word_1_197' title='bbox 536 1671 628 1726; x_wconf 87' lang='lat' dir='ltr'>cultus</span> <span class='ocrx_word' id='word_1_198' title='bbox 656 1670 803 1742; x_wconf 83' lang='lat' dir='ltr'>gentilitii,</span> <span class='ocrx_word' id='word_1_199' title='bbox 834 1676 866 1723; x_wconf 92' lang='lat' dir='ltr'>ut</span> <span class='ocrx_word' id='word_1_200' title='bbox 894 1669 988 1722; x_wconf 87' lang='lat' dir='ltr'>multis</span> <span class='ocrx_word' id='word_1_201' title='bbox 1020 1666 1140 1721; x_wconf 78' lang='lat' dir='ltr'>ostendit</span> <span class='ocrx_word' id='word_1_202' title='bbox 1166 1687 1299 1741; x_wconf 88' lang='lat' dir='ltr'>ronymus</span> <span class='ocrx_word' id='word_1_203' title='bbox 1317 1671 1369 1741; x_wconf 90' lang='lat' dir='ltr'>ipsi</span> <span class='ocrx_word' id='word_1_204' title='bbox 1391 1671 1503 1738; x_wconf 84' lang='lat' dir='ltr'>tribuit,</span> <span class='ocrx_word' id='word_1_205' title='bbox 1522 1671 1622 1737; x_wconf 86' lang='lat' dir='ltr'>sensit,</span> <span class='ocrx_word' id='word_1_206' title='bbox 1644 1672 1782 1740; x_wconf 77' lang='lat' dir='ltr'>reliquias</span> <span class='ocrx_word' id='word_1_207' title='bbox 1801 1672 1908 1724; x_wconf 69' lang='lat' dir='ltr'>salust</span> <span class='ocrx_word' id='word_1_208' title='bbox 1925 1690 2000 1724; x_wconf 85' lang='lat' dir='ltr'>mar·</span> 
     </span>
     <span class='ocr_line' id='line_1_17' title="bbox 310 1752 2002 1830; baseline -0.002 -17"><span class='ocrx_word' id='word_1_209' title='bbox 310 1759 467 1830; x_wconf 83' lang='lat' dir='ltr'>Polydorus</span> <span class='ocrx_word' id='word_1_210' title='bbox 510 1756 644 1828; x_wconf 80' lang='lat' dir='ltr'>Virgilius</span> <span class='ocrx_word' id='word_1_211' title='bbox 670 1755 720 1813; x_wconf 88' lang='lat' dir='ltr'>lib.</span> <span class='ocrx_word' id='word_1_212' title='bbox 757 1754 792 1810; x_wconf 84' lang='lat' dir='ltr'>de</span> <span class='ocrx_word' id='word_1_213' title='bbox 824 1771 876 1809; x_wconf 86' lang='lat' dir='ltr'>rer.</span> <span class='ocrx_word' id='word_1_214' title='bbox 907 1754 1019 1812; x_wconf 68' lang='lat' dir='ltr'>invent.)</span> <span class='ocrx_word' id='word_1_215' title='bbox 1064 1752 1140 1807; x_wconf 83' lang='lat' dir='ltr'>Inter</span> <span class='ocrx_word' id='word_1_216' title='bbox 1168 1765 1259 1824; x_wconf 76' lang='lat' dir='ltr'>tyrum</span> <span class='ocrx_word' id='word_1_217' title='bbox 1288 1758 1448 1810; x_wconf 84' lang='lat' dir='ltr'>immundas</span> <span class='ocrx_word' id='word_1_218' title='bbox 1484 1775 1543 1810; x_wconf 84' lang='lat' dir='ltr'>esse</span> <span class='ocrx_word' id='word_1_219' title='bbox 1572 1757 1667 1811; x_wconf 87' lang='lat' dir='ltr'>cilicio</span> <span class='ocrx_word' id='word_1_220' title='bbox 1699 1758 1880 1826; x_wconf 82' lang='lat' dir='ltr'>collipandas</span> <span class='ocrx_word' id='word_1_221' title='bbox 1913 1765 1940 1810; x_wconf 87' lang='lat' dir='ltr'>et</span> <span class='ocrx_word' id='word_1_222' title='bbox 1972 1759 2002 1810; x_wconf 86' lang='lat' dir='ltr'>in</span> 
     </span>
     <span class='ocr_line' id='line_1_18' title="bbox 312 1837 2003 1914; baseline -0.001 -16"><span class='ocrx_word' id='word_1_223' title='bbox 312 1846 510 1914; x_wconf 81' lang='lat' dir='ltr'>Vipilantium,</span> <span class='ocrx_word' id='word_1_224' title='bbox 536 1860 618 1914; x_wconf 90' lang='lat' dir='ltr'>quem</span> <span class='ocrx_word' id='word_1_225' title='bbox 638 1841 826 1912; x_wconf 83' lang='lat' dir='ltr'>Hieronymus</span> <span class='ocrx_word' id='word_1_226' title='bbox 847 1841 927 1911; x_wconf 80' lang='lat' dir='ltr'>epist.</span> <span class='ocrx_word' id='word_1_227' title='bbox 948 1847 969 1896; x_wconf 91' lang='grc'>1.</span> <span class='ocrx_word' id='word_1_228' title='bbox 989 1839 1025 1893; x_wconf 87' lang='lat' dir='ltr'>ad</span> <span class='ocrx_word' id='word_1_229' title='bbox 1045 1837 1140 1892; x_wconf 88' lang='lat' dir='ltr'>Pauli·</span> <span class='ocrx_word' id='word_1_230' title='bbox 1167 1844 1375 1912; x_wconf 77' lang='lat' dir='ltr'>sterquilinium</span> <span class='ocrx_word' id='word_1_231' title='bbox 1393 1843 1591 1912; x_wconf 83' lang='lat' dir='ltr'>projiciendas</span> <span class='ocrx_word' id='word_1_232' title='bbox 1609 1861 1643 1896; x_wconf 89' lang='lat' dir='ltr'>ac</span> <span class='ocrx_word' id='word_1_233' title='bbox 1657 1860 1754 1895; x_wconf 75' lang='lat' dir='ltr'>esuum</span> <span class='ocrx_word' id='word_1_234' title='bbox 1769 1851 1898 1897; x_wconf 85' lang='lat' dir='ltr'>contactu</span> <span class='ocrx_word' id='word_1_235' title='bbox 1916 1844 2003 1896; x_wconf 84' lang='lat' dir='ltr'>bomi-</span> 
     </span>
     <span class='ocr_line' id='line_1_19' title="bbox 309 1928 2005 1999; baseline -0.001 -13"><span class='ocrx_word' id='word_1_236' title='bbox 309 1948 374 1986; x_wconf 89' lang='lat' dir='ltr'>num</span> <span class='ocrx_word' id='word_1_237' title='bbox 399 1936 464 1986; x_wconf 88' lang='lat' dir='ltr'>tom.</span> <span class='ocrx_word' id='word_1_238' title='bbox 488 1940 507 1983; x_wconf 91' lang='grc'>1.</span> <span class='ocrx_word' id='word_1_239' title='bbox 534 1928 580 1983; x_wconf 85' lang='lat' dir='ltr'>fol</span> <span class='ocrx_word' id='word_1_240' title='bbox 604 1933 661 1984; x_wconf 82' lang='lat' dir='ltr'>itt.</span> <span class='ocrx_word' id='word_1_241' title='bbox 685 1937 813 1983; x_wconf 88' lang='lat' dir='ltr'>sanctum</span> <span class='ocrx_word' id='word_1_242' title='bbox 834 1928 1025 1996; x_wconf 76' lang='lat' dir='ltr'>presbyterum</span> <span class='ocrx_word' id='word_1_243' title='bbox 1050 1930 1140 1991; x_wconf 82' lang='lat' dir='ltr'>vocat,</span> <span class='ocrx_word' id='word_1_244' title='bbox 1167 1947 1216 1983; x_wconf 88' lang='lat' dir='ltr'>nes</span> <span class='ocrx_word' id='word_1_245' title='bbox 1247 1931 1359 1999; x_wconf 87' lang='lat' dir='ltr'>pollui,</span> <span class='ocrx_word' id='word_1_246' title='bbox 1395 1930 1464 1984; x_wconf 91' lang='lat' dir='ltr'>nihil</span> <span class='ocrx_word' id='word_1_247' title='bbox 1494 1931 1573 1985; x_wconf 93' lang='lat' dir='ltr'>nobis</span> <span class='ocrx_word' id='word_1_248' title='bbox 1603 1947 1665 1984; x_wconf 89' lang='lat' dir='ltr'>cum</span> <span class='ocrx_word' id='word_1_249' title='bbox 1685 1929 1760 1983; x_wconf 88' lang='lat' dir='ltr'>illins</span> <span class='ocrx_word' id='word_1_250' title='bbox 1792 1930 1929 1984; x_wconf 83' lang='lat' dir='ltr'>sententia</span> <span class='ocrx_word' id='word_1_251' title='bbox 1961 1938 2005 1985; x_wconf 88' lang='lat' dir='ltr'>est</span> 
     </span>
     <span class='ocr_line' id='line_1_20' title="bbox 312 2011 2003 2087; baseline -0.006 -14"><span class='ocrx_word' id='word_1_252' title='bbox 312 2026 340 2073; x_wconf 91' lang='lat' dir='ltr'>et</span> <span class='ocrx_word' id='word_1_253' title='bbox 359 2017 431 2072; x_wconf 89' lang='lat' dir='ltr'>inter</span> <span class='ocrx_word' id='word_1_254' title='bbox 449 2016 650 2086; x_wconf 83' lang='lat' dir='ltr'>Hieronymum</span> <span class='ocrx_word' id='word_1_255' title='bbox 675 2013 711 2067; x_wconf 88' lang='lat' dir='ltr'>dc</span> <span class='ocrx_word' id='word_1_256' title='bbox 737 2012 815 2068; x_wconf 89' lang='lat' dir='ltr'>cultu</span> <span class='ocrx_word' id='word_1_257' title='bbox 836 2011 1014 2084; x_wconf 85' lang='lat' dir='ltr'>reliquiarum</span> <span class='ocrx_word' id='word_1_258' title='bbox 1032 2016 1140 2064; x_wconf 74' lang='lat' dir='ltr'>conuo-</span> <span class='ocrx_word' id='word_1_259' title='bbox 1168 2017 1331 2072; x_wconf 72' lang='lat' dir='ltr'>commercii,</span> <span class='ocrx_word' id='word_1_260' title='bbox 1379 2016 1509 2071; x_wconf 69' lang='lat' dir='ltr'>Vicissim</span> <span class='ocrx_word' id='word_1_261' title='bbox 1540 2017 1563 2070; x_wconf 77' lang='lat' dir='ltr'>ei</span> <span class='ocrx_word' id='word_1_262' title='bbox 1594 2016 1782 2087; x_wconf 75' lang='lat' dir='ltr'>Hieronymus</span> <span class='ocrx_word' id='word_1_263' title='bbox 1808 2016 2003 2072; x_wconf 65' lang='lat' dir='ltr'>ademarium</span> 
     </span>
     <span class='ocr_line' id='line_1_21' title="bbox 309 2097 2003 2174; baseline -0.004 -17"><span class='ocrx_word' id='word_1_264' title='bbox 309 2104 399 2158; x_wconf 77' lang='lat' dir='ltr'>versia</span> <span class='ocrx_word' id='word_1_265' title='bbox 416 2103 469 2158; x_wconf 83' lang='lat' dir='ltr'>fuit</span> <span class='ocrx_word' id='word_1_266' title='bbox 487 2109 589 2157; x_wconf 82' lang='lat' dir='ltr'>exorta.</span> <span class='ocrx_word' id='word_1_267' title='bbox 622 2101 716 2156; x_wconf 81' lang='lat' dir='ltr'>Verba</span> <span class='ocrx_word' id='word_1_268' title='bbox 735 2099 881 2172; x_wconf 76' lang='lat' dir='ltr'>vigilantii</span> <span class='ocrx_word' id='word_1_269' title='bbox 900 2104 1025 2154; x_wconf 75' lang='lat' dir='ltr'>recenset</span> <span class='ocrx_word' id='word_1_270' title='bbox 1042 2097 1140 2152; x_wconf 82' lang='lat' dir='ltr'>Hiero·</span> <span class='ocrx_word' id='word_1_271' title='bbox 1169 2121 1249 2157; x_wconf 79' lang='lat' dir='ltr'>suum</span> <span class='ocrx_word' id='word_1_272' title='bbox 1267 2103 1357 2158; x_wconf 77' lang='lat' dir='ltr'>acrius</span> <span class='ocrx_word' id='word_1_273' title='bbox 1376 2101 1566 2174; x_wconf 80' lang='lat' dir='ltr'>oppugnando</span> <span class='ocrx_word' id='word_1_274' title='bbox 1585 2102 1613 2155; x_wconf 85' lang='lat' dir='ltr'>in</span> <span class='ocrx_word' id='word_1_275' title='bbox 1631 2108 1740 2173; x_wconf 81' lang='lat' dir='ltr'>partem</span> <span class='ocrx_word' id='word_1_276' title='bbox 1754 2103 1920 2157; x_wconf 81' lang='lat' dir='ltr'>contrariam</span> <span class='ocrx_word' id='word_1_277' title='bbox 1941 2120 2003 2174; x_wconf 84' lang='lat' dir='ltr'>pro·</span> 
     </span>
     <span class='ocr_line' id='line_1_22' title="bbox 307 2185 2004 2262; baseline -0.002 -15"><span class='ocrx_word' id='word_1_278' title='bbox 307 2186 912 2262; x_wconf 67' lang='lat' dir='ltr'>nymusinepitt.tdv·vigilanti-1²³:</span> <span class='ocrx_word' id='word_1_279' title='bbox 940 2185 1015 2247; x_wconf 65' lang='lat' dir='ltr'>Quid</span> <span class='ocrx_word' id='word_1_280' title='bbox 1031 2198 1141 2237; x_wconf 62' lang='lat' dir='ltr'>necem</span> <span class='ocrx_word' id='word_1_281' title='bbox 1168 2189 1264 2260; x_wconf 89' lang='lat' dir='ltr'>lapsus</span> <span class='ocrx_word' id='word_1_282' title='bbox 1283 2195 1325 2244; x_wconf 89' lang='lat' dir='ltr'>est</span> <span class='ocrx_word' id='word_1_283' title='bbox 1343 2189 1505 2257; x_wconf 84' lang='lat' dir='ltr'>statuendo,</span> <span class='ocrx_word' id='word_1_284' title='bbox 1525 2189 1599 2260; x_wconf 91' lang='lat' dir='ltr'>quod</span> <span class='ocrx_word' id='word_1_285' title='bbox 1618 2188 1765 2259; x_wconf 86' lang='lat' dir='ltr'>religiosus</span> <span class='ocrx_word' id='word_1_286' title='bbox 1784 2189 1875 2243; x_wconf 89' lang='lat' dir='ltr'>cultus</span> <span class='ocrx_word' id='word_1_287' title='bbox 1895 2196 2004 2244; x_wconf 90' lang='lat' dir='ltr'>sancto·</span> 
     </span>
     <span class='ocr_line' id='line_1_23' title="bbox 307 2270 2004 2346; baseline -0.009 -15"><span class='ocrx_word' id='word_1_288' title='bbox 307 2286 356 2346; x_wconf 90' lang='lat' dir='ltr'>est,</span> <span class='ocrx_word' id='word_1_289' title='bbox 376 2284 401 2329; x_wconf 88' lang='lat' dir='ltr'>te</span> <span class='ocrx_word' id='word_1_290' title='bbox 420 2283 496 2328; x_wconf 86' lang='lat' dir='ltr'>tanto</span> <span class='ocrx_word' id='word_1_291' title='bbox 515 2275 619 2328; x_wconf 84' lang='lat' dir='ltr'>bonore</span> <span class='ocrx_word' id='word_1_292' title='bbox 635 2291 692 2327; x_wconf 90' lang='lat' dir='ltr'>non</span> <span class='ocrx_word' id='word_1_293' title='bbox 709 2272 801 2325; x_wconf 90' lang='lat' dir='ltr'>salum</span> <span class='ocrx_word' id='word_1_294' title='bbox 819 2273 968 2335; x_wconf 84' lang='lat' dir='ltr'>bonorare,</span> <span class='ocrx_word' id='word_1_295' title='bbox 986 2273 1038 2325; x_wconf 84' lang='lat' dir='ltr'>sed</span> <span class='ocrx_word' id='word_1_296' title='bbox 1057 2270 1140 2323; x_wconf 87' lang='lat' dir='ltr'>etiam</span> <span class='ocrx_word' id='word_1_297' title='bbox 1168 2294 1228 2330; x_wconf 75' lang='lat' dir='ltr'>rum</span> <span class='ocrx_word' id='word_1_298' title='bbox 1244 2275 1366 2346; x_wconf 67' lang='lat' dir='ltr'>reliquiis</span> <span class='ocrx_word' id='word_1_299' title='bbox 1385 2274 1485 2330; x_wconf 72' lang='lat' dir='ltr'>deferri</span> <span class='ocrx_word' id='word_1_300' title='bbox 1505 2274 1621 2342; x_wconf 68' lang='lat' dir='ltr'>debeat,</span> <span class='ocrx_word' id='word_1_301' title='bbox 1639 2275 1803 2345; x_wconf 60' lang='lat' dir='ltr'>opponimus</span> <span class='ocrx_word' id='word_1_302' title='bbox 1821 2274 1862 2328; x_wconf 73' lang='lat' dir='ltr'>illi</span> <span class='ocrx_word' id='word_1_303' title='bbox 1880 2276 2004 2345; x_wconf 56' lang='lat' dir='ltr'>Praecla.</span> 
     </span>
     <span class='ocr_line' id='line_1_24' title="bbox 307 2357 2003 2432; baseline -0.005 -8"><span class='ocrx_word' id='word_1_304' title='bbox 307 2366 439 2424; x_wconf 79' lang='lat' dir='ltr'>adorare,</span> <span class='ocrx_word' id='word_1_305' title='bbox 458 2361 533 2414; x_wconf 63' lang='lat' dir='ltr'>illud</span> <span class='ocrx_word' id='word_1_306' title='bbox 550 2361 642 2412; x_wconf 75' lang='lat' dir='ltr'>racio</span> <span class='ocrx_word' id='word_1_307' title='bbox 664 2360 743 2428; x_wconf 79' lang='lat' dir='ltr'>quid,</span> <span class='ocrx_word' id='word_1_308' title='bbox 762 2360 839 2428; x_wconf 78' lang='lat' dir='ltr'>quod</span> <span class='ocrx_word' id='word_1_309' title='bbox 855 2359 886 2411; x_wconf 87' lang='lat' dir='ltr'>in</span> <span class='ocrx_word' id='word_1_310' title='bbox 900 2359 1009 2413; x_wconf 77' lang='lat' dir='ltr'>modica</span> <span class='ocrx_word' id='word_1_311' title='bbox 1027 2357 1140 2410; x_wconf 60' lang='lat' dir='ltr'>scurcula</span> <span class='ocrx_word' id='word_1_312' title='bbox 1168 2380 1229 2416; x_wconf 88' lang='lat' dir='ltr'>rum</span> <span class='ocrx_word' id='word_1_313' title='bbox 1247 2361 1372 2424; x_wconf 88' lang='lat' dir='ltr'>effatum,</span> <span class='ocrx_word' id='word_1_314' title='bbox 1392 2361 1467 2431; x_wconf 91' lang='lat' dir='ltr'>quod</span> <span class='ocrx_word' id='word_1_315' title='bbox 1486 2361 1604 2431; x_wconf 88' lang='lat' dir='ltr'>ipsemet</span> <span class='ocrx_word' id='word_1_316' title='bbox 1615 2367 1697 2432; x_wconf 82' lang='lat' dir='ltr'>urget</span> <span class='ocrx_word' id='word_1_317' title='bbox 1713 2361 1741 2414; x_wconf 92' lang='lat' dir='ltr'>in</span> <span class='ocrx_word' id='word_1_318' title='bbox 1754 2368 1899 2418; x_wconf 85' lang='lat' dir='ltr'>comment.</span> <span class='ocrx_word' id='word_1_319' title='bbox 1922 2377 1945 2416; x_wconf 91' lang='lat' dir='ltr'>c.</span> <span class='ocrx_word' id='word_1_320' title='bbox 1961 2366 2003 2417; x_wconf 78' lang='lat'>23.</span> 
     </span>
     <span class='ocr_line' id='line_1_25' title="bbox 308 2444 2003 2517; baseline 0.001 -18"><span class='ocrx_word' id='word_1_321' title='bbox 308 2449 508 2513; x_wconf 79' lang='lat' dir='ltr'>transferendo</span> <span class='ocrx_word' id='word_1_322' title='bbox 537 2446 630 2500; x_wconf 77' lang='lat' dir='ltr'>calisi</span> <span class='ocrx_word' id='word_1_323' title='bbox 677 2445 714 2498; x_wconf 88' lang='lat' dir='ltr'>Et</span> <span class='ocrx_word' id='word_1_324' title='bbox 745 2451 857 2515; x_wconf 85' lang='lat' dir='ltr'>postea:</span> <span class='ocrx_word' id='word_1_325' title='bbox 898 2444 974 2508; x_wconf 76' lang='lat' dir='ltr'>Quis</span> <span class='ocrx_word' id='word_1_326' title='bbox 999 2444 1141 2514; x_wconf 77' lang='lat' dir='ltr'>pulverem</span> <span class='ocrx_word' id='word_1_327' title='bbox 1168 2448 1280 2505; x_wconf 77' lang='lat' dir='ltr'>Manb:</span> <span class='ocrx_word' id='word_1_328' title='bbox 1311 2448 1394 2510; x_wconf 81' lang='lat' dir='ltr'>Quod</span> <span class='ocrx_word' id='word_1_329' title='bbox 1416 2450 1451 2501; x_wconf 85' lang='lat' dir='ltr'>de</span> <span class='ocrx_word' id='word_1_330' title='bbox 1477 2448 1633 2517; x_wconf 77' lang='lat' dir='ltr'>scripturis</span> <span class='ocrx_word' id='word_1_331' title='bbox 1659 2466 1715 2501; x_wconf 87' lang='lat' dir='ltr'>non</span> <span class='ocrx_word' id='word_1_332' title='bbox 1740 2448 1820 2501; x_wconf 82' lang='lat' dir='ltr'>babet</span> <span class='ocrx_word' id='word_1_333' title='bbox 1847 2449 2003 2501; x_wconf 87' lang='lat' dir='ltr'>auetorita-</span> 
     </span>
     <span class='ocr_line' id='line_1_26' title="bbox 309 2529 2002 2602; baseline -0.004 -13"><span class='ocrx_word' id='word_1_334' title='bbox 309 2536 468 2590; x_wconf 81' lang='lat' dir='ltr'>linteamine</span> <span class='ocrx_word' id='word_1_335' title='bbox 489 2534 695 2586; x_wconf 84' lang='lat' dir='ltr'>circumdatum</span> <span class='ocrx_word' id='word_1_336' title='bbox 709 2533 861 2584; x_wconf 83' lang='lat' dir='ltr'>adorando</span> <span class='ocrx_word' id='word_1_337' title='bbox 878 2531 1036 2585; x_wconf 67' lang='lat' dir='ltr'>arriserat</span> <span class='ocrx_word' id='word_1_338' title='bbox 1055 2529 1142 2583; x_wconf 86' lang='lat' dir='ltr'>Item:</span> <span class='ocrx_word' id='word_1_339' title='bbox 1167 2543 1235 2602; x_wconf 82' lang='lat' dir='ltr'>tem,</span> <span class='ocrx_word' id='word_1_340' title='bbox 1271 2536 1369 2588; x_wconf 82' lang='lat' dir='ltr'>eadem</span> <span class='ocrx_word' id='word_1_341' title='bbox 1389 2534 1532 2597; x_wconf 72' lang='lat' dir='ltr'>facilitate</span> <span class='ocrx_word' id='word_1_342' title='bbox 1551 2535 1748 2602; x_wconf 79' lang='lat' dir='ltr'>contemuitur,</span> <span class='ocrx_word' id='word_1_343' title='bbox 1781 2550 1836 2601; x_wconf 66' lang='grc' dir='ltr'>φα]</span> <span class='ocrx_word' id='word_1_344' title='bbox 1855 2535 2002 2588; x_wconf 66' lang='lat' dir='ltr'>mserum.</span> 
     </span>
     <span class='ocr_line' id='line_1_27' title="bbox 309 2616 2004 2692; baseline -0.002 -16"><span class='ocrx_word' id='word_1_345' title='bbox 309 2624 403 2692; x_wconf 88' lang='lat' dir='ltr'>Prope</span> <span class='ocrx_word' id='word_1_346' title='bbox 420 2621 506 2674; x_wconf 88' lang='lat' dir='ltr'>ritum</span> <span class='ocrx_word' id='word_1_347' title='bbox 523 2618 669 2688; x_wconf 81' lang='lat' dir='ltr'>pentilium</span> <span class='ocrx_word' id='word_1_348' title='bbox 692 2618 818 2670; x_wconf 81' lang='lat' dir='ltr'>ridemus</span> <span class='ocrx_word' id='word_1_349' title='bbox 843 2617 894 2670; x_wconf 89' lang='lat' dir='ltr'>snb</span> <span class='ocrx_word' id='word_1_350' title='bbox 910 2624 1059 2686; x_wconf 74' lang='lat' dir='ltr'>praetentu</span> <span class='ocrx_word' id='word_1_351' title='bbox 1076 2616 1142 2668; x_wconf 87' lang='lat' dir='ltr'>reli·</span> <span class='ocrx_word' id='word_1_352' title='bbox 1169 2627 1192 2676; x_wconf 80' lang='grc'>3,</span> <span class='ocrx_word' id='word_1_353' title='bbox 1210 2619 1396 2690; x_wconf 75' lang='lat' dir='ltr'>Hieronymus</span> <span class='ocrx_word' id='word_1_354' title='bbox 1413 2618 1594 2688; x_wconf 85' lang='lat' dir='ltr'>vigilantium</span> <span class='ocrx_word' id='word_1_355' title='bbox 1619 2619 1660 2672; x_wconf 90' lang='lat' dir='ltr'>ita</span> <span class='ocrx_word' id='word_1_356' title='bbox 1683 2626 1842 2690; x_wconf 81' lang='lat' dir='ltr'>oppugnat,</span> <span class='ocrx_word' id='word_1_357' title='bbox 1866 2626 1898 2673; x_wconf 89' lang='lat' dir='ltr'>ut</span> <span class='ocrx_word' id='word_1_358' title='bbox 1922 2620 1952 2673; x_wconf 93' lang='lat' dir='ltr'>in</span> <span class='ocrx_word' id='word_1_359' title='bbox 1970 2636 2004 2675; x_wconf 88' lang='lat' dir='ltr'>eo</span> 
     </span>
     <span class='ocr_line' id='line_1_28' title="bbox 309 2703 2005 2780; baseline -0.002 -17"><span class='ocrx_word' id='word_1_360' title='bbox 309 2710 401 2780; x_wconf 81' lang='lat' dir='ltr'>pionis</span> <span class='ocrx_word' id='word_1_361' title='bbox 419 2708 608 2761; x_wconf 84' lang='lat' dir='ltr'>introductum</span> <span class='ocrx_word' id='word_1_362' title='bbox 627 2705 658 2758; x_wconf 87' lang='lat' dir='ltr'>in</span> <span class='ocrx_word' id='word_1_363' title='bbox 677 2705 801 2758; x_wconf 70' lang='lat' dir='ltr'>secluiis</span> <span class='ocrx_word' id='word_1_364' title='bbox 818 2705 878 2758; x_wconf 87' lang='lat' dir='ltr'>sale</span> <span class='ocrx_word' id='word_1_365' title='bbox 897 2704 990 2758; x_wconf 77' lang='lat' dir='ltr'>erlbac</span> <span class='ocrx_word' id='word_1_366' title='bbox 1002 2703 1143 2773; x_wconf 74' lang='lat' dir='ltr'>sulcante,</span> <span class='ocrx_word' id='word_1_367' title='bbox 1164 2706 1327 2776; x_wconf 87' lang='lat' dir='ltr'>plusculum</span> <span class='ocrx_word' id='word_1_368' title='bbox 1352 2705 1504 2759; x_wconf 72' lang='lat' dir='ltr'>marasim</span> <span class='ocrx_word' id='word_1_369' title='bbox 1531 2703 1670 2758; x_wconf 83' lang='lat' dir='ltr'>desideret</span> <span class='ocrx_word' id='word_1_370' title='bbox 1694 2704 1840 2770; x_wconf 85' lang='lat' dir='ltr'>Erasmus,</span> <span class='ocrx_word' id='word_1_371' title='bbox 1865 2705 1905 2759; x_wconf 88' lang='lat' dir='ltr'>sic</span> <span class='ocrx_word' id='word_1_372' title='bbox 1930 2705 2005 2760; x_wconf 89' lang='lat' dir='ltr'>enim</span> 
     </span>
     <span class='ocr_line' id='line_1_29' title="bbox 311 2789 2005 2862; baseline -0.003 -13"><span class='ocrx_word' id='word_1_373' title='bbox 311 2796 396 2850; x_wconf 88' lang='lat' dir='ltr'>moles</span> <span class='ocrx_word' id='word_1_374' title='bbox 421 2810 565 2847; x_wconf 70' lang='lat' dir='ltr'>cereorm</span> <span class='ocrx_word' id='word_1_375' title='bbox 588 2792 708 2844; x_wconf 83' lang='lat' dir='ltr'>accendi</span> <span class='ocrx_word' id='word_1_376' title='bbox 731 2799 756 2843; x_wconf 92' lang='lat' dir='ltr'>et</span> <span class='ocrx_word' id='word_1_377' title='bbox 775 2791 931 2860; x_wconf 67' lang='lat' dir='ltr'>ubmunque</span> <span class='ocrx_word' id='word_1_378' title='bbox 951 2789 1143 2859; x_wconf 53' lang='lat' dir='ltr'>pacisculum</span> <span class='ocrx_word' id='word_1_379' title='bbox 1169 2791 1264 2846; x_wconf 89' lang='lat' dir='ltr'>scribit</span> <span class='ocrx_word' id='word_1_380' title='bbox 1288 2791 1316 2845; x_wconf 93' lang='lat' dir='ltr'>in</span> <span class='ocrx_word' id='word_1_381' title='bbox 1340 2808 1446 2862; x_wconf 82' lang='lat' dir='ltr'>argum.</span> <span class='ocrx_word' id='word_1_382' title='bbox 1472 2789 1546 2844; x_wconf 91' lang='lat' dir='ltr'>illius</span> <span class='ocrx_word' id='word_1_383' title='bbox 1571 2789 1720 2861; x_wconf 87' lang='lat' dir='ltr'>epistolae:</span> <span class='ocrx_word' id='word_1_384' title='bbox 1748 2792 1783 2844; x_wconf 89' lang='lat' dir='ltr'>In</span> <span class='ocrx_word' id='word_1_385' title='bbox 1820 2791 2005 2859; x_wconf 84' lang='lat' dir='ltr'>Vipilantium</span> 
     </span>
     <span class='ocr_line' id='line_1_30' title="bbox 312 2875 2003 2950; baseline -0.003 -15"><span class='ocrx_word' id='word_1_386' title='bbox 312 2882 414 2943; x_wconf 72' lang='lat' dir='ltr'>nescia</span> <span class='ocrx_word' id='word_1_387' title='bbox 433 2881 511 2950; x_wconf 79' lang='lat' dir='ltr'>quod</span> <span class='ocrx_word' id='word_1_388' title='bbox 528 2879 558 2930; x_wconf 91' lang='lat' dir='ltr'>in</span> <span class='ocrx_word' id='word_1_389' title='bbox 580 2878 690 2931; x_wconf 83' lang='lat' dir='ltr'>modico</span> <span class='ocrx_word' id='word_1_390' title='bbox 710 2877 824 2930; x_wconf 67' lang='lat' dir='ltr'>eureus</span> <span class='ocrx_word' id='word_1_391' title='bbox 838 2876 965 2945; x_wconf 89' lang='lat' dir='ltr'>pretioso</span> <span class='ocrx_word' id='word_1_392' title='bbox 984 2875 1143 2928; x_wconf 76' lang='lat' dir='ltr'>linteamine</span> <span class='ocrx_word' id='word_1_393' title='bbox 1169 2878 1209 2931; x_wconf 86' lang='lat' dir='ltr'>ita</span> <span class='ocrx_word' id='word_1_394' title='bbox 1240 2877 1428 2931; x_wconf 76' lang='lat' dir='ltr'>debacchatur</span> <span class='ocrx_word' id='word_1_395' title='bbox 1447 2877 1647 2944; x_wconf 77' lang='lat' dir='ltr'>Hieronymus,</span> <span class='ocrx_word' id='word_1_396' title='bbox 1679 2885 1709 2929; x_wconf 91' lang='lat' dir='ltr'>ut</span> <span class='ocrx_word' id='word_1_397' title='bbox 1726 2877 1889 2945; x_wconf 86' lang='lat' dir='ltr'>plusculum</span> <span class='ocrx_word' id='word_1_398' title='bbox 1911 2880 2003 2931; x_wconf 76' lang='lat' dir='ltr'>moric-</span> 
     </span>
     <span class='ocr_line' id='line_1_31' title="bbox 312 2960 2004 3031; baseline -0.003 -9"><span class='ocrx_word' id='word_1_399' title='bbox 312 2967 515 3022; x_wconf 83' lang='lat' dir='ltr'>eireumdatum</span> <span class='ocrx_word' id='word_1_400' title='bbox 538 2962 696 3016; x_wconf 87' lang='lat' dir='ltr'>osculantes</span> <span class='ocrx_word' id='word_1_401' title='bbox 723 2963 855 3019; x_wconf 85' lang='lat' dir='ltr'>adorant.</span> <span class='ocrx_word' id='word_1_402' title='bbox 899 2963 1037 3030; x_wconf 82' lang='lat' dir='ltr'>Mapnum</span> <span class='ocrx_word' id='word_1_403' title='bbox 1060 2960 1143 3013; x_wconf 82' lang='lat' dir='ltr'>tono·</span> <span class='ocrx_word' id='word_1_404' title='bbox 1169 2966 1241 3017; x_wconf 88' lang='lat' dir='ltr'>stiae</span> <span class='ocrx_word' id='word_1_405' title='bbox 1267 2982 1352 3030; x_wconf 78' lang='lat' dir='ltr'>copar</span> <span class='ocrx_word' id='word_1_406' title='bbox 1378 2963 1550 3017; x_wconf 84' lang='lat' dir='ltr'>desiderare.</span> <span class='ocrx_word' id='word_1_407' title='bbox 1598 2962 1709 3015; x_wconf 89' lang='lat' dir='ltr'>Utinam</span> <span class='ocrx_word' id='word_1_408' title='bbox 1735 2965 1905 3031; x_wconf 84' lang='lat' dir='ltr'>arpumentis</span> <span class='ocrx_word' id='word_1_409' title='bbox 1934 2966 2004 3017; x_wconf 88' lang='lat' dir='ltr'>dun-</span> 
     </span>
     <span class='ocr_line' id='line_1_32' title="bbox 311 3046 2004 3122; baseline -0.002 -15"><span class='ocrx_word' id='word_1_410' title='bbox 311 3071 370 3109; x_wconf 88' lang='lat' dir='ltr'>rens</span> <span class='ocrx_word' id='word_1_411' title='bbox 393 3051 528 3122; x_wconf 88' lang='lat' dir='ltr'>praebent</span> <span class='ocrx_word' id='word_1_412' title='bbox 553 3047 715 3117; x_wconf 73' lang='lat' dir='ltr'>huiusmodi</span> <span class='ocrx_word' id='word_1_413' title='bbox 739 3047 863 3100; x_wconf 83' lang='lat' dir='ltr'>borsines</span> <span class='ocrx_word' id='word_1_414' title='bbox 885 3046 1051 3100; x_wconf 70' lang='lat' dir='ltr'>beatissimis</span> <span class='ocrx_word' id='word_1_415' title='bbox 1070 3062 1144 3096; x_wconf 85' lang='lat' dir='ltr'>mur·</span> <span class='ocrx_word' id='word_1_416' title='bbox 1170 3058 1247 3103; x_wconf 82' lang='lat' dir='ltr'>tanat</span> <span class='ocrx_word' id='word_1_417' title='bbox 1283 3051 1380 3118; x_wconf 82' lang='lat' dir='ltr'>spissat</span> <span class='ocrx_word' id='word_1_418' title='bbox 1409 3056 1434 3102; x_wconf 88' lang='lat' dir='ltr'>et</span> <span class='ocrx_word' id='word_1_419' title='bbox 1465 3067 1484 3102; x_wconf 90' lang='lat' dir='ltr'>a</span> <span class='ocrx_word' id='word_1_420' title='bbox 1519 3049 1652 3103; x_wconf 71' lang='lat' dir='ltr'>conuiciis</span> <span class='ocrx_word' id='word_1_421' title='bbox 1684 3050 1869 3104; x_wconf 86' lang='lat' dir='ltr'>abstinuisset.</span> <span class='ocrx_word' id='word_1_422' title='bbox 1926 3053 2004 3104; x_wconf 88' lang='lat' dir='ltr'>Nam</span> 
     </span>
     <span class='ocr_line' id='line_1_33' title="bbox 312 3132 2006 3209; baseline -0.001 -16"><span class='ocrx_word' id='word_1_423' title='bbox 312 3139 434 3209; x_wconf 78' lang='lat' dir='ltr'>tpribus,</span> <span class='ocrx_word' id='word_1_424' title='bbox 458 3154 528 3208; x_wconf 74' lang='lat' dir='ltr'>psas</span> <span class='ocrx_word' id='word_1_425' title='bbox 541 3140 641 3205; x_wconf 88' lang='lat' dir='ltr'>putant</span> <span class='ocrx_word' id='word_1_426' title='bbox 655 3132 845 3187; x_wconf 74' lang='lat' dir='ltr'>sterilissimis</span> <span class='ocrx_word' id='word_1_427' title='bbox 864 3133 982 3186; x_wconf 88' lang='lat' dir='ltr'>cereolis</span> <span class='ocrx_word' id='word_1_428' title='bbox 999 3132 1145 3185; x_wconf 85' lang='lat' dir='ltr'>illustran-</span> <span class='ocrx_word' id='word_1_429' title='bbox 1170 3137 1285 3204; x_wconf 82' lang='lat' dir='ltr'>cipilias</span> <span class='ocrx_word' id='word_1_430' title='bbox 1303 3144 1456 3189; x_wconf 82' lang='lat' dir='ltr'>noctssrnas</span> <span class='ocrx_word' id='word_1_431' title='bbox 1474 3153 1529 3188; x_wconf 87' lang='lat' dir='ltr'>non</span> <span class='ocrx_word' id='word_1_432' title='bbox 1552 3136 1695 3204; x_wconf 79' lang='lat' dir='ltr'>placuisse</span> <span class='ocrx_word' id='word_1_433' title='bbox 1719 3136 1790 3190; x_wconf 87' lang='lat' dir='ltr'>uiris</span> <span class='ocrx_word' id='word_1_434' title='bbox 1808 3137 2006 3191; x_wconf 69' lang='lat' dir='ltr'>armametres</span> 
     </span>
     <span class='ocr_line' id='line_1_34' title="bbox 312 3217 2005 3297; baseline -0.002 -17"><span class='ocrx_word' id='word_1_435' title='bbox 312 3229 377 3291; x_wconf 85' lang='lat' dir='ltr'>dos,</span> <span class='ocrx_word' id='word_1_436' title='bbox 404 3242 473 3297; x_wconf 76' lang='lat' dir='ltr'>psas</span> <span class='ocrx_word' id='word_1_437' title='bbox 500 3224 613 3292; x_wconf 81' lang='lat' dir='ltr'>Apsus,</span> <span class='ocrx_word' id='word_1_438' title='bbox 640 3222 690 3290; x_wconf 75' lang='lat' dir='ltr'>qui</span> <span class='ocrx_word' id='word_1_439' title='bbox 720 3227 760 3272; x_wconf 80' lang='lat' dir='ltr'>esi</span> <span class='ocrx_word' id='word_1_440' title='bbox 787 3220 816 3272; x_wconf 77' lang='lat' dir='ltr'>iu</span> <span class='ocrx_word' id='word_1_441' title='bbox 839 3217 931 3271; x_wconf 70' lang='lat' dir='ltr'>medio</span> <span class='ocrx_word' id='word_1_442' title='bbox 949 3218 1058 3285; x_wconf 69' lang='lat' dir='ltr'>throni,</span> <span class='ocrx_word' id='word_1_443' title='bbox 1085 3234 1146 3269; x_wconf 70' lang='lat' dir='ltr'>eum</span> <span class='ocrx_word' id='word_1_444' title='bbox 1170 3223 1213 3276; x_wconf 88' lang='lat' dir='ltr'>uel</span> <span class='ocrx_word' id='word_1_445' title='bbox 1232 3223 1309 3276; x_wconf 87' lang='lat' dir='ltr'>illud</span> <span class='ocrx_word' id='word_1_446' title='bbox 1332 3223 1402 3276; x_wconf 88' lang='lat' dir='ltr'>satis</span> <span class='ocrx_word' id='word_1_447' title='bbox 1418 3222 1543 3290; x_wconf 87' lang='lat' dir='ltr'>probet,</span> <span class='ocrx_word' id='word_1_448' title='bbox 1570 3224 1647 3290; x_wconf 80' lang='lat' dir='ltr'>quod</span> <span class='ocrx_word' id='word_1_449' title='bbox 1672 3222 1813 3277; x_wconf 81' lang='lat' dir='ltr'>bominum</span> <span class='ocrx_word' id='word_1_450' title='bbox 1837 3225 2005 3278; x_wconf 87' lang='lat' dir='ltr'>auctoritate</span> 
     </span>
     <span class='ocr_line' id='line_1_35' title="bbox 312 3303 2006 3380; baseline -0.002 -13"><span class='ocrx_word' id='word_1_451' title='bbox 312 3314 387 3368; x_wconf 86' lang='lat' dir='ltr'>omni</span> <span class='ocrx_word' id='word_1_452' title='bbox 411 3312 526 3380; x_wconf 79' lang='lat' dir='ltr'>fulpore</span> <span class='ocrx_word' id='word_1_453' title='bbox 552 3307 711 3376; x_wconf 76' lang='lat' dir='ltr'>maiestatis</span> <span class='ocrx_word' id='word_1_454' title='bbox 736 3323 804 3359; x_wconf 89' lang='lat' dir='ltr'>suae</span> <span class='ocrx_word' id='word_1_455' title='bbox 831 3305 963 3360; x_wconf 88' lang='lat' dir='ltr'>illustrat.</span> <span class='ocrx_word' id='word_1_456' title='bbox 1007 3303 1053 3357; x_wconf 85' lang='lat' dir='ltr'>Ad</span> <span class='ocrx_word' id='word_1_457' title='bbox 1076 3303 1145 3357; x_wconf 87' lang='lat' dir='ltr'>haec</span> <span class='ocrx_word' id='word_1_458' title='bbox 1171 3309 1298 3362; x_wconf 85' lang='lat' dir='ltr'>sublatae</span> <span class='ocrx_word' id='word_1_459' title='bbox 1317 3308 1382 3375; x_wconf 86' lang='lat' dir='ltr'>sint,</span> <span class='ocrx_word' id='word_1_460' title='bbox 1399 3308 1510 3361; x_wconf 87' lang='lat' dir='ltr'>nomine</span> <span class='ocrx_word' id='word_1_461' title='bbox 1528 3315 1633 3360; x_wconf 89' lang='lat' dir='ltr'>tantum</span> <span class='ocrx_word' id='word_1_462' title='bbox 1653 3308 1841 3376; x_wconf 72' lang='lat' dir='ltr'>superstites.)</span> <span class='ocrx_word' id='word_1_463' title='bbox 1871 3307 2006 3380; x_wconf 81' lang='lat' dir='ltr'>Augusti·</span> 
     </span>
     <span class='ocr_line' id='line_1_36' title="bbox 312 3388 2006 3471; baseline -0.007 -18"><span class='ocrx_word' id='word_1_464' title='bbox 312 3396 458 3471; x_wconf 79' lang='lat' dir='ltr'>vigilantii</span> <span class='ocrx_word' id='word_1_465' title='bbox 483 3395 570 3451; x_wconf 87' lang='lat' dir='ltr'>verba</span> <span class='ocrx_word' id='word_1_466' title='bbox 596 3393 764 3464; x_wconf 88' lang='lat' dir='ltr'>respondens</span> <span class='ocrx_word' id='word_1_467' title='bbox 782 3391 970 3462; x_wconf 87' lang='lat' dir='ltr'>Hieronymus</span> <span class='ocrx_word' id='word_1_468' title='bbox 997 3407 1052 3444; x_wconf 93' lang='lat' dir='ltr'>non</span> <span class='ocrx_word' id='word_1_469' title='bbox 1070 3388 1147 3455; x_wconf 76' lang='lat' dir='ltr'>dicit·</span> <span class='ocrx_word' id='word_1_470' title='bbox 1171 3413 1222 3450; x_wconf 66' lang='lat' dir='ltr'>nus</span> <span class='ocrx_word' id='word_1_471' title='bbox 1260 3394 1308 3451; x_wconf 74' lang='lat' dir='ltr'>tib,</span> <span class='ocrx_word' id='word_1_472' title='bbox 1329 3401 1352 3450; x_wconf 85' lang='lat'>1,</span> <span class='ocrx_word' id='word_1_473' title='bbox 1393 3394 1427 3449; x_wconf 79' lang='lat' dir='ltr'>de</span> <span class='ocrx_word' id='word_1_474' title='bbox 1465 3395 1516 3448; x_wconf 79' lang='lat' dir='ltr'>civ,</span> <span class='ocrx_word' id='word_1_475' title='bbox 1552 3393 1607 3448; x_wconf 75' lang='lat' dir='ltr'>Dei</span> <span class='ocrx_word' id='word_1_476' title='bbox 1645 3411 1707 3464; x_wconf 71' lang='lat' dir='ltr'>sap,</span> <span class='ocrx_word' id='word_1_477' title='bbox 1735 3399 1781 3449; x_wconf 78' lang='lat'>13:</span> <span class='ocrx_word' id='word_1_478' title='bbox 1816 3397 2006 3466; x_wconf 61' lang='lat' dir='ltr'>Antiquom</span> 
     </span>
     <span class='ocr_line' id='line_1_37' title="bbox 317 3475 2007 3555; baseline -0.001 -16"><span class='ocrx_word' id='word_1_479' title='bbox 317 3483 449 3555; x_wconf 87' lang='lat' dir='ltr'>reliquias</span> <span class='ocrx_word' id='word_1_480' title='bbox 470 3498 529 3536; x_wconf 87' lang='lat' dir='ltr'>esse</span> <span class='ocrx_word' id='word_1_481' title='bbox 558 3479 713 3534; x_wconf 84' lang='lat' dir='ltr'>adorandas</span> <span class='ocrx_word' id='word_1_482' title='bbox 733 3494 766 3532; x_wconf 88' lang='lat' dir='ltr'>ac</span> <span class='ocrx_word' id='word_1_483' title='bbox 784 3477 913 3548; x_wconf 84' lang='lat' dir='ltr'>religiose</span> <span class='ocrx_word' id='word_1_484' title='bbox 931 3476 1073 3538; x_wconf 86' lang='lat' dir='ltr'>colendas,</span> <span class='ocrx_word' id='word_1_485' title='bbox 1096 3475 1146 3530; x_wconf 87' lang='lat' dir='ltr'>sed</span> <span class='ocrx_word' id='word_1_486' title='bbox 1165 3482 1308 3549; x_wconf 84' lang='lat' dir='ltr'>justorum</span> <span class='ocrx_word' id='word_1_487' title='bbox 1331 3481 1437 3542; x_wconf 80' lang='lat' dir='ltr'>funera</span> <span class='ocrx_word' id='word_1_488' title='bbox 1461 3480 1592 3548; x_wconf 79' lang='lat' dir='ltr'>officiosa</span> <span class='ocrx_word' id='word_1_489' title='bbox 1619 3481 1722 3550; x_wconf 90' lang='lat' dir='ltr'>pietate</span> <span class='ocrx_word' id='word_1_490' title='bbox 1747 3489 1849 3534; x_wconf 74' lang='lat' dir='ltr'>cirrata</span> <span class='ocrx_word' id='word_1_491' title='bbox 1877 3489 1956 3549; x_wconf 89' lang='lat' dir='ltr'>sunt,</span> <span class='ocrx_word' id='word_1_492' title='bbox 1980 3492 2007 3537; x_wconf 88' lang='lat' dir='ltr'>et</span> 
     </span>
     <span class='ocr_line' id='line_1_38' title="bbox 312 3561 2006 3641; baseline -0.004 -16"><span class='ocrx_word' id='word_1_493' title='bbox 312 3569 505 3641; x_wconf 88' lang='lat' dir='ltr'>conqueritur,</span> <span class='ocrx_word' id='word_1_494' title='bbox 532 3583 582 3638; x_wconf 88' lang='lat' dir='ltr'>per</span> <span class='ocrx_word' id='word_1_495' title='bbox 600 3564 767 3620; x_wconf 87' lang='lat' dir='ltr'>calumniam</span> <span class='ocrx_word' id='word_1_496' title='bbox 784 3580 802 3618; x_wconf 88' lang='lat' dir='ltr'>a</span> <span class='ocrx_word' id='word_1_497' title='bbox 818 3562 972 3634; x_wconf 77' lang='lat' dir='ltr'>Vigilantio</span> <span class='ocrx_word' id='word_1_498' title='bbox 991 3563 1043 3618; x_wconf 92' lang='lat' dir='ltr'>hoc</span> <span class='ocrx_word' id='word_1_499' title='bbox 1061 3561 1147 3616; x_wconf 90' lang='lat' dir='ltr'>tribui</span> <span class='ocrx_word' id='word_1_500' title='bbox 1172 3569 1317 3636; x_wconf 71' lang='lat' dir='ltr'>manniae</span> <span class='ocrx_word' id='word_1_501' title='bbox 1340 3567 1497 3620; x_wconf 78' lang='lat' dir='ltr'>celebratae</span> <span class='ocrx_word' id='word_1_502' title='bbox 1520 3574 1546 3620; x_wconf 91' lang='lat' dir='ltr'>et</span> <span class='ocrx_word' id='word_1_503' title='bbox 1569 3567 1716 3635; x_wconf 80' lang='lat' dir='ltr'>sepultura</span> <span class='ocrx_word' id='word_1_504' title='bbox 1738 3568 1872 3636; x_wconf 85' lang='lat' dir='ltr'>precisa,</span> <span class='ocrx_word' id='word_1_505' title='bbox 1896 3568 2006 3638; x_wconf 76' lang='lat' dir='ltr'>ipsique</span> 
     </span>
     <span class='ocr_line' id='line_1_39' title="bbox 315 3648 2007 3722; baseline -0.004 -7"><span class='ocrx_word' id='word_1_506' title='bbox 315 3655 487 3712; x_wconf 58' lang='lat' dir='ltr'>Christiani&amp;</span> <span class='ocrx_word' id='word_1_507' title='bbox 541 3652 610 3715; x_wconf 82' lang='lat' dir='ltr'>Quis</span> <span class='ocrx_word' id='word_1_508' title='bbox 636 3651 757 3721; x_wconf 70' lang='lat' dir='ltr'>(lssqlfiil,</span> <span class='ocrx_word' id='word_1_509' title='bbox 777 3668 793 3704; x_wconf 91' lang='lat'><strong><em>⁰</em></strong></span> <span class='ocrx_word' id='word_1_510' title='bbox 815 3652 943 3703; x_wconf 62' lang='lat' dir='ltr'>imnum</span> <span class='ocrx_word' id='word_1_511' title='bbox 963 3657 1058 3718; x_wconf 87' lang='lat' dir='ltr'>eaput,</span> <span class='ocrx_word' id='word_1_512' title='bbox 1093 3648 1146 3701; x_wconf 70' lang='lat' dir='ltr'>ali·</span> <span class='ocrx_word' id='word_1_513' title='bbox 1173 3656 1240 3708; x_wconf 85' lang='lat' dir='ltr'>dum</span> <span class='ocrx_word' id='word_1_514' title='bbox 1257 3654 1388 3720; x_wconf 71' lang='lat' dir='ltr'>urerent,</span> <span class='ocrx_word' id='word_1_515' title='bbox 1408 3655 1444 3705; x_wconf 84' lang='lat' dir='ltr'>de</span> <span class='ocrx_word' id='word_1_516' title='bbox 1455 3652 1625 3722; x_wconf 83' lang='lat' dir='ltr'>sepeliendis</span> <span class='ocrx_word' id='word_1_517' title='bbox 1636 3654 1680 3706; x_wconf 87' lang='lat' dir='ltr'>vel</span> <span class='ocrx_word' id='word_1_518' title='bbox 1699 3654 1782 3705; x_wconf 88' lang='lat' dir='ltr'>etiam</span> <span class='ocrx_word' id='word_1_519' title='bbox 1797 3654 2007 3719; x_wconf 81' lang='lat' dir='ltr'>transferendis</span> 
     </span>
     <span class='ocr_line' id='line_1_40' title="bbox 175 3735 2007 3812; baseline 0.001 -19"><span class='ocrx_word' id='word_1_520' title='bbox 175 3753 244 3795; x_wconf 78' lang='lat' dir='ltr'>xvii.</span> <span class='ocrx_word' id='word_1_521' title='bbox 258 3749 303 3793; x_wconf 74' lang='lat' dir='ltr'>tlt.</span> <span class='ocrx_word' id='word_1_522' title='bbox 316 3744 429 3812; x_wconf 80' lang='lat' dir='ltr'>quaudo</span> <span class='ocrx_word' id='word_1_523' title='bbox 455 3747 593 3808; x_wconf 73' lang='lat' dir='ltr'>manprss</span> <span class='ocrx_word' id='word_1_524' title='bbox 611 3739 763 3791; x_wconf 71' lang='lat' dir='ltr'>adorauit!</span> <span class='ocrx_word' id='word_1_525' title='bbox 805 3738 866 3790; x_wconf 91' lang='lat' dir='ltr'>Nos</span> <span class='ocrx_word' id='word_1_526' title='bbox 883 3754 939 3790; x_wconf 90' lang='lat' dir='ltr'>non</span> <span class='ocrx_word' id='word_1_527' title='bbox 959 3735 1023 3788; x_wconf 86' lang='lat' dir='ltr'>dico</span> <span class='ocrx_word' id='word_1_528' title='bbox 1043 3742 1146 3802; x_wconf 74' lang='lat' dir='ltr'>marty·</span> <span class='ocrx_word' id='word_1_529' title='bbox 1171 3741 1229 3792; x_wconf 88' lang='lat' dir='ltr'>suis</span> <span class='ocrx_word' id='word_1_530' title='bbox 1249 3739 1413 3808; x_wconf 82' lang='lat' dir='ltr'>corporibus</span> <span class='ocrx_word' id='word_1_531' title='bbox 1425 3738 1500 3807; x_wconf 83' lang='lat' dir='ltr'>filiis</span> <span class='ocrx_word' id='word_1_532' title='bbox 1523 3741 1728 3792; x_wconf 81' lang='lat' dir='ltr'>mandaverunt</span> <span class='ocrx_word' id='word_1_533' title='bbox 1750 3745 1803 3795; x_wconf 85' lang='lat' dir='ltr'>etc.</span> <span class='ocrx_word' id='word_1_534' title='bbox 1823 3757 1917 3793; x_wconf 85' lang='lat' dir='ltr'>rerum</span> <span class='ocrx_word' id='word_1_535' title='bbox 1936 3742 2007 3796; x_wconf 89' lang='lat' dir='ltr'>istae</span> 
     </span>
     <span class='ocr_line' id='line_1_41' title="bbox 314 3822 2006 3898; baseline 0 -17"><span class='ocrx_word' id='word_1_536' title='bbox 314 3847 377 3883; x_wconf 91' lang='lat' dir='ltr'>rum</span> <span class='ocrx_word' id='word_1_537' title='bbox 394 3828 546 3898; x_wconf 77' lang='lat' dir='ltr'>reliquias,</span> <span class='ocrx_word' id='word_1_538' title='bbox 564 3825 616 3877; x_wconf 81' lang='lat' dir='ltr'>seri</span> <span class='ocrx_word' id='word_1_539' title='bbox 635 3841 668 3876; x_wconf 89' lang='lat' dir='ltr'>ne</span> <span class='ocrx_word' id='word_1_540' title='bbox 686 3825 772 3881; x_wconf 83' lang='lat' dir='ltr'>solem</span> <span class='ocrx_word' id='word_1_541' title='bbox 790 3824 902 3893; x_wconf 74' lang='lat' dir='ltr'>pridem</span> <span class='ocrx_word' id='word_1_542' title='bbox 920 3829 945 3874; x_wconf 87' lang='lat' dir='ltr'>et</span> <span class='ocrx_word' id='word_1_543' title='bbox 963 3822 1072 3891; x_wconf 88' lang='lat' dir='ltr'>lunam,</span> <span class='ocrx_word' id='word_1_544' title='bbox 1091 3839 1147 3875; x_wconf 90' lang='lat' dir='ltr'>non</span> <span class='ocrx_word' id='word_1_545' title='bbox 1173 3825 1356 3879; x_wconf 80' lang='lat' dir='ltr'>auctoritates</span> <span class='ocrx_word' id='word_1_546' title='bbox 1377 3843 1432 3877; x_wconf 89' lang='lat' dir='ltr'>nan</span> <span class='ocrx_word' id='word_1_547' title='bbox 1459 3825 1510 3878; x_wconf 85' lang='lat' dir='ltr'>boc</span> <span class='ocrx_word' id='word_1_548' title='bbox 1536 3826 1702 3888; x_wconf 84' lang='lat' dir='ltr'>admonent,</span> <span class='ocrx_word' id='word_1_549' title='bbox 1731 3826 1809 3893; x_wconf 73' lang='lat' dir='ltr'>quod</span> <span class='ocrx_word' id='word_1_550' title='bbox 1838 3826 1905 3879; x_wconf 84' lang='lat' dir='ltr'>insit</span> <span class='ocrx_word' id='word_1_551' title='bbox 1930 3828 2006 3881; x_wconf 85' lang='lat' dir='ltr'>ullus</span> 
     </span>
     <span class='ocr_line' id='line_1_42' title="bbox 315 3907 2008 3982; baseline -0.002 -13"><span class='ocrx_word' id='word_1_552' title='bbox 315 3914 511 3982; x_wconf 66' lang='lat' dir='ltr'>anastaseos</span> <span class='ocrx_word' id='word_1_553' title='bbox 531 3909 726 3980; x_wconf 83' lang='lat' dir='ltr'>arebanpelos,</span> <span class='ocrx_word' id='word_1_554' title='bbox 746 3927 801 3962; x_wconf 90' lang='lat' dir='ltr'>non</span> <span class='ocrx_word' id='word_1_555' title='bbox 814 3907 969 3975; x_wconf 75' lang='lat' dir='ltr'>Obemsbim,</span> <span class='ocrx_word' id='word_1_556' title='bbox 988 3925 1043 3962; x_wconf 92' lang='lat' dir='ltr'>non</span> <span class='ocrx_word' id='word_1_557' title='bbox 1062 3907 1147 3961; x_wconf 80' lang='lat' dir='ltr'>Sera-</span> <span class='ocrx_word' id='word_1_558' title='bbox 1174 3911 1359 3966; x_wconf 79' lang='lat' dir='ltr'>cadaueribus</span> <span class='ocrx_word' id='word_1_559' title='bbox 1375 3927 1487 3974; x_wconf 87' lang='lat' dir='ltr'>sensus,</span> <span class='ocrx_word' id='word_1_560' title='bbox 1512 3912 1563 3964; x_wconf 84' lang='lat' dir='ltr'>sed</span> <span class='ocrx_word' id='word_1_561' title='bbox 1579 3911 1620 3962; x_wconf 84' lang='lat' dir='ltr'>ad</span> <span class='ocrx_word' id='word_1_562' title='bbox 1640 3910 1698 3962; x_wconf 88' lang='lat' dir='ltr'>Dei</span> <span class='ocrx_word' id='word_1_563' title='bbox 1710 3912 1936 3978; x_wconf 80' lang='lat' dir='ltr'>prouidentiam,</span> <span class='ocrx_word' id='word_1_564' title='bbox 1961 3915 2008 3966; x_wconf 88' lang='lat' dir='ltr'>cui</span> 
     </span>
     <span class='ocr_line' id='line_1_43' title="bbox 310 3995 2005 4071; baseline -0.001 -17"><span class='ocrx_word' id='word_1_565' title='bbox 310 4001 391 4071; x_wconf 82' lang='lat' dir='ltr'>pbim</span> <span class='ocrx_word' id='word_1_566' title='bbox 411 4007 437 4053; x_wconf 88' lang='lat' dir='ltr'>et</span> <span class='ocrx_word' id='word_1_567' title='bbox 455 4015 533 4052; x_wconf 88' lang='lat' dir='ltr'>omne</span> <span class='ocrx_word' id='word_1_568' title='bbox 551 4014 666 4064; x_wconf 86' lang='lat' dir='ltr'>nomen,</span> <span class='ocrx_word' id='word_1_569' title='bbox 683 3998 760 4065; x_wconf 77' lang='lat' dir='ltr'>quod</span> <span class='ocrx_word' id='word_1_570' title='bbox 781 3997 941 4050; x_wconf 87' lang='lat' dir='ltr'>nominatur</span> <span class='ocrx_word' id='word_1_571' title='bbox 965 4002 991 4047; x_wconf 91' lang='lat' dir='ltr'>et</span> <span class='ocrx_word' id='word_1_572' title='bbox 1009 3995 1039 4047; x_wconf 89' lang='lat' dir='ltr'>in</span> <span class='ocrx_word' id='word_1_573' title='bbox 1062 4011 1146 4064; x_wconf 86' lang='lat' dir='ltr'>prae·</span> <span class='ocrx_word' id='word_1_574' title='bbox 1171 3999 1284 4069; x_wconf 88' lang='lat' dir='ltr'>placent</span> <span class='ocrx_word' id='word_1_575' title='bbox 1313 3998 1395 4049; x_wconf 86' lang='lat' dir='ltr'>etiam</span> <span class='ocrx_word' id='word_1_576' title='bbox 1425 3998 1497 4050; x_wconf 86' lang='lat' dir='ltr'>talia</span> <span class='ocrx_word' id='word_1_577' title='bbox 1522 3997 1641 4067; x_wconf 84' lang='lat' dir='ltr'>pietatis</span> <span class='ocrx_word' id='word_1_578' title='bbox 1660 3997 1773 4066; x_wconf 76' lang='lat' dir='ltr'>officia,</span> <span class='ocrx_word' id='word_1_579' title='bbox 1799 4015 1919 4067; x_wconf 86' lang='lat' dir='ltr'>corpora</span> <span class='ocrx_word' id='word_1_580' title='bbox 1939 4017 2005 4068; x_wconf 79' lang='lat' dir='ltr'>quo·</span> 
     </span>
     <span class='ocr_line' id='line_1_44' title="bbox 316 4082 2007 4156; baseline -0.001 -15"><span class='ocrx_word' id='word_1_581' title='bbox 316 4088 388 4142; x_wconf 88' lang='lat' dir='ltr'>senti</span> <span class='ocrx_word' id='word_1_582' title='bbox 405 4086 499 4140; x_wconf 88' lang='lat' dir='ltr'>seculo</span> <span class='ocrx_word' id='word_1_583' title='bbox 518 4093 544 4137; x_wconf 89' lang='lat' dir='ltr'>et</span> <span class='ocrx_word' id='word_1_584' title='bbox 562 4085 592 4137; x_wconf 90' lang='lat' dir='ltr'>in</span> <span class='ocrx_word' id='word_1_585' title='bbox 603 4087 724 4152; x_wconf 77' lang='lat' dir='ltr'>futuro,</span> <span class='ocrx_word' id='word_1_586' title='bbox 747 4082 864 4137; x_wconf 88' lang='lat' dir='ltr'>colimus</span> <span class='ocrx_word' id='word_1_587' title='bbox 882 4091 908 4136; x_wconf 91' lang='lat' dir='ltr'>et</span> <span class='ocrx_word' id='word_1_588' title='bbox 924 4084 1088 4145; x_wconf 68' lang='lat' dir='ltr'>acuamus,</span> <span class='ocrx_word' id='word_1_589' title='bbox 1113 4098 1148 4135; x_wconf 88' lang='lat' dir='ltr'>ne</span> <span class='ocrx_word' id='word_1_590' title='bbox 1175 4100 1226 4154; x_wconf 75' lang='lat' dir='ltr'>pse</span> <span class='ocrx_word' id='word_1_591' title='bbox 1242 4091 1414 4137; x_wconf 83' lang='lat' dir='ltr'>mortuorum</span> <span class='ocrx_word' id='word_1_592' title='bbox 1428 4084 1572 4156; x_wconf 85' lang='lat' dir='ltr'>pertinere</span> <span class='ocrx_word' id='word_1_593' title='bbox 1594 4084 1754 4151; x_wconf 81' lang='lat' dir='ltr'>sipnificant</span> <span class='ocrx_word' id='word_1_594' title='bbox 1773 4093 1894 4155; x_wconf 89' lang='lat' dir='ltr'>propter</span> <span class='ocrx_word' id='word_1_595' title='bbox 1921 4087 2007 4147; x_wconf 76' lang='lat' dir='ltr'>tidem</span> 
     </span>
     <span class='ocr_line' id='line_1_45' title="bbox 316 4162 2006 4239; baseline -0.002 -10"><span class='ocrx_word' id='word_1_596' title='bbox 316 4162 470 4229; x_wconf 79' lang='lat' dir='ltr'>serviamus</span> <span class='ocrx_word' id='word_1_597' title='bbox 490 4179 634 4226; x_wconf 71' lang='lat' dir='ltr'>mestruas</span> <span class='ocrx_word' id='word_1_598' title='bbox 652 4170 748 4239; x_wconf 88' lang='lat' dir='ltr'>potius</span> <span class='ocrx_word' id='word_1_599' title='bbox 768 4187 852 4238; x_wconf 79' lang='lat' dir='ltr'>quam</span> <span class='ocrx_word' id='word_1_600' title='bbox 876 4169 1007 4225; x_wconf 82' lang='lat' dir='ltr'>creatori.</span> <span class='ocrx_word' id='word_1_601' title='bbox 1041 4169 1084 4223; x_wconf 87' lang='lat' dir='ltr'>De</span> <span class='ocrx_word' id='word_1_602' title='bbox 1103 4185 1146 4223; x_wconf 88' lang='lat' dir='ltr'>ce·</span> <span class='ocrx_word' id='word_1_603' title='bbox 1173 4171 1387 4225; x_wconf 77' lang='lat' dir='ltr'>ressurectionis</span> <span class='ocrx_word' id='word_1_604' title='bbox 1407 4171 1617 4223; x_wconf 73' lang='lat' dir='ltr'>arlstrnendam.</span> <span class='ocrx_word' id='word_1_605' title='bbox 1648 4170 1701 4222; x_wconf 85' lang='lat' dir='ltr'>Ubi</span> <span class='ocrx_word' id='word_1_606' title='bbox 1719 4178 1743 4223; x_wconf 88' lang='lat' dir='ltr'>et</span> <span class='ocrx_word' id='word_1_607' title='bbox 1760 4170 1837 4224; x_wconf 85' lang='lat' dir='ltr'>illud</span> <span class='ocrx_word' id='word_1_608' title='bbox 1854 4172 2006 4226; x_wconf 65' lang='lat' dir='ltr'>salther</span> 
     </span>
     <span class='ocr_line' id='line_1_46' title="bbox 316 4255 2006 4330; baseline -0.002 -15"><span class='ocrx_word' id='word_1_609' title='bbox 316 4261 370 4315; x_wconf 90' lang='lat' dir='ltr'>reis</span> <span class='ocrx_word' id='word_1_610' title='bbox 383 4258 545 4330; x_wconf 86' lang='lat' dir='ltr'>respondet,</span> <span class='ocrx_word' id='word_1_611' title='bbox 570 4259 604 4310; x_wconf 82' lang='lat' dir='ltr'>id</span> <span class='ocrx_word' id='word_1_612' title='bbox 621 4259 719 4321; x_wconf 79' lang='lat' dir='ltr'>facere</span> <span class='ocrx_word' id='word_1_613' title='bbox 741 4257 832 4309; x_wconf 90' lang='lat' dir='ltr'>solum</span> <span class='ocrx_word' id='word_1_614' title='bbox 850 4255 1048 4323; x_wconf 85' lang='lat' dir='ltr'>mulierculas,</span> <span class='ocrx_word' id='word_1_615' title='bbox 1075 4273 1146 4324; x_wconf 81' lang='lat' dir='ltr'>quac</span> <span class='ocrx_word' id='word_1_616' title='bbox 1175 4258 1304 4323; x_wconf 81' lang='lat' dir='ltr'>discitur,</span> <span class='ocrx_word' id='word_1_617' title='bbox 1321 4264 1427 4325; x_wconf 81' lang='lat' dir='ltr'>quanta</span> <span class='ocrx_word' id='word_1_618' title='bbox 1441 4258 1534 4326; x_wconf 85' lang='lat' dir='ltr'>possit</span> <span class='ocrx_word' id='word_1_619' title='bbox 1550 4258 1809 4311; x_wconf 82' lang='lat' dir='ltr'>asseremunerntia</span> <span class='ocrx_word' id='word_1_620' title='bbox 1822 4275 1877 4327; x_wconf 89' lang='lat' dir='ltr'>pro</span> <span class='ocrx_word' id='word_1_621' title='bbox 1892 4258 2006 4312; x_wconf 69' lang='lat' dir='ltr'>daemo-</span> 
     </span>
     <span class='ocr_line' id='line_1_47' title="bbox 317 4341 2008 4413; baseline -0.001 -13"><span class='ocrx_word' id='word_1_622' title='bbox 317 4348 405 4401; x_wconf 84' lang='lat' dir='ltr'>selum</span> <span class='ocrx_word' id='word_1_623' title='bbox 424 4346 532 4413; x_wconf 83' lang='lat' dir='ltr'>labent,</span> <span class='ocrx_word' id='word_1_624' title='bbox 553 4345 606 4397; x_wconf 83' lang='lat' dir='ltr'>sed</span> <span class='ocrx_word' id='word_1_625' title='bbox 625 4362 681 4397; x_wconf 87' lang='lat' dir='ltr'>uon</span> <span class='ocrx_word' id='word_1_626' title='bbox 697 4343 849 4396; x_wconf 75' lang='lat' dir='ltr'>acciendum</span> <span class='ocrx_word' id='word_1_627' title='bbox 866 4341 1018 4395; x_wconf 87' lang='lat' dir='ltr'>scientiam.</span> <span class='ocrx_word' id='word_1_628' title='bbox 1059 4341 1148 4407; x_wconf 83' lang='lat' dir='ltr'>OExci·</span> <span class='ocrx_word' id='word_1_629' title='bbox 1174 4345 1268 4411; x_wconf 82' lang='lat' dir='ltr'>spuis,</span> <span class='ocrx_word' id='word_1_630' title='bbox 1286 4360 1357 4412; x_wconf 74' lang='lat' dir='ltr'>quas</span> <span class='ocrx_word' id='word_1_631' title='bbox 1376 4344 1526 4396; x_wconf 84' lang='lat' dir='ltr'>uisentibus</span> <span class='ocrx_word' id='word_1_632' title='bbox 1545 4352 1570 4395; x_wconf 87' lang='lat' dir='ltr'>et</span> <span class='ocrx_word' id='word_1_633' title='bbox 1588 4343 1767 4396; x_wconf 81' lang='lat' dir='ltr'>sentientibus</span> <span class='ocrx_word' id='word_1_634' title='bbox 1785 4344 1957 4409; x_wconf 83' lang='lat' dir='ltr'>esbibemus,</span> <span class='ocrx_word' id='word_1_635' title='bbox 1982 4348 2008 4399; x_wconf 86' lang='lat' dir='ltr'>si</span> 
     </span>
     <span class='ocr_line' id='line_1_48' title="bbox 317 4415 2007 4501; baseline 0 -15"><span class='ocrx_word' id='word_1_636' title='bbox 317 4433 360 4501; x_wconf 92' lang='lat' dir='ltr'>pit</span> <span class='ocrx_word' id='word_1_637' title='bbox 388 4430 585 4493; x_wconf 88' lang='lat' dir='ltr'>Bellarminus,</span> <span class='ocrx_word' id='word_1_638' title='bbox 617 4431 817 4496; x_wconf 77' lang='lat' dir='ltr'>Hieronymum</span> <span class='ocrx_word' id='word_1_639' title='bbox 853 4430 887 4482; x_wconf 86' lang='lat' dir='ltr'>de</span> <span class='ocrx_word' id='word_1_640' title='bbox 920 4427 980 4481; x_wconf 89' lang='lat' dir='ltr'>illis</span> <span class='ocrx_word' id='word_1_641' title='bbox 1010 4430 1149 4482; x_wconf 74' lang='lat' dir='ltr'>duntaxat</span> <span class='ocrx_word' id='word_1_642' title='bbox 1175 4447 1261 4500; x_wconf 76' lang='lat' dir='ltr'>neque</span> <span class='ocrx_word' id='word_1_643' title='bbox 1278 4430 1329 4484; x_wconf 82' lang='lat' dir='ltr'>loc</span> <span class='ocrx_word' id='word_1_644' title='bbox 1347 4431 1427 4499; x_wconf 83' lang='lat' dir='ltr'>apud</span> <span class='ocrx_word' id='word_1_645' title='bbox 1447 4415 1538 4482; x_wconf 67' lang='lat' dir='ltr'>De‘um</span> <span class='ocrx_word' id='word_1_646' title='bbox 1553 4430 1643 4498; x_wconf 88' lang='lat' dir='ltr'>perit,</span> <span class='ocrx_word' id='word_1_647' title='bbox 1671 4432 1749 4499; x_wconf 81' lang='lat' dir='ltr'>quad</span> <span class='ocrx_word' id='word_1_648' title='bbox 1765 4431 1902 4485; x_wconf 83' lang='lat' dir='ltr'>ecauimis</span> <span class='ocrx_word' id='word_1_649' title='bbox 1921 4432 2007 4487; x_wconf 78' lang='lat' dir='ltr'>bonsi-</span> 
     </span>
     <span class='ocr_line' id='line_1_49' title="bbox 318 4513 2008 4587; baseline 0.002 -17"><span class='ocrx_word' id='word_1_650' title='bbox 318 4517 411 4587; x_wconf 82' lang='lat' dir='ltr'>loqui,</span> <span class='ocrx_word' id='word_1_651' title='bbox 448 4517 498 4587; x_wconf 78' lang='lat' dir='ltr'>qui</span> <span class='ocrx_word' id='word_1_652' title='bbox 522 4516 678 4570; x_wconf 87' lang='lat' dir='ltr'>accendunt</span> <span class='ocrx_word' id='word_1_653' title='bbox 706 4530 816 4581; x_wconf 86' lang='lat' dir='ltr'>cereos,</span> <span class='ocrx_word' id='word_1_654' title='bbox 845 4513 1048 4580; x_wconf 66' lang='lat' dir='ltr'>aasumensi,</span> <span class='ocrx_word' id='word_1_655' title='bbox 1083 4515 1149 4568; x_wconf 85' lang='lat' dir='ltr'>inde</span> <span class='ocrx_word' id='word_1_656' title='bbox 1175 4535 1239 4570; x_wconf 77' lang='lat' dir='ltr'>nram</span> <span class='ocrx_word' id='word_1_657' title='bbox 1277 4517 1406 4569; x_wconf 86' lang='lat' dir='ltr'>membris</span> <span class='ocrx_word' id='word_1_658' title='bbox 1448 4516 1541 4583; x_wconf 81' lang='lat' dir='ltr'>officii</span> <span class='ocrx_word' id='word_1_659' title='bbox 1573 4516 1792 4585; x_wconf 81' lang='lat' dir='ltr'>dilipentiaequs</span> <span class='ocrx_word' id='word_1_660' title='bbox 1823 4518 2008 4585; x_wconf 83' lang='lat' dir='ltr'>persolvitur.</span> 
     </span>
     <span class='ocr_line' id='line_1_50' title="bbox 318 4599 2009 4674; baseline 0.002 -19"><span class='ocrx_word' id='word_1_661' title='bbox 318 4611 455 4670; x_wconf 69' lang='lat' dir='ltr'>mamprss</span> <span class='ocrx_word' id='word_1_662' title='bbox 473 4601 624 4664; x_wconf 88' lang='lat' dir='ltr'>illustrari,</span> <span class='ocrx_word' id='word_1_663' title='bbox 643 4618 704 4653; x_wconf 87' lang='lat' dir='ltr'>cum</span> <span class='ocrx_word' id='word_1_664' title='bbox 723 4601 754 4652; x_wconf 89' lang='lat' dir='ltr'>in</span> <span class='ocrx_word' id='word_1_665' title='bbox 772 4599 891 4653; x_wconf 87' lang='lat' dir='ltr'>ecclesia</span> <span class='ocrx_word' id='word_1_666' title='bbox 907 4599 1040 4653; x_wconf 66' lang='lat' dir='ltr'>mictum</span> <span class='ocrx_word' id='word_1_667' title='bbox 1054 4603 1149 4671; x_wconf 77' lang='lat' dir='ltr'>fuerit</span> <span class='ocrx_word' id='word_1_668' title='bbox 1175 4602 1223 4656; x_wconf 93' lang='lat' dir='ltr'>lib.</span> <span class='ocrx_word' id='word_1_669' title='bbox 1248 4608 1271 4659; x_wconf 88' lang='lat'>8.</span> <span class='ocrx_word' id='word_1_670' title='bbox 1295 4617 1357 4674; x_wconf 90' lang='lat' dir='ltr'>cap.</span> <span class='ocrx_word' id='word_1_671' title='bbox 1382 4607 1431 4657; x_wconf 78' lang='lat' dir='ltr'>st:</span> <span class='ocrx_word' id='word_1_672' title='bbox 1463 4603 1522 4655; x_wconf 87' lang='lat' dir='ltr'>Nos</span> <span class='ocrx_word' id='word_1_673' title='bbox 1546 4603 1715 4670; x_wconf 82' lang='lat' dir='ltr'>martyribus</span> <span class='ocrx_word' id='word_1_674' title='bbox 1732 4619 1788 4655; x_wconf 89' lang='lat' dir='ltr'>non</span> <span class='ocrx_word' id='word_1_675' title='bbox 1811 4604 1928 4671; x_wconf 87' lang='lat' dir='ltr'>templa,</span> <span class='ocrx_word' id='word_1_676' title='bbox 1958 4621 2009 4658; x_wconf 87' lang='lat' dir='ltr'>nec</span> 
     </span>
     <span class='ocr_line' id='line_1_51' title="bbox 319 4685 2007 4756; baseline 0.001 -13"><span class='ocrx_word' id='word_1_677' title='bbox 319 4690 602 4749; x_wconf 69' lang='lat' dir='ltr'>accucurrerunt,</span> <span class='ocrx_word' id='word_1_678' title='bbox 628 4703 689 4739; x_wconf 86' lang='lat' dir='ltr'>cum</span> <span class='ocrx_word' id='word_1_679' title='bbox 714 4685 817 4754; x_wconf 78' lang='lat' dir='ltr'>lepitur</span> <span class='ocrx_word' id='word_1_680' title='bbox 839 4685 1011 4754; x_wconf 79' lang='lat' dir='ltr'>euanprlium</span> <span class='ocrx_word' id='word_1_681' title='bbox 1037 4694 1063 4738; x_wconf 86' lang='lat' dir='ltr'>st</span> <span class='ocrx_word' id='word_1_682' title='bbox 1088 4703 1149 4739; x_wconf 89' lang='lat' dir='ltr'>cum</span> <span class='ocrx_word' id='word_1_683' title='bbox 1176 4689 1351 4756; x_wconf 85' lang='lat' dir='ltr'>sacerdotia,</span> <span class='ocrx_word' id='word_1_684' title='bbox 1384 4704 1435 4740; x_wconf 89' lang='lat' dir='ltr'>nec</span> <span class='ocrx_word' id='word_1_685' title='bbox 1463 4705 1548 4742; x_wconf 83' lang='lat' dir='ltr'>sacra</span> <span class='ocrx_word' id='word_1_686' title='bbox 1580 4697 1606 4740; x_wconf 88' lang='lat' dir='ltr'>et</span> <span class='ocrx_word' id='word_1_687' title='bbox 1634 4688 1779 4756; x_wconf 79' lang='lat' dir='ltr'>sacrificia</span> <span class='ocrx_word' id='word_1_688' title='bbox 1810 4689 2007 4756; x_wconf 58' lang='lat' dir='ltr'>accubuimus,</span> 
     </span>
     <span class='ocr_line' id='line_1_52' title="bbox 319 4771 2006 4845; baseline 0.002 -17"><span class='ocrx_word' id='word_1_689' title='bbox 319 4773 422 4828; x_wconf 86' lang='lat' dir='ltr'>mortui</span> <span class='ocrx_word' id='word_1_690' title='bbox 452 4773 622 4836; x_wconf 79' lang='lat' dir='ltr'>deferuntur</span> <span class='ocrx_word' id='word_1_691' title='bbox 649 4773 690 4823; x_wconf 86' lang='lat' dir='ltr'>ad</span> <span class='ocrx_word' id='word_1_692' title='bbox 713 4771 884 4843; x_wconf 88' lang='lat' dir='ltr'>sepulcrum,</span> <span class='ocrx_word' id='word_1_693' title='bbox 910 4773 988 4841; x_wconf 76' lang='lat' dir='ltr'>quod</span> <span class='ocrx_word' id='word_1_694' title='bbox 1011 4773 1149 4840; x_wconf 77' lang='lat' dir='ltr'>Hierony·</span> <span class='ocrx_word' id='word_1_695' title='bbox 1176 4776 1306 4844; x_wconf 78' lang='lat' dir='ltr'>quoniam</span> <span class='ocrx_word' id='word_1_696' title='bbox 1326 4793 1382 4845; x_wconf 71' lang='lat' dir='ltr'>nors</span> <span class='ocrx_word' id='word_1_697' title='bbox 1400 4774 1463 4844; x_wconf 87' lang='lat' dir='ltr'>ipsi,</span> <span class='ocrx_word' id='word_1_698' title='bbox 1482 4775 1535 4826; x_wconf 84' lang='lat' dir='ltr'>sed</span> <span class='ocrx_word' id='word_1_699' title='bbox 1553 4776 1631 4828; x_wconf 88' lang='lat' dir='ltr'>Deus</span> <span class='ocrx_word' id='word_1_700' title='bbox 1652 4792 1746 4826; x_wconf 72' lang='lat' dir='ltr'>eonem</span> <span class='ocrx_word' id='word_1_701' title='bbox 1761 4774 1841 4827; x_wconf 88' lang='lat' dir='ltr'>nobis</span> <span class='ocrx_word' id='word_1_702' title='bbox 1860 4785 1900 4829; x_wconf 84' lang='lat' dir='ltr'>est</span> <span class='ocrx_word' id='word_1_703' title='bbox 1919 4779 2006 4833; x_wconf 87' lang='lat' dir='ltr'>Dens.</span> 
     </span>
     <span class='ocr_line' id='line_1_53' title="bbox 318 4856 2008 4930; baseline 0.003 -19"><span class='ocrx_word' id='word_1_704' title='bbox 318 4876 379 4911; x_wconf 79' lang='lat' dir='ltr'>mess</span> <span class='ocrx_word' id='word_1_705' title='bbox 397 4876 452 4912; x_wconf 87' lang='lat' dir='ltr'>non</span> <span class='ocrx_word' id='word_1_706' title='bbox 473 4857 614 4926; x_wconf 87' lang='lat' dir='ltr'>improbet.</span> <span class='ocrx_word' id='word_1_707' title='bbox 654 4856 875 4927; x_wconf 85' lang='lat' dir='ltr'>Respondemus:</span> <span class='ocrx_word' id='word_1_708' title='bbox 900 4864 919 4912; x_wconf 89' lang='grc'>1.</span> <span class='ocrx_word' id='word_1_709' title='bbox 933 4874 984 4911; x_wconf 90' lang='lat' dir='ltr'>nee</span> <span class='ocrx_word' id='word_1_710' title='bbox 1001 4873 1051 4911; x_wconf 91' lang='lat' dir='ltr'>nos</span> <span class='ocrx_word' id='word_1_711' title='bbox 1071 4858 1149 4912; x_wconf 87' lang='lat' dir='ltr'>abso·</span> <span class='ocrx_word' id='word_1_712' title='bbox 1178 4863 1358 4914; x_wconf 82' lang='lat' dir='ltr'>Honoraruus</span> <span class='ocrx_word' id='word_1_713' title='bbox 1377 4877 1446 4930; x_wconf 81' lang='lat' dir='ltr'>sane</span> <span class='ocrx_word' id='word_1_714' title='bbox 1462 4862 1610 4914; x_wconf 76' lang='lat' dir='ltr'>memorias</span> <span class='ocrx_word' id='word_1_715' title='bbox 1630 4877 1725 4913; x_wconf 86' lang='lat' dir='ltr'>eorum</span> <span class='ocrx_word' id='word_1_716' title='bbox 1744 4868 1878 4930; x_wconf 78' lang='lat' dir='ltr'>tanquam</span> <span class='ocrx_word' id='word_1_717' title='bbox 1899 4870 2008 4916; x_wconf 86' lang='lat' dir='ltr'>sancto·</span> 
     </span>
     <span class='ocr_line' id='line_1_54' title="bbox 318 4941 2009 5016; baseline 0.003 -18"><span class='ocrx_word' id='word_1_718' title='bbox 318 4944 376 4999; x_wconf 89' lang='lat' dir='ltr'>luto</span> <span class='ocrx_word' id='word_1_719' title='bbox 393 4950 421 4998; x_wconf 92' lang='lat' dir='ltr'>et</span> <span class='ocrx_word' id='word_1_720' title='bbox 434 4941 594 5012; x_wconf 83' lang='lat' dir='ltr'>simpliciter</span> <span class='ocrx_word' id='word_1_721' title='bbox 609 4958 750 4997; x_wconf 87' lang='lat' dir='ltr'>cereorum</span> <span class='ocrx_word' id='word_1_722' title='bbox 769 4941 958 4997; x_wconf 88' lang='lat' dir='ltr'>accensionem</span> <span class='ocrx_word' id='word_1_723' title='bbox 977 4942 1148 5016; x_wconf 89' lang='lat' dir='ltr'>damnamus,</span> <span class='ocrx_word' id='word_1_724' title='bbox 1174 4967 1237 5002; x_wconf 83' lang='lat' dir='ltr'>rum</span> <span class='ocrx_word' id='word_1_725' title='bbox 1258 4948 1317 5000; x_wconf 85' lang='lat' dir='ltr'>Dei</span> <span class='ocrx_word' id='word_1_726' title='bbox 1332 4946 1484 5014; x_wconf 83' lang='lat' dir='ltr'>bominum,</span> <span class='ocrx_word' id='word_1_727' title='bbox 1513 4948 1562 5015; x_wconf 77' lang='lat' dir='ltr'>qai</span> <span class='ocrx_word' id='word_1_728' title='bbox 1587 4963 1673 5016; x_wconf 77' lang='lat' dir='ltr'>usque</span> <span class='ocrx_word' id='word_1_729' title='bbox 1697 4948 1739 4998; x_wconf 82' lang='lat' dir='ltr'>ari</span> <span class='ocrx_word' id='word_1_730' title='bbox 1760 4955 1877 5001; x_wconf 84' lang='lat' dir='ltr'>mortem</span> <span class='ocrx_word' id='word_1_731' title='bbox 1894 4964 2009 5003; x_wconf 77' lang='lat' dir='ltr'>errorum</span> 
     </span>
     <span class='ocr_line' id='line_1_55' title="bbox 318 5027 2009 5104; baseline 0.002 -18"><span class='ocrx_word' id='word_1_732' title='bbox 318 5047 381 5086; x_wconf 88' lang='lat' dir='ltr'>cum</span> <span class='ocrx_word' id='word_1_733' title='bbox 411 5030 441 5083; x_wconf 88' lang='lat' dir='ltr'>in</span> <span class='ocrx_word' id='word_1_734' title='bbox 474 5027 639 5100; x_wconf 88' lang='lat' dir='ltr'>quibusdam</span> <span class='ocrx_word' id='word_1_735' title='bbox 672 5029 795 5086; x_wconf 87' lang='lat' dir='ltr'>ecclesiis</span> <span class='ocrx_word' id='word_1_736' title='bbox 823 5030 899 5100; x_wconf 88' lang='lat' dir='ltr'>apud</span> <span class='ocrx_word' id='word_1_737' title='bbox 924 5046 974 5084; x_wconf 91' lang='lat' dir='ltr'>nos</span> <span class='ocrx_word' id='word_1_738' title='bbox 999 5046 1032 5086; x_wconf 87' lang='lat' dir='ltr'>aa</span> <span class='ocrx_word' id='word_1_739' title='bbox 1057 5031 1148 5085; x_wconf 87' lang='lat' dir='ltr'>adhue</span> <span class='ocrx_word' id='word_1_740' title='bbox 1176 5052 1323 5104; x_wconf 83' lang='lat' dir='ltr'>corporum</span> <span class='ocrx_word' id='word_1_741' title='bbox 1351 5051 1405 5103; x_wconf 87' lang='lat' dir='ltr'>pro</span> <span class='ocrx_word' id='word_1_742' title='bbox 1434 5033 1551 5087; x_wconf 66' lang='lat' dir='ltr'>ondam</span> <span class='ocrx_word' id='word_1_743' title='bbox 1577 5041 1733 5101; x_wconf 81' lang='lat' dir='ltr'>certarunt,</span> <span class='ocrx_word' id='word_1_744' title='bbox 1764 5041 1795 5086; x_wconf 92' lang='lat' dir='ltr'>ut</span> <span class='ocrx_word' id='word_1_745' title='bbox 1826 5036 2009 5090; x_wconf 68' lang='lat' dir='ltr'>innatast-aet</span> 
     </span>
     <span class='ocr_line' id='line_1_56' title="bbox 318 5082 2007 5191; baseline 0.003 -19"><span class='ocrx_word' id='word_1_746' title='bbox 318 5123 432 5187; x_wconf 88' lang='lat' dir='ltr'>recepta</span> <span class='ocrx_word' id='word_1_747' title='bbox 462 5115 513 5183; x_wconf 88' lang='lat' dir='ltr'>sit,</span> <span class='ocrx_word' id='word_1_748' title='bbox 544 5119 604 5168; x_wconf 89' lang='lat' dir='ltr'>tum</span> <span class='ocrx_word' id='word_1_749' title='bbox 634 5115 662 5169; x_wconf 89' lang='lat' dir='ltr'>in</span> <span class='ocrx_word' id='word_1_750' title='bbox 693 5115 875 5172; x_wconf 89' lang='lat' dir='ltr'>eucharistiae</span> <span class='ocrx_word' id='word_1_751' title='bbox 903 5082 1241 5188; x_wconf 62' lang='lat' dir='ltr'>administrationelsera</span> <span class='ocrx_word' id='word_1_752' title='bbox 1258 5120 1360 5190; x_wconf 81' lang='lat' dir='ltr'>relipio</span> <span class='ocrx_word' id='word_1_753' title='bbox 1371 5119 1465 5186; x_wconf 86' lang='lat' dir='ltr'>salsis</span> <span class='ocrx_word' id='word_1_754' title='bbox 1493 5119 1678 5191; x_wconf 65' lang='lat' dir='ltr'>religionibus</span> <span class='ocrx_word' id='word_1_755' title='bbox 1702 5120 1832 5190; x_wconf 76' lang='lat' dir='ltr'>fictisque</span> <span class='ocrx_word' id='word_1_756' title='bbox 1857 5123 2007 5190; x_wconf 74' lang='lat' dir='ltr'>amaras,-</span> 
     </span>
     <span class='ocr_line' id='line_1_57' title="bbox 317 5201 2008 5278; baseline 0.002 -20"><span class='ocrx_word' id='word_1_757' title='bbox 317 5209 377 5258; x_wconf 89' lang='lat' dir='ltr'>tum</span> <span class='ocrx_word' id='word_1_758' title='bbox 401 5203 429 5256; x_wconf 94' lang='lat' dir='ltr'>in</span> <span class='ocrx_word' id='word_1_759' title='bbox 456 5201 585 5256; x_wconf 79' lang='lat' dir='ltr'>funerum</span> <span class='ocrx_word' id='word_1_760' title='bbox 608 5202 762 5270; x_wconf 88' lang='lat' dir='ltr'>curatione,</span> <span class='ocrx_word' id='word_1_761' title='bbox 795 5207 853 5257; x_wconf 89' lang='lat' dir='ltr'>tum</span> <span class='ocrx_word' id='word_1_762' title='bbox 877 5202 906 5257; x_wconf 87' lang='lat' dir='ltr'>in</span> <span class='ocrx_word' id='word_1_763' title='bbox 931 5220 1066 5259; x_wconf 81' lang='lat' dir='ltr'>novorum</span> <span class='ocrx_word' id='word_1_764' title='bbox 1085 5223 1149 5260; x_wconf 86' lang='lat' dir='ltr'>con·</span> <span class='ocrx_word' id='word_1_765' title='bbox 1174 5209 1236 5278; x_wconf 78' lang='lat' dir='ltr'>quis</span> <span class='ocrx_word' id='word_1_766' title='bbox 1249 5207 1462 5260; x_wconf 72' lang='lat' dir='ltr'>annemundiuit</span> <span class='ocrx_word' id='word_1_767' title='bbox 1475 5206 1632 5276; x_wconf 82' lang='lat' dir='ltr'>aliquanda</span> <span class='ocrx_word' id='word_1_768' title='bbox 1641 5206 1773 5275; x_wconf 83' lang='lat' dir='ltr'>fidelium</span> <span class='ocrx_word' id='word_1_769' title='bbox 1784 5214 2008 5262; x_wconf 85' lang='lat' dir='ltr'>stantemsacsr-</span> 
     </span>
     <span class='ocr_line' id='line_1_58' title="bbox 315 5287 2006 5363; baseline 0.003 -20"><span class='ocrx_word' id='word_1_770' title='bbox 315 5289 416 5361; x_wconf 83' lang='lat' dir='ltr'>jugum</span> <span class='ocrx_word' id='word_1_771' title='bbox 437 5288 473 5342; x_wconf 87' lang='lat' dir='ltr'>ad</span> <span class='ocrx_word' id='word_1_772' title='bbox 493 5287 626 5359; x_wconf 90' lang='lat' dir='ltr'>templum</span> <span class='ocrx_word' id='word_1_773' title='bbox 645 5287 813 5345; x_wconf 86' lang='lat' dir='ltr'>deductione</span> <span class='ocrx_word' id='word_1_774' title='bbox 855 5290 944 5359; x_wconf 68' lang='lat' dir='ltr'>lpse,</span> <span class='ocrx_word' id='word_1_775' title='bbox 963 5290 1002 5343; x_wconf 89' lang='lat' dir='ltr'>ait</span> <span class='ocrx_word' id='word_1_776' title='bbox 1019 5290 1072 5345; x_wconf 90' lang='lat' dir='ltr'>hoc</span> <span class='ocrx_word' id='word_1_777' title='bbox 1089 5290 1148 5345; x_wconf 88' lang='lat' dir='ltr'>loco</span> <span class='ocrx_word' id='word_1_778' title='bbox 1174 5295 1266 5348; x_wconf 81' lang='lat' dir='ltr'>dotem</span> <span class='ocrx_word' id='word_1_779' title='bbox 1290 5295 1332 5346; x_wconf 81' lang='lat' dir='ltr'>ad</span> <span class='ocrx_word' id='word_1_780' title='bbox 1347 5292 1441 5347; x_wconf 90' lang='lat' dir='ltr'>altare</span> <span class='ocrx_word' id='word_1_781' title='bbox 1459 5293 1541 5346; x_wconf 84' lang='lat' dir='ltr'>etiam</span> <span class='ocrx_word' id='word_1_782' title='bbox 1559 5306 1645 5359; x_wconf 86' lang='lat' dir='ltr'>super</span> <span class='ocrx_word' id='word_1_783' title='bbox 1668 5300 1794 5346; x_wconf 82' lang='lat' dir='ltr'>sanctum</span> <span class='ocrx_word' id='word_1_784' title='bbox 1813 5309 1915 5363; x_wconf 78' lang='lat' dir='ltr'>corpus</span> <span class='ocrx_word' id='word_1_785' title='bbox 1932 5312 2006 5348; x_wconf 88' lang='lat' dir='ltr'>mar-</span> 
     </span>
     <span class='ocr_line' id='line_1_59' title="bbox 320 5374 2008 5504; baseline 0.002 -73"><span class='ocrx_word' id='word_1_786' title='bbox 320 5374 512 5440; x_wconf 87' lang='lat' dir='ltr'>Bellarminus,</span> <span class='ocrx_word' id='word_1_787' title='bbox 533 5374 651 5428; x_wconf 73' lang='lat' dir='ltr'>accmds&#39;</span> <span class='ocrx_word' id='word_1_788' title='bbox 666 5375 736 5428; x_wconf 85' lang='lat' dir='ltr'>solet</span> <span class='ocrx_word' id='word_1_789' title='bbox 760 5378 801 5429; x_wconf 81' lang='lat' dir='ltr'>ad</span> <span class='ocrx_word' id='word_1_790' title='bbox 824 5377 960 5431; x_wconf 84' lang='lat' dir='ltr'>laetitiam</span> <span class='ocrx_word' id='word_1_791' title='bbox 990 5377 1246 5504; x_wconf 55' lang='lat' dir='ltr'>sipnifiran-ltpris</span> <span class='ocrx_word' id='word_1_792' title='bbox 1280 5380 1322 5432; x_wconf 82' lang='lat' dir='ltr'>ad</span> <span class='ocrx_word' id='word_1_793' title='bbox 1357 5379 1417 5432; x_wconf 88' lang='lat' dir='ltr'>Dei</span> <span class='ocrx_word' id='word_1_794' title='bbox 1454 5379 1584 5432; x_wconf 84' lang='lat' dir='ltr'>bonorem</span> <span class='ocrx_word' id='word_1_795' title='bbox 1622 5377 1779 5447; x_wconf 49' lang='lat' dir='ltr'>Quasque</span> <span class='ocrx_word' id='word_1_796' title='bbox 1819 5387 2008 5435; x_wconf 84' lang='lat' dir='ltr'>constructum</span> 
     </span>
     <span class='ocr_line' id='line_1_60' title="bbox 320 5460 2008 5535; baseline 0.002 -18"><span class='ocrx_word' id='word_1_797' title='bbox 320 5465 387 5517; x_wconf 84' lang='lat' dir='ltr'>dam</span> <span class='ocrx_word' id='word_1_798' title='bbox 406 5461 489 5515; x_wconf 86' lang='lat' dir='ltr'>etiam</span> <span class='ocrx_word' id='word_1_799' title='bbox 507 5463 537 5514; x_wconf 90' lang='lat' dir='ltr'>in</span> <span class='ocrx_word' id='word_1_800' title='bbox 554 5461 637 5515; x_wconf 86' lang='lat' dir='ltr'>rebus</span> <span class='ocrx_word' id='word_1_801' title='bbox 649 5462 795 5531; x_wconf 79' lang='lat' dir='ltr'>profanis.</span> <span class='ocrx_word' id='word_1_802' title='bbox 838 5463 919 5533; x_wconf 79' lang='lat' dir='ltr'>Ipsis</span> <span class='ocrx_word' id='word_1_803' title='bbox 938 5462 1021 5515; x_wconf 84' lang='lat' dir='ltr'>etiam</span> <span class='ocrx_word' id='word_1_804' title='bbox 1039 5462 1149 5530; x_wconf 80' lang='lat' dir='ltr'>sipnssm</span> <span class='ocrx_word' id='word_1_805' title='bbox 1176 5465 1270 5519; x_wconf 85' lang='lat' dir='ltr'>dicere</span> <span class='ocrx_word' id='word_1_806' title='bbox 1297 5465 1327 5518; x_wconf 90' lang='lat' dir='ltr'>in</span> <span class='ocrx_word' id='word_1_807' title='bbox 1348 5460 1496 5535; x_wconf 74' lang='lat' dir='ltr'>precibus:</span> <span class='ocrx_word' id='word_1_808' title='bbox 1532 5463 1626 5533; x_wconf 87' lang='lat' dir='ltr'>Offero</span> <span class='ocrx_word' id='word_1_809' title='bbox 1650 5464 1703 5516; x_wconf 85' lang='lat' dir='ltr'>tibi</span> <span class='ocrx_word' id='word_1_810' title='bbox 1727 5465 1901 5525; x_wconf 62' lang='lat' dir='ltr'>anemurium</span> <span class='ocrx_word' id='word_1_811' title='bbox 1925 5466 2008 5520; x_wconf 76' lang='lat' dir='ltr'>Patre</span> 
     </span>
     <span class='ocr_line' id='line_1_61' title="bbox 320 5511 2008 5620; baseline 0.002 -18"><span class='ocrx_word' id='word_1_812' title='bbox 320 5555 361 5605; x_wconf 84' lang='lat' dir='ltr'>est</span> <span class='ocrx_word' id='word_1_813' title='bbox 381 5547 508 5619; x_wconf 82' lang='lat' dir='ltr'>ploriae,</span> <span class='ocrx_word' id='word_1_814' title='bbox 529 5549 602 5601; x_wconf 85' lang='lat' dir='ltr'>unde</span> <span class='ocrx_word' id='word_1_815' title='bbox 629 5547 847 5618; x_wconf 71' lang='lat' dir='ltr'>inperatoribus</span> <span class='ocrx_word' id='word_1_816' title='bbox 868 5549 1007 5602; x_wconf 81' lang='lat' dir='ltr'>Romanis</span> <span class='ocrx_word' id='word_1_817' title='bbox 1027 5556 1054 5602; x_wconf 82' lang='lat' dir='ltr'>ct</span> <span class='ocrx_word' id='word_1_818' title='bbox 1070 5511 1163 5619; x_wconf 73' lang='lat' dir='ltr'>impe-l</span> <span class='ocrx_word' id='word_1_819' title='bbox 1175 5551 1219 5604; x_wconf 84' lang='lat' dir='ltr'>rel</span> <span class='ocrx_word' id='word_1_820' title='bbox 1237 5551 1331 5606; x_wconf 89' lang='lat' dir='ltr'>Paule</span> <span class='ocrx_word' id='word_1_821' title='bbox 1348 5551 1394 5605; x_wconf 84' lang='lat' dir='ltr'>sel</span> <span class='ocrx_word' id='word_1_822' title='bbox 1413 5549 1641 5620; x_wconf 66' lang='lat' dir='ltr'>caparnaum</span> <span class='ocrx_word' id='word_1_823' title='bbox 1655 5551 1736 5620; x_wconf 81' lang='lat' dir='ltr'>apud</span> <span class='ocrx_word' id='word_1_824' title='bbox 1751 5567 1847 5605; x_wconf 87' lang='lat' dir='ltr'>eorum</span> <span class='ocrx_word' id='word_1_825' title='bbox 1857 5552 2008 5607; x_wconf 73' lang='lat' dir='ltr'>memoriis</span> 
     </span>
    </p>
   </div>
   <div class='ocr_carea' id='block_1_3' title="bbox 0 0 2071 6004">
    <p class='ocr_par' dir='ltr' id='par_1_3' title="bbox 0 0 2071 6004">
     <span class='ocr_line' id='line_1_62' title="bbox 0 0 2071 6004; baseline 0 0"><span class='ocrx_word' id='word_1_826' title='bbox 0 0 2071 6004; x_wconf 95' lang='lat' dir='ltr'> </span> 
     </span>
    </p>
   </div>
  </div>
 </body>
</html>
