4104 6014
278 272 338 330 454
900 256 1128 318 TRACTATUS
1146 256 1345 319 SECUNDUS

277 418 360 473 batur
371 433 404 471 ex
417 415 580 485 Scripturas,
591 415 710 483 silentio,
731 432 804 486 quae
815 415 888 471 enim
902 432 937 471 ex
960 422 981 472 1.
996 413 1058 469 Cor.
1075 416 1115 479 15,
1138 413 1299 482 potentiae,
1329 430 1379 484 per
1408 415 1525 470 eandem
1552 414 1697 470 ecclesiam
1723 415 1859 471 adversus
1886 414 1985 471 hostes

205 544 211 549 .
277 519 304 559 r.
329 507 370 557 21.
397 507 424 555 et
448 506 488 555 ιι.
512 501 541 555 ιι
568 500 735 556 contrarium
755 500 944 570 proferuntur,
975 517 1054 555 suam
1074 499 1114 553 in·
1141 497 1268 553 defendit
1291 499 1323 554 in
1346 516 1433 571 regno
1462 500 1590 570 speciali,
1619 501 1694 572 quod
1716 505 1834 556 vocatur
1864 518 1983 570 regnam

278 587 362 642 serius
387 585 532 641 habebunt
554 586 774 658 explicationem.
821 586 961 642 Posterior
982 602 1048 657 pars
1073 601 1115 639 as-
1140 585 1266 653 protiae,
1288 587 1383 656 eequis
1400 603 1466 642 vero
1487 587 1600 656 dixerit,
1619 587 1748 643 meritum
1765 586 1871 643 Christi
1891 602 1983 656 aequus

277 671 422 726 sumtionis
445 675 525 727 θέσιν
548 671 704 741 exprimens
730 671 865 741 probatur
890 688 924 727 ex
943 671 1038 727 divino
1056 687 1115 726 ora·
1143 671 1198 726 late
1226 677 1322 740 patere
1344 677 1372 727 et
1397 673 1433 727 sd
1451 690 1547 729 omnes
1573 681 1713 730 creaturas
1733 690 1794 729 sese
1811 671 1983 729 extendere?

277 757 339 812 culo
358 756 428 812 Cen.
450 760 473 822 2,
499 774 525 811 v.
544 762 590 812 tr:
612 757 784 825 Quocunque
806 758 853 811 die
873 775 905 811 ee
917 760 1022 825 fruem
1035 756 1116 810 illins
1142 755 1329 812 Resuscitatio
1369 758 1456 829 igitur
1498 758 1644 831 impiorum
1680 760 1773 830 potins
1810 759 1849 813 ad
1887 763 1983 829 partes

277 845 390 899 arboris
418 846 559 908 comedes,
588 851 676 898 morte
703 844 842 900 morieris.
892 844 986 913 Hujus
1013 841 1116 896 decreti
1143 841 1244 896 Christi
1267 844 1395 912 judicis,
1421 862 1506 913 quom
1529 846 1720 911 Redemtorie,
1748 845 1928 899 Mediator-is
1951 861 1984 900 ae

278 928 403 984 efficacia
421 945 454 983 ac
472 933 581 983 virtute
600 928 678 996 impii
698 929 727 983 in
746 929 895 984 novissimo
916 929 962 984 die
974 944 1118 998 resurgere
1144 927 1305 983 salvatoris
1328 929 1462 999 pertinet,
1488 934 1520 984 nt
1546 931 1687 1002 colligitur
1712 946 1746 984 ex
1762 930 1983 986 resuscitationis

278 1027 420 1085 cogentur,
442 1014 516 1085 quod
534 1016 573 1068 sic
593 1014 772 1068 ostendimus.
809 1014 960 1070 Decretum
974 1013 1028 1070 Dei
1044 1029 1116 1068 com·
1143 1012 1206 1081 line,
1230 1012 1294 1068 ideo
1313 1015 1388 1070 enim
1406 1015 1601 1071 excitabuntur
1620 1016 1696 1086 impii
1716 1034 1772 1072 non
1790 1021 1822 1071 ut
1840 1014 1983 1071 beneficiis

279 1099 411 1171 plectitur
428 1105 573 1170 utramque
586 1105 710 1167 mertem,
732 1101 912 1170 temporalem
924 1106 953 1154 et
965 1104 1115 1165 aeternam,
1143 1099 1310 1155 coelestibus
1335 1100 1433 1156 merito
1456 1101 1594 1172 passionis
1612 1109 1640 1157 et
1659 1101 1754 1157 mortis
1773 1100 1876 1157 Christi
1895 1102 1984 1172 partis

280 1192 312 1239 ut
332 1183 400 1239 alibi
424 1185 567 1255 probatur.
608 1185 715 1249 Quodsi
740 1185 826 1256 igitur
851 1185 928 1255 impii
954 1200 1009 1239 non
1028 1183 1117 1239 solum
1145 1182 1337 1253 perfruantur,
1364 1186 1412 1240 sed
1437 1193 1468 1241 ut
1493 1192 1648 1242 contemtus
1665 1187 1764 1241 horum
1783 1186 1981 1243 beneficiorum

280 1269 435 1341 temporali,
451 1270 500 1325 sed
516 1271 600 1324 etiarn
617 1277 747 1325 aeternae
764 1271 844 1325 morti
863 1271 891 1324 ri
911 1271 994 1341 hujus
1011 1270 1116 1325 decreti
1144 1269 1172 1323 in
1195 1269 1281 1324 verbo
1306 1270 1442 1341 evangelii
1468 1272 1536 1341 ipsis
1557 1278 1641 1327 antea
1658 1272 1813 1327 oblatorum
1833 1272 1982 1343 puniamur,

280 1359 345 1410 sunt
369 1355 495 1424 obnoxii,
525 1355 622 1426 utique
647 1373 679 1411 ex
698 1361 787 1410 morte
806 1357 927 1410 naturali
945 1356 1013 1428 ipsis
1029 1372 1118 1410 resur·
1146 1354 1341 1411 excitabuntur
1367 1357 1480 1427 iuquam
1508 1356 1600 1428 impii,
1636 1374 1692 1412 nou
1719 1362 1752 1411 ut
1777 1374 1841 1413 cum
1868 1357 1981 1412 Christo

279 1440 401 1512 gendum
429 1440 465 1495 ad
482 1444 614 1512 majorem
641 1441 699 1499 scil.
729 1442 1001 1506 condemnationem,
1030 1447 1062 1495 nt
1089 1442 1118 1494 in
1143 1440 1318 1509 Redemtore,
1338 1439 1492 1497 Mediatore
1512 1459 1545 1497 ac
1559 1442 1702 1499 Salvatore
1723 1443 1752 1498 in
1765 1443 1879 1499 coelesti
1892 1443 1982 1515 gloria

284 1527 446 1597 corporibus
465 1527 522 1581 suis
540 1528 710 1583 resuscitatis
728 1536 756 1583 et
776 1528 923 1583 animabus
943 1529 1040 1582 iterum
1058 1528 1118 1581 uni·
1144 1525 1254 1589 vivant,
1282 1527 1331 1581 sed
1355 1533 1387 1580 ut
1412 1527 1449 1581 ab
1472 1528 1533 1599 ipso
1558 1533 1691 1600 tanquam
1709 1529 1787 1599 justo
1802 1529 1899 1598 judice
1918 1546 1982 1584 con·

280 1613 316 1667 tis
342 1620 469 1668 aeternas
498 1613 577 1668 luant
601 1630 720 1684 poenas,
747 1630 811 1668 oum
835 1613 909 1668 enim
933 1630 984 1678 per
1003 1619 1119 1682 peccata
1144 1611 1267 1665 damnati
1290 1628 1307 1666 a
1333 1611 1406 1666 facie
1430 1614 1491 1684 ejus
1514 1614 1544 1668 in
1569 1619 1696 1669 aeternas
1715 1630 1821 1684 poenas
1839 1615 1981 1670 discedere

279 1698 384 1765 Deum,
413 1698 461 1767 qui
490 1703 533 1753 est
560 1697 696 1753 infinitum
726 1698 844 1766 honum,
874 1698 1042 1755 offenderint
1067 1716 1118 1754 nec
1142 1696 1305 1767 jubeantur.

280 1788 457 1855 peccatorum
482 1801 594 1839 suorum
621 1785 807 1839 remissionem
826 1784 855 1839 in
872 1784 984 1839 Christo
1005 1801 1039 1840 ae
1056 1801 1117 1855 pro·
1180 1790 1220 1837 ιι.
1257 1788 1281 1837 2.
1301 1785 1348 1837 Ee
1365 1787 1580 1840 resurrectionis
1600 1786 1708 1842 Christi
1726 1786 1897 1843 conditione.
1926 1782 2044 1843 res-²¹³⁴

162 1887 219 1927 ιιι.
237 1885 266 1927 ιι.
281 1876 343 1942 pter
360 1869 498 1925 Christum
510 1870 725 1941 impetraverint,
744 1870 808 1926 ideo
823 1877 960 1941 cogentur
972 1871 1118 1939 infinitam,
1144 1867 1278 1923 surrectio
1297 1867 1400 1923 Christi
1425 1869 1454 1924 in
1474 1869 1620 1941 Scriptura
1641 1889 1722 1927 asora
1744 1873 1851 1942 ubique
1874 1873 1917 1927 sic
1935 1846 2044 1928 osi'u'i

280 1956 298 2010 i.
311 1972 334 2010 ι.
354 1961 505 2024 aeternam,
523 1971 641 2025 poenam
660 1955 803 2012 sustinere.
823 1955 892 2010 Cum
910 1956 943 2010 in
958 1955 1119 2027 corporibus
1144 1953 1292 2021 scribitur,
1316 1954 1391 2024 quod
1418 1954 1534 2010 effectus
1559 1958 1620 2026 ejus
1642 1957 1681 2012 sit
1707 1957 1836 2012 salutaria
1855 1965 1884 2012 st
1902 1958 1982 2013 salsi·
1994 1939 2044 2029 {1222

281 2042 338 2097 suis
363 2058 397 2096 ac
415 2057 466 2111 per
491 2058 609 2112 corpora
632 2059 685 2096 sua
708 2042 782 2095 mala
806 2042 927 2112 egerint,
954 2049 978 2097 ι.
1005 2042 1067 2097 Cor.
1093 2049 1117 2109 t,
1144 2038 1227 2105 licus,
1249 2055 1305 2095 non
1327 2045 1421 2094 antem
1446 2041 1603 2111 punitorias
1629 2058 1663 2097 ac
1691 2043 1888 2100 damnatorias.
1936 2044 1982 2100 Sic

280 2147 306 2183 v.
330 2133 368 2183 to.
390 2128 453 2183 ideo
471 2127 566 2182 divina
583 2127 700 2199 requirit
713 2126 839 2197 justitia,
859 2133 891 2181 ut
909 2127 937 2180 in
955 2127 1116 2199 corporibus
1144 2123 1224 2182 Rom.
1242 2131 1266 2194 ι,
1295 2143 1321 2180 r.
1340 2130 1382 2180 25.
1402 2126 1504 2181 dieitur
1521 2126 1648 2183 Christus
1667 2130 1857 2185 resurrexisse
1867 2137 1984 2202 propter

280 2213 337 2268 suis
355 2229 459 2283 poenas
476 2213 639 2280 sustineant,
661 2212 758 2283 utique
777 2229 845 2282 crgo
865 2212 891 2265 ri
908 2213 1012 2267 decreti
1031 2212 1121 2267 divini
1144 2209 1316 2264 credentium
1333 2212 1581 2280 justificationem,
1609 2230 1665 2268 non
1689 2219 1782 2271 autem
1803 2222 1922 2286 propter
1941 2216 1983 2271 in·

280 2303 309 2354 et
328 2299 455 2368 justitiae
483 2298 594 2353 divinae
618 2314 636 2352 a
659 2304 746 2352 morte
768 2297 836 2368 ipsis
859 2298 1057 2369 resurgendum
1080 2299 1117 2353 ad
1144 2295 1319 2351 credulorum
1341 2297 1556 2355 damnationem.
1584 2305 1604 2354 1.
1625 2299 1698 2356 Petr.
1720 2306 1748 2367 l,
1772 2317 1798 2357 r.
1818 2306 1844 2356 3.
1863 2301 1984 2358 dicimur

280 2390 407 2441 aeternas
425 2384 484 2440 scil.
504 2400 607 2453 poenas
623 2383 653 2436 in
672 2384 835 2452 corporibus
855 2385 912 2439 auis
930 2384 1116 2441 sustinendas.
1143 2382 1264 2448 rependi
1287 2381 1318 2435 iu
1341 2399 1418 2452 spur
1442 2383 1531 2437 rivom
1549 2401 1604 2453 per
1623 2387 1854 2441 resurrectionem
1875 2386 1985 2443 Christi

281 2470 362 2534 Quod
393 2487 426 2525 ex
457 2468 559 2525 Christi
588 2469 687 2523 merito
718 2469 876 2537 deseendit,
906 2470 977 2523 illud
1013 2477 1117 2526 remoto
1145 2484 1179 2520 en
1206 2467 1332 2521 mortuiis.
1371 2467 1460 2539 Atqui
1483 2468 1506 2522 si
1532 2470 1707 2525 resuscitatio
1733 2471 1881 2542 impiorum
1908 2478 2044 2530 essem

280 2556 383 2612 Christi
406 2557 503 2611 merito
525 2555 616 2611 locum
640 2572 696 2610 uon
724 2554 821 2626 habet,
847 2556 914 2626 quia
929 2556 1044 2611 effectus
1061 2574 1118 2612 non
1144 2551 1253 2607 fructus
1274 2554 1482 2609 resurrectionis
1497 2552 1615 2622 Christi,
1644 2556 1742 2628 utique
1758 2557 1842 2612 etiam
1863 2557 1983 2615 effeetus

281 2647 373 2712 potest
404 2642 470 2711 poni
498 2645 605 2695 remota
635 2657 719 2696 causa
746 2641 860 2712 propria
888 2647 917 2696 et
952 2643 1118 2713 adaequata.
1145 2639 1353 2694 resurrectionis
1373 2639 1536 2695 Dominicne
1566 2657 1622 2695 uon
1646 2640 1734 2696 solum
1759 2648 1833 2697 esset
1850 2642 1982 2699 sunum

281 2727 346 2782 Jam
368 2742 433 2780 vero
458 2725 605 2796 impiorum
629 2726 792 2782 resurreetio
818 2727 906 2782 locum
928 2727 1012 2783 habet
1031 2728 1115 2784 etiam
1145 2741 1178 2779 ac
1203 2722 1360 2790 salvificus,
1391 2725 1439 2779 aed
1458 2724 1541 2780 etiam
1558 2726 1714 2797 punitorias
1730 2744 1765 2783 ac
1783 2729 1985 2793 damnatorias,

282 2817 388 2867 remoto
417 2811 519 2866 Christi
550 2811 655 2867 merito.
689 2812 771 2881 Ergo.
804 2812 869 2866 Huc
900 2812 997 2868 referri
1026 2820 1118 2885 potest
1146 2809 1212 2880 quia
1237 2808 1316 2880 impii
1341 2814 1491 2878 resurgunt
1524 2810 1560 2865 ad
1586 2811 1767 2882 ignominiam
1792 2830 1827 2869 ac
1853 2830 1983 2885 poenam.

283 2897 389 2952 dietum
408 2897 589 2968 apostolicum
608 2897 694 2953 Hehr.
707 2902 732 2961 9,
746 2915 768 2951 v.
785 2902 831 2953 ιιι
851 2898 993 2952 Statutum
1012 2907 1053 2954 est
1069 2903 1117 2956 ho-
1147 2894 1176 2951 si
1195 2895 1280 2959 dieas,
1300 2894 1443 2949 Obrutam
1460 2896 1545 2949 etiem
1563 2897 1627 2952 ideo
1646 2900 1841 2968 resurrexisse,
1861 2909 1893 2953 ut
1911 2918 1984 2956 mor·

283 2984 372 3037 mitae
392 2983 476 3036 semel
492 2983 573 3051 mori,
591 2984 820 3052 posthocoutem
832 2985 978 3050 judicium.
1009 2986 1050 3043 Ut
1061 2993 1118 3041 sta·
1144 2982 1200 3035 tuis
1227 2999 1262 3035 oe
1291 2982 1443 3037 uiuentibus
1474 2983 1649 3052 dominemur,
1678 2984 1759 3041 Rom.
1779 2992 1827 3049 lt,
1852 3004 1880 3043 ι.
1897 2992 1922 3042 9.
1948 3005 1984 3041 ne

283 3075 375 3123 tutum
405 3072 449 3123 est
473 3074 585 3124 aeterno
609 3067 664 3123 Dei
693 3068 804 3124 decreto
830 3066 993 3143 πρόγνωσιν
1023 3072 1116 3141 lapsus
1139 3068 1263 3135 proinde
1304 3068 1389 3120 eliam
1425 3068 1577 3140 impiorum
1621 3072 1852 3126 resurrectionem
1888 3074 1985 3128 uideri

281 3154 410 3211 Adamioi
442 3160 537 3209 secuto
570 3155 698 3211 omnibus
734 3154 892 3211 hominibus
923 3158 1008 3212 semel
1038 3160 1116 3228 mori,
1141 3153 1269 3215 fructum
1295 3154 1465 3207 Dominioae
1492 3157 1723 3227 resurrectionis,
1755 3157 1911 3227 respondeo
1936 3158 1982 3214 de·

280 3246 368 3295 morte
385 3239 469 3296 scilic.
490 3239 608 3294 naturali
628 3243 657 3293 et
677 3240 832 3310 corporali,
848 3240 888 3296 ita
907 3249 1115 3313 quoquastatu-
1142 3236 1227 3291 scribi
1261 3236 1290 3290 in
1318 3237 1410 3291 verbis
1443 3240 1603 3308 apostolicis
1633 3256 1688 3297 nou
1717 3248 1775 3297 tam
1800 3242 1924 3300 fructum
1953 3249 1983 3299 et

280 3332 339 3380 tum
365 3331 408 3380 est
432 3329 544 3379 aeterno
562 3324 615 3378 Dei
642 3324 752 3380 decreto
772 3326 929 3397 πρόγνωσιν
955 3327 1046 3384 finalis
1066 3330 1115 3384 im·
1141 3322 1270 3376 6110011111
1295 3324 1503 3379 1111111001
1530 3324 1694 3383 9011111011
1718 3335 1847 3397 1601160111
1877 3332 1979 3395 miris

281 3409 468 3481 poenitentiae
491 3425 525 3463 sc
550 3398 753 3464 incredulitatis
777 3418 873 3467 secuto
891 3412 983 3482 impiis
1001 3422 1115 3470 aeterna
1143 3424 1227 3478 1111111
1246 3423 1419 3479 0011011111
1438 3411 1500 3480 eju⁸
1521 3420 1646 3481 respectu
1659 3413 1749 3482 ipsius
1763 3411 1879 3481 Christi,
1901 3415 1978 3486 quod

281 3502 368 3551 morte
382 3496 450 3550 mori
469 3511 502 3549 ac
519 3494 636 3564 proinde
655 3495 737 3549 etiam
753 3512 898 3568 resurgere
916 3499 952 3552 ad
967 3499 1112 3570 judicium,
1140 3494 1226 3549 101110.
1250 3510 1300 3563 per
1321 3494 1485 3563 passionem,
1503 3501 1617 3549 mortem
1635 3502 1664 3551 et
1687 3497 1916 3555 ruuucstionsm
1936 3499 1977 3555 in·

281 3583 309 3636 ιι
331 3598 386 3652 quo
405 3580 545 3651 promeriti
564 3581 694 3650 supplicii
712 3597 817 3651 poenae
829 3583 897 3654 ipsis
909 3584 1113 3653 adjudicentur.
1140 3595 1251 3649 31001111
1282 3579 1320 3632 011
1343 3578 1372 3633 11
1396 3579 1512 3650 glorium
1535 3581 1604 3638 Ιι10.
1630 3587 1677 3651 24,
1704 3598 1729 3639 v.
1749 3588 1789 3639 26.
1813 3584 1890 3653 quod
1914 3583 1978 3640 obe·

282 3666 423 3722 Statutum
441 3665 555 3737 inquam
571 3673 798 3737 est‚utpoenas
818 3667 895 3723 luant
914 3669 991 3739 impii
1011 3671 1113 3725 inillis
1140 3664 1272 3719 1110111111
1301 3664 1430 3720 servilem
1457 3682 1545 3737 utque
1571 3666 1607 3720 td
1630 3673 1744 3723 mortem
1769 3669 1859 3724 erucis
1879 3676 1978 3726 secuta

283 3751 350 3820 ipsis
372 3751 542 3821 corporibus,
562 3769 612 3822 per
631 3768 703 3822 quae
720 3759 748 3807 et
763 3753 905 3824 inquibus
919 3762 1114 3826 peccaverunt,
1141 3751 1224 3805 inerit
1251 3749 1442 3826 ιπεριιψωσις,
1466 3768 1517 3821 per
1542 3769 1625 3824 quam
1651 3758 1680 3807 et
1703 3753 1733 3809 in
1761 3769 1819 3825 qua
1843 3757 1980 3811 denotem

281 3837 397 3908 proinde
429 3837 457 3890 vi
482 3838 555 3891 illius
587 3837 685 3893 statuti
709 3854 742 3891 ac
759 3840 863 3894 decreti
884 3840 971 3895 divini
988 3859 1114 3897 necessa·
1141 3837 1198 3905 2'1282'
1222 3838 1312 3900 sutrii
1340 3853 1454 3903 nomen,
1482 3840 1559 3907 91011
1588 3845 1629 3892 eti
1656 3856 1741 3911 super
1773 3856 1852 3895 omno
1877 3858 1980 3895 nomen

281 3923 352 3976 rium
377 3929 433 3985 est,
461 3922 557 3977 eadem
575 3937 692 3991 corpora
712 3940 744 3978 cx
763 3930 853 3979 terras
872 3923 987 3994 pulvere
1005 3928 1115 3996 prodire
1141 3921 1211 3978 Phil.
1232 3926 1263 3986 2,
1293 3938 1317 3973 v·
1338 3926 1361 3977 9.
1384 3922 1459 3990 quod
1485 3922 1569 3977 Pater
1595 3923 1720 3979 eoelestis
1743 3924 1835 3995 ipsum
1858 3928 1980 3981 suscito

282 4008 419 4072 rediviva,
443 4024 515 4078 quae
535 4008 586 4062 sub
607 4009 791 4064 monumentis
811 4010 982 4066 delituerunt
999 4021 1114 4069 mortua.
1141 4008 1212 4060 verit
1232 4024 1266 4060 <20
1285 4007 1439 4060 1301111011
1460 4009 1563 4071 severii
1592 4011 1655 4066 A0i·
1674 4015 1705 4078 3,
1728 4028 1755 4064 V·
1776 4017 1816 4067 ³2·
1834 4016 1863 4066 81
1884 4017 1927 4070 36·
1946 4029 1980 4068 80

282 4091 429 4146 Observari
456 4098 485 4147 et
508 4093 576 4146 illud
599 4093 742 4163 convenit,
774 4095 849 4166 quod
872 4095 1015 4167 Scriptura
1037 4115 1116 4154 soora
1142 4093 1165 4145 si
1184 4092 1228 4147 vel
1249 4093 1366 4147 maxime
1384 4093 1420 4146 ad
1440 4094 1562 4150 fructum
1587 4096 1795 4152 resurrectionis
1814 4097 1896 4154 nobis
1913 4115 1978 4171 par·

281 4178 389 4248 quoties
417 4178 446 4232 in
473 4195 574 4248 genere
599 4179 634 4233 de
659 4179 859 4235 resurrectione
887 4185 944 4236 tam
970 4183 1115 4254 impiorum
1142 4184 1201 4232 tum
1225 4179 1310 4233 verba
1332 4179 1450 4249 apostoli
1469 4181 1573 4236 referre
1597 4183 1729 4250 velimus,
1755 4190 1866 4239 constat
1885 4190 1980 4241 minen

282 4279 364 4333 quam
396 4263 503 4333 piorum
534 4263 669 4335 loquitur,
702 4265 762 4334 ejus
789 4281 903 4320 cansam
931 4285 985 4322 non
1012 4269 1117 4325 tribuat
1143 4280 1176 4319 ex
1194 4264 1424 4320 antecedentibus
1441 4273 1470 4321 et
1489 4266 1560 4322 serie
1580 4275 1738 4337 contextus,
1759 4287 1815 4324 nou
1828 4270 1857 4324 ιι
1876 4287 1979 4342 genere

282 4348 378 4402 merito
403 4348 521 4412 Christi,
553 4350 601 4404 sed
627 4349 721 4420 potius
748 4350 809 4404 voci
833 4367 866 4405 ac
890 4352 985 4409 virtuti
1014 4354 1117 4410 Christi
1141 4350 1177 4404 110
1206 4350 1332 4404 omnibus
1360 4350 1533 4418 1011111111,
1563 4353 1613 4406 ted
1639 4353 1668 4408 11
1696 4353 1789 4425 specio
1812 4354 1848 4410 de
1869 4356 1924 4427 piis
1951 4363 1980 4413 et

281 4431 343 4486 lob.
363 4440 392 4500 5,
410 4451 436 4487 u.
460 4440 506 4489 28:
553 4434 631 4489 Venit
653 4435 737 4499 bora,
760 4436 791 4489 in
816 4454 873 4506 quo
890 4456 998 4509 omnes,
1020 4443 1070 4509 qui
1088 4444 1116 4494 in
1141 4434 1319 4490 credentibus
1345 4436 1501 4506 apostolum
1524 4436 1607 4507 loqui.
1654 4441 1744 4493 Nemo
1770 4446 1911 4505 nostrum,
1938 4443 1979 4499 in·

281 4520 467 4572 monumentis
484 4528 555 4585 suut,
573 4521 689 4574 audient
705 4539 799 4575 uocem
816 4523 887 4591 ejus,
905 4541 930 4578 v.
946 4530 986 4580 29.
1007 4534 1032 4578 et
1044 4544 1114 4595 pro·
1142 4520 1211 4591 quit,
1228 4522 1283 4575 sibi
1300 4523 1368 4576 uiuit
1386 4530 1412 4576 ιι
1429 4539 1508 4576 nemo
1528 4524 1585 4577 sibi
1603 4526 1723 4580 moritur
1740 4545 1766 4580 v.
1785 4532 1809 4581 7.
1826 4528 1885 4582 eive
1905 4531 1980 4583 enim

281 4604 394 4665 cedent,
423 4605 474 4672 qui
499 4605 570 4659 bono
590 4607 720 4668 fecessunt
736 4608 766 4660 in
784 4609 1015 4663 resurrectionem
1033 4613 1115 4681 υιια-ι,
1141 4607 1273 4677 vehimus,
1300 4609 1424 4662 Domino
1443 4608 1576 4675 uiuimua,·
1605 4610 1661 4665 sive
1679 4612 1827 4679 morimur,
1852 4615 1980 4671 Domino

282 4689 330 4759 qui
356 4704 422 4742 nero
449 4691 527 4742 mola
556 4700 672 4759 eperunt
696 4693 726 4744 in
750 4694 983 4747 resurrectionem
999 4697 1115 4762 judicii,
1142 4694 1284 4747 morimur.
1323 4695 1389 4749 Sine
1405 4695 1609 4763 erpooioimus,
1626 4697 1682 4749 siue
1695 4698 1838 4763 morimur,
1858 4700 1981 4757 Domini

281 4775 378 4830 Virtus
402 4780 495 4828 autem
520 4775 583 4845 illa,
612 4795 668 4849 qua
695 4777 821 4833 Christus
849 4779 948 4850 impios
976 4782 1116 4847 excitabit,
1143 4795 1237 4831 sumtis
1258 4798 1283 4834 v.
1304 4786 1328 4836 8.
1363 4779 1403 4833 At
1420 4779 1488 4834 haec
1509 4795 1564 4834 non
1582 4789 1699 4850 possunt
1718 4784 1853 4855 applicari
1873 4786 1910 4841 ad
1929 4787 1979 4842 irn-

283 4859 393 4930 proprie
417 4858 556 4930 loquendo
579 4878 634 4915 non
658 4864 781 4934 pertinet
804 4864 840 4919 ad
858 4865 986 4921 meritum
1002 4867 1116 4925 Christi.
1144 4864 1204 4933 pios
1223 4873 1251 4919 et
1269 4865 1442 4933 incredulos,
1465 4865 1513 4937 qui
1532 4884 1587 4921 non
1605 4866 1740 4938 Domino,
1763 4871 1813 4924 sed
1832 4870 1901 4940 sibi,
1927 4872 1979 4928 sed

282 4945 330 5000 sed
355 4945 392 4999 ad
417 4944 538 4998 divinam
563 4945 636 5000 illius
662 4949 813 5017 potentiam
838 4966 886 5019 per
905 4952 1035 5007 unionem
1052 4972 1112 5022 per·
1141 4950 1229 5017 carm,
1259 4950 1361 5006 mundo
1389 4968 1422 5005 ac
1440 4951 1560 5007 Satanae
1585 4954 1694 5021 vivunt,
1724 4956 1772 5026 qui
1797 4962 1862 5010 sunt
1888 4953 1977 5025 ιπηι-

284 5031 407 5086 ιοιιιιιι
431 5036 460 5085 ιι
487 5030 679 5088 exaltationem
707 5035 742 5088 ad
760 5035 813 5088 Dei
834 5034 957 5090 dextram
976 5038 1114 5095 humanae
1140 5041 1318 5109 inminutum
1340 5041 1386 5103 τῆς
1410 5039 1475 5106 ζωῆς
1503 5042 1548 5092 rosi
1574 5045 1642 5095 θεοῦ
1664 5042 1734 5112 Eph.
1752 5049 1782 5111 t,
1807 5060 1832 5097 v.
1855 5049 1894 5100 18.
1923 5045 1973 5117 qui

282 5116 369 5186 ipsius
395 5123 511 5172 ιιιιιιι
529 5119 773 5186 ιοιιιιιιιιιιιιι,
794 5136 865 5189 quae
886 5124 1011 5191 potentia
1030 5123 1113 5178 latius
1140 5142 1194 5178 non
1219 5124 1315 5178 vivunt
1332 5123 1442 5180 Christo
1466 5144 1517 5197 pro
1535 5127 1601 5199 ipsis
1622 5136 1729 5185 mortuo
1749 5134 1778 5186 et
1796 5131 1974 5200 resuscitato,

282 5207 311 5256 et
339 5202 375 5255 ad
405 5203 486 5271 plura
518 5202 629 5273 objecta
658 5219 689 5256 se
720 5205 844 5259 extendit
873 5224 955 5277 quam
985 5210 1112 5266 meritum
1139 5210 1187 5264 sed
1213 5211 1279 5279 sibi,
1307 5209 1323 5266 i.
1347 5228 1370 5266 e.
1395 5212 1452 5266 suis
1475 5213 1676 5283 cupiditatibus
1700 5221 1724 5272 2.
1745 5216 1808 5273 Cor.
1830 5223 1861 5284 t,
1884 5233 1910 5272 v.
1933 5222 1976 5274 lt.

284 5286 395 5351 Christi,
421 5289 487 5358 qnia
505 5304 555 5360 per
573 5287 646 5344 hane
664 5290 817 5358 potentiam
837 5290 964 5348 Christus
981 5295 1063 5352 etiam
1083 5304 1114 5352 ut
1140 5313 1207 5368 ergo
1228 5297 1310 5351 etiam
1331 5295 1401 5351 illud
1418 5297 1492 5368 quod
1514 5315 1539 5350 v.
1554 5305 1577 5354 9.
1596 5301 1736 5369 apostolus
1751 5301 1845 5356 addit:
1866 5304 1903 5356 In
1920 5302 1976 5358 boe

283 5371 363 5426 homo
386 5373 478 5429 omnia
499 5373 527 5427 in
552 5373 629 5431 coelo
653 5390 687 5428 ac
711 5381 785 5430 terra
808 5383 961 5449 sustentat,
986 5381 1058 5452 regit
1079 5399 1113 5437 ae
1143 5381 1268 5436 etrum
1295 5391 1420 5439 mortuus
1448 5392 1487 5438 est
1512 5392 1538 5438 et
1565 5388 1718 5441 resurrexit
1746 5396 1774 5441 et
1802 5388 1916 5455 ιιιιιιι,
1947 5398 1980 5444 ut

282 5457 421 5527 gubernat
446 5459 474 5515 ιι
493 5477 580 5532 regno
600 5460 738 5531 generali,
769 5465 845 5532 quod
864 5471 980 5521 ιιιιιιι
999 5485 1114 5536 regnum
1140 5468 1257 5522 mortuis
1276 5485 1310 5522 oe
1329 5470 1482 5526 uiuentibus
1498 5470 1666 5542 dominetur,
1685 5473 1797 5545 proprie
1818 5473 1854 5531 ad
1871 5474 1936 5547 pios
1949 5484 1980 5535 et
