4104 6014
307 201 347 257 94
527 263 531 270 Ι
891 191 1015 250 Locus
1034 188 1239 248 vrcusmus
1257 190 1405 250 SEXTUS

307 346 395 416 ipsius
420 346 474 401 Dei
507 345 624 417 legibus.
676 352 701 402 2.
727 347 804 401 Finis
838 345 985 417 distinguit
1014 345 1145 400 actiones.
1164 343 1258 414 docet,
1287 348 1392 403 cultum
1420 348 1545 403 divinum
1577 348 1607 402 in
1626 347 1660 405 N.
1680 347 1714 405 Τ,
1745 364 1801 402 non
1828 364 1889 402 esse
1911 346 1999 403 certia

166 447 231 491 xvii.
246 448 292 491 ru.
305 434 402 488 Patres
419 432 459 488 illi
477 431 700 503 Hierosolymam
715 431 832 503 profecti
849 439 914 487 sunt
933 451 989 488 non
1007 431 1135 503 opinione
1163 431 1230 487 locis
1248 434 1425 500 adstrimm,
1452 435 1500 490 sed
1527 434 1619 489 Deum
1643 432 1770 488 omnibns
1794 432 1851 487 illis
1879 434 1908 487 in
1927 432 2000 488 locis

305 519 404 586 cultus,
423 536 474 574 nec
493 518 596 575 fiducia
617 516 763 589 cujusdam
783 517 872 572 meriti
884 525 913 573 et
932 518 1136 586 satisfactionis,
1162 519 1283 589 gratiose
1309 528 1482 592 praesentem
1509 537 1583 590 esse,
1616 521 1644 574 in
1672 519 1773 589 quibus
1799 534 1866 573 rere
1896 518 1953 574 fide
1981 533 2001 573 a

305 606 354 658 sed
373 603 503 659 historiae
522 610 550 658 et
565 604 695 659 orationis
714 620 807 669 causa,
825 610 857 658 ut
874 603 1023 672 Christum,
1042 605 1089 675 qui
1107 603 1136 657 in
1162 605 1242 661 nobis
1260 613 1418 677 invocatur,
1437 608 1510 663 sicut
1528 608 1563 663 de
1582 607 1695 676 Bethel,
1714 607 1744 661 in
1762 624 1817 678 quc
1837 607 1916 661 Deus
1935 622 1999 661 sese

301 689 357 744 illis
380 690 448 746 locis
481 695 578 755 natus,
609 695 786 745 conversatus
821 706 854 744 ac
883 707 981 760 passus
1009 689 1077 754 fuit,
1105 691 1135 742 in
1164 691 1362 760 manifestarat,
1378 694 1501 749 Jacobns
1520 693 1597 762 dicit,
1616 693 1690 764 qnod
1710 692 1750 747 ibi
1768 692 1805 746 sit
1824 695 1924 747 domas
1938 693 2001 747 Dei

301 778 405 847 spiritu
429 786 455 832 et
483 778 600 832 vadato
628 779 791 833 adorarent.
840 775 886 831 Sic
915 777 951 831 de
977 764 1187 841 Alexandroiet
1202 789 1290 850 porta
1310 782 1382 835 coeli
1401 780 1503 838 Genea.
1520 788 1566 850 23,
1592 801 1616 835 v.
1639 787 1679 836 11.
1709 797 1742 834 sc
1756 781 1854 849 facies
1875 782 1933 834 Dei
1949 797 1999 835 vo·

301 862 398 918 scribit
417 863 569 932 Eusebius,
596 864 672 935 quod
699 861 896 935 prosectionem
922 862 1073 918 instituerit
1096 861 1133 916 ad
1160 869 1240 918 catur
1269 865 1316 921 ille
1349 865 1439 934 loeus,
1471 867 1501 921 in
1530 884 1585 938 quo
1611 884 1660 934 per
1685 866 1800 920 verbum
1828 865 1905 920 Deus
1932 882 1999 920 cum

301 949 363 1002 loca
380 948 635 1021 Hierosolymitana
654 949 734 1020 εὐχῆς
752 954 799 1003 καὶ
817 953 872 1004 sois
891 949 987 1004 τύπων
1011 951 1134 1019 ἱστορίας
1159 950 1316 1005 hominibus
1339 951 1461 1022 loquitur
1482 957 1511 1006 et
1536 952 1657 1007 vicissim
1680 952 1804 1008 homines
1829 969 1879 1023 per
1896 967 1997 1022 preces

300 1036 402 1090 ἕνεκεν.
449 1036 591 1106 Nyssenus
616 1042 729 1106 propter
755 1036 981 1091 deliberationem
1006 1036 1042 1089 de
1059 1040 1133 1088 statu
1160 1053 1222 1090 cum
1241 1037 1301 1105 ipso
1316 1037 1473 1107 loquuntur,
1493 1036 1593 1093 Genea.
1606 1045 1631 1103 4,
1651 1056 1676 1093 v.
1692 1043 1732 1094 16.
1751 1038 1853 1094 Psalm.
1870 1043 1912 1106 st,
1927 1055 1953 1091 r.
1968 1044 1995 1092 3.

301 1123 435 1178 ecclesiae
453 1129 481 1177 et
500 1122 641 1195 religionis
660 1139 722 1176 cum
748 1122 886 1193 episcopis
903 1121 1133 1191 Hierosolymita·
1160 1122 1264 1177 Eadem
1284 1123 1426 1195 Scriptura
1450 1124 1545 1194 docet,
1577 1124 1714 1196 quomodo
1747 1124 1836 1179 sancti
1865 1140 1883 1178 a
1911 1123 1995 1179 nobis

301 1210 352 1265 nis.
376 1211 495 1264 Necesse
514 1210 585 1264 miti
600 1210 671 1278 fnit,
695 1209 799 1279 inquit,
817 1227 875 1278 pro
897 1216 994 1261 sancto
1013 1208 1133 1261 concilio
1159 1208 1313 1263 honorandi
1331 1208 1401 1278 sint,
1419 1226 1474 1264 non
1494 1209 1625 1281 religiosa
1642 1209 1826 1279 mancatione,
1846 1226 1918 1282 quae
1940 1208 1994 1264 soli

301 1296 395 1350 tabita
417 1298 610 1350 emendandae
636 1296 780 1349 Arabicae
814 1294 948 1348 canusiae
971 1295 1068 1362 pratia
1093 1295 1135 1347 ad
1160 1294 1221 1350 Deo
1239 1294 1364 1363 debetur,
1383 1312 1437 1349 non
1460 1295 1652 1366 superstitiosa
1670 1296 1706 1350 ad
1726 1296 1847 1367 ipsorum
1862 1294 1996 1367 reliquias

301 1383 366 1436 loco
389 1383 443 1436 iiia
469 1382 629 1451 proficisci,
659 1399 695 1434 ac
727 1399 789 1434 cnm
819 1389 889 1435 meet
918 1379 1029 1434 Arabia
1063 1379 1134 1433 locis
1160 1379 1394 1451 peregrinatione,
1412 1398 1483 1452 quac
1500 1381 1646 1450 mandato,
1672 1382 1805 1452 promisso
1822 1388 1851 1437 et
1868 1381 1995 1453 exemplo

301 1468 568 1536 Hierosolymitanis
589 1466 777 1533 contermina,
800 1465 948 1538 pollicitus
966 1482 1056 1534 mom,
1091 1483 1133 1518 nse
1159 1465 1276 1534 probato
1291 1455 1458 1535 destituitur,
1477 1468 1527 1522 sed
1540 1469 1600 1522 Dei
1610 1468 1639 1521 in
1654 1470 1759 1521 sanctis
1776 1468 1994 1538 plmiyicatione,

301 1573 357 1607 una
378 1571 439 1607 mem
458 1554 502 1622 iis,
522 1553 572 1623 qai
595 1552 700 1607 sanctis
718 1551 982 1619 Hierosolymitanis
996 1557 1133 1619 praesunt
1160 1551 1207 1621 qui
1225 1557 1303 1606 tanta
1324 1553 1397 1607 dona
1415 1553 1444 1605 in
1464 1553 1538 1622 ipsos
1557 1553 1674 1608 contulit
1697 1570 1730 1608 ac
1756 1552 1889 1608 salutaria
1908 1569 1995 1625 opera

300 1640 434 1708 ecclesiis,
453 1641 681 1710 disceptaturum,
702 1639 779 1706 qnod
798 1654 892 1691 rerum
909 1636 971 1691 iliis
991 1644 1061 1691 essm
1077 1643 1132 1691 sta-
1160 1637 1189 1691 in
1207 1637 1323 1693 ecclesia
1340 1655 1390 1708 per
1407 1638 1530 1708 ipsorum
1550 1639 1731 1695 ministerium
1748 1639 1867 1711 perfecit
1884 1638 1947 1694 Gal.
1971 1645 1992 1707 1,
2010 1655 2020 1687 .·

300 1736 344 1782 tus
356 1726 548 1796 perturbatas,
565 1742 600 1781 ae
613 1727 744 1796 quodam,
760 1725 811 1792 qai
821 1725 930 1779 medias
942 1712 1132 1792 intercederet,
1159 1741 1183 1778 v.
1205 1729 1246 1782 23.
1265 1729 1306 1779 tt.
1326 1725 1521 1794 scaranem,
1541 1742 1612 1796 quae
1632 1726 1660 1779 in
1679 1726 1719 1781 eis
1738 1727 1816 1782 nobis
1834 1740 1993 1797 proponun-

300 1822 419 1885 eperent.
452 1810 593 1868 Pontificii
611 1816 718 1882 partem
741 1812 832 1866 cultus
845 1826 901 1864 non
917 1814 1084 1881 postremam
1102 1807 1132 1861 in
1158 1817 1211 1875 tur,
1227 1811 1382 1865 imitatione
1406 1811 1493 1868 Hebr.
1515 1818 1558 1878 13,
1582 1829 1608 1866 r.
1629 1819 1651 1868 1.
1696 1812 1838 1881 Secundo,
1860 1812 1992 1881 perepri·

300 1899 568 1972 peregrinationibus
594 1898 650 1952 illis
672 1898 845 1956 constituunt
867 1913 900 1952 ac
925 1896 1056 1952 fiduciam
1075 1911 1130 1949 me·
1159 1898 1287 1951 nationes
1313 1898 1381 1951 ilias
1410 1899 1551 1967 accipere
1580 1907 1621 1951 est
1655 1917 1726 1968 opus
1747 1900 1941 1968 poenitentiae
1966 1907 1991 1955 et

300 1986 346 2041 riti
365 1992 394 2040 et
417 1984 612 2041 satisfactionis
639 2002 672 2039 ex
697 1984 737 2038 eis
762 1982 929 2052 concipiunt.
972 1986 995 2036 3.
1017 1981 1061 2036 Illi
1080 1980 1132 2051 ipsi
1158 1984 1381 2053 satisfactionis,
1411 1984 1479 2054 qiam
1508 1985 1680 2039 laboriosnm
1705 1993 1731 2038 et
1759 1985 1888 2054 poenale.
1938 1984 1991 2041 Re·

299 2077 407 2143 patres,
437 2071 483 2142 qui
516 2070 739 2141 Hierosolymam
767 2067 885 2140 profecti
919 2073 998 2136 sunt,
1030 2068 1131 2123 diserte
1158 2069 1340 2142 spondemus:
1360 2070 1422 2126 Hoc
1435 2070 1507 2125 salsa
1525 2071 1623 2125 nititur
1634 2070 1789 2141 hypoHesi
1807 2071 1887 2141 quasi
1907 2087 1991 2143 opera

299 2164 449 2226 testantur,
473 2157 592 2228 gratiam
617 2156 671 2210 Dei
694 2155 723 2210 in
746 2154 801 2208 illis
827 2155 895 2210 locis
920 2171 974 2209 non
996 2168 1056 2207 esse
1074 2170 1131 2207 am·
1158 2155 1295 2210 laboriosa
1318 2160 1418 2227 sponte
1442 2155 1546 2227 suscipi
1573 2155 1682 2227 possint
1708 2156 1861 2212 intentione
1885 2173 1933 2221 ea,
1959 2162 1990 2212 at
2023 2153 2026 2156 ’

300 2245 424 2316 pliorem,
442 2260 494 2298 nec
512 2241 611 2312 pietati
628 2241 672 2296 vel
689 2240 755 2296 fidei
773 2240 925 2312 quidquam
939 2239 1089 2308 decedere,
1108 2237 1131 2292 si
1158 2241 1267 2313 perillo
1283 2257 1334 2311 pro
1352 2242 1475 2312 peccatis
1492 2237 1618 2298 'ssfisfiat
1648 2241 1752 2307 Tertio,
1771 2250 1854 2309 capet
1866 2243 1989 2297 devotio·

299 2332 344 2387 vel
362 2331 480 2385 maxime
499 2328 560 2401 quis
575 2325 796 2397 Hierosolymam
815 2342 870 2380 non
897 2325 1011 2394 viderit,
1039 2330 1071 2380 ut
1099 2340 1131 2380 ex
1158 2345 1233 2398 nem,
1262 2330 1330 2398 qaia
1359 2329 1521 2398 praesentia
1540 2328 1598 2381 loci
1621 2329 1714 2383 sanni
1736 2330 1782 2382 sris
1805 2330 1865 2383 dici
1889 2336 1989 2399 potest,
2003 2343 2051 2387 171

299 2417 469 2487 Hieronymo
502 2425 530 2471 et
553 2415 682 2485 Nyssenc
711 2421 835 2485 apparet.
881 2420 905 2469 4.
923 2413 1002 2468 Inter
1028 2409 1131 2481 r'modri-
1159 2423 1293 2483 qnantnm
1318 2416 1436 2468 incrniot
1461 2416 1617 2484 torrorem,
1642 2424 1774 2483 quantam
1799 2415 1896 2469 mnes
1915 2430 1990 2469 reve·

298 2525 370 2576 μους
389 2502 530 2574 religionis
549 2517 634 2556 causa
648 2499 867 2571 Hierosolymam
882 2499 1020 2570 proiectos
1038 2515 1131 2554 reeen-
1158 2502 1293 2570 rentiam,
1322 2509 1350 2555 et
1378 2502 1444 2555 iicet
1461 2502 1561 2570 abique
1587 2500 1643 2554 sint
1672 2503 1771 2570 aliqua
1794 2501 1858 2554 loca
1882 2507 1991 2571 sancta,

299 2597 342 2645 set
366 2587 549 2642 Bellarminus
578 2588 727 2641 monacisca
754 2589 909 2658 Aepyptios
941 2604 974 2642 ex
997 2584 1131 2651 Cassiano
1158 2596 1249 2642 tamen
1273 2606 1358 2658 saepe
1381 2589 1453 2641 aiibi
1477 2596 1540 2642 snat
1568 2587 1631 2642 loca
1659 2590 1819 2652 sanctiora,
1846 2590 1887 2640 ad
1917 2604 1989 2657 qnos

298 2677 346 2732 lib.
364 2683 389 2733 4.
415 2676 450 2729 de
472 2674 590 2728 institut
609 2689 723 2729 renunc.
745 2690 805 2744 cap.
824 2679 863 2729 31.
886 2680 915 2729 et
938 2678 1031 2729 tamen
1048 2673 1131 2744 paulo
1158 2675 1225 2729 stile
1259 2684 1298 2729 cst
1325 2674 1520 2744 parsprs'nari,
1553 2675 1597 2728 vel
1620 2675 1647 2728 si
1666 2692 1721 2728 non
1742 2681 1807 2727 sant
1833 2675 1988 2742 sanctiora,

298 2767 362 2833 post
394 2758 421 2834 ξ.
453 2758 574 2815 secundo
600 2759 676 2828 dico,
706 2760 818 2828 assent,
846 2761 1003 2825 monacbis,
1030 2760 1080 2828 qni
1102 2761 1131 2814 in
1159 2769 1222 2815 sunt
1240 2768 1332 2815 tomen
1350 2762 1411 2815 alia
1429 2762 1464 2814 ab
1484 2761 1542 2826 isis,
1569 2777 1639 2829 qaae
1661 2761 1691 2813 in
1707 2767 1808 2813 nostra
1826 2761 1929 2828 patria
1947 2761 1989 2813 in·

298 2849 431 2902 claustris
449 2849 479 2901 in
491 2847 613 2911 silentio,
627 2847 758 2917 precibus
776 2864 810 2900 ac
827 2847 945 2916 jejuniis
963 2852 1132 2914 exerceretur,
1156 2849 1319 2915 veniuntur,
1349 2855 1375 2900 et
1406 2848 1471 2916 ipsa
1503 2847 1612 2900 nouitas
1640 2847 1721 2914 javat
1749 2849 1790 2900 ad
1812 2847 1989 2900 adtendam

298 2954 354 2990 non
379 2934 525 2990 conoemm
549 2932 618 2988 ilice
643 2932 991 3002 peccatoremque
1015 2932 1131 2984 illoram
1159 2934 1345 3002 devotionem,
1371 2948 1455 3002 saepe
1481 2933 1565 2986 ctiam
1587 2933 1730 2998 peculiari
1755 2950 1851 2986 amore
1867 2934 1990 2995 ferimur

297 3023 390 3090 majus
408 3021 508 3074 benum
535 3020 719 3090 impediretur
743 3019 849 3072 minore
874 3018 944 3072 bono
967 3017 1130 3086 peregrina·
1159 3037 1227 3090 erpa
1247 3020 1370 3089 alicujus
1388 3020 1481 3073 sancti
1499 3019 1678 3088 memoriam,
1705 3036 1777 3088 qnae
1790 3019 1894 3087 promel
1914 3019 1990 3072 abest

209 3105 212 3111 ’
299 3108 390 3162 uanis.
427 3106 586 3178 Agnoscere
605 3105 691 3178 igitur
708 3104 831 3176 cogitur,
856 3103 983 3175 exempla
1003 3103 1053 3157 illa
1071 3118 1131 3158 esse
1158 3125 1177 3159 a
1193 3107 1283 3174 noim,
1302 3114 1371 3160 eteo
1389 3108 1590 3159 accedersnon
1604 3124 1708 3178 parum
1718 3108 1811 3174 javat,
1831 3106 1895 3161 licet
1913 3107 1991 3159 domi

299 3193 452 3250 dissimilia.
502 3200 526 3249 5.
551 3191 809 3264 Magdeburgenses
835 3190 1033 3245 centuriatores
1057 3197 1131 3244 recte
1158 3192 1308 3245 habeamus
1348 3192 1497 3246 memorias
1534 3191 1709 3246 celebriores.
1763 3191 1986 3261 Respondemus:

297 3285 437 3343 statuunt,
466 3284 589 3349 tempore
614 3276 786 3332 Constantini
813 3276 1050 3348 peregrinationes
1068 3276 1129 3330 illas
1159 3277 1394 3349 Distinguendum
1411 3277 1484 3332 inter
1503 3295 1598 3332 verum
1622 3295 1655 3332 ac
1674 3278 1820 3333 salutarem
1840 3278 1894 3332 Dei
1911 3279 1990 3333 timo·

296 3367 332 3422 ad
360 3368 421 3421 loca
448 3372 546 3420 sancta
572 3364 742 3435 frequentari
774 3364 892 3435 primurn
920 3363 1058 3435 coepisse,
1084 3361 1129 3416 cui
1157 3381 1223 3429 rem,
1243 3370 1271 3419 et
1290 3363 1362 3418 inter
1381 3365 1602 3438 δεισιδαιμονίαν
1627 3381 1660 3418 ac
1692 3365 1927 3434 superstitionem,
1953 3366 1989 3420 ad

297 3451 441 3510 assertioni
459 3450 563 3506 stasne
579 3467 597 3504 s
613 3450 781 3504 Bellarmino
809 3450 958 3520 opponitur
976 3447 1129 3519 exemplum
1157 3449 1276 3521 priorem
1303 3450 1372 3503 nihil
1398 3450 1544 3504 conferunt
1568 3451 1638 3504 istae
1666 3450 1916 3520 peregrinationes,
1941 3451 1988 3505 sed

296 3539 448 3596 Alexandri
468 3538 581 3592 unicum
598 3542 628 3592 et
644 3536 792 3608 singulare,
811 3534 888 3589 alind
907 3536 979 3589 enim
997 3540 1040 3589 cst
1052 3534 1128 3605 loqui
1156 3538 1293 3591 duntaxat
1311 3537 1347 3591 ad
1366 3532 1559 3606 posteriorem,
1578 3537 1700 3608 quinimo
1717 3537 1861 3608 Nyssenus
1880 3537 1987 3608 probat,

297 3626 333 3682 de
344 3626 531 3695 profectione,
549 3622 625 3677 aliud
643 3622 679 3677 ds
692 3623 879 3692 profectionis
895 3623 1128 3690 frequentatione.
1155 3622 1393 3694 peregrinationes
1418 3622 1480 3676 illas
1506 3639 1588 3678 verae
1612 3623 1723 3693 pietatis
1748 3639 1782 3677 sc
1806 3622 1913 3678 timoris
1931 3623 1985 3678 Do·

297 3711 431 3768 Simonis
445 3708 650 3779 Metaphrastne
664 3708 812 3763 deAlscs'o
829 3707 1017 3762 testimonium
1034 3707 1126 3779 exigui
1154 3709 1221 3763 mini
1254 3725 1315 3763 esse
1343 3709 1586 3765 exterminatrices.
1638 3708 1719 3774 Quod
1743 3708 1780 3763 ad
1812 3708 1986 3764 sanctitatem

296 3798 426 3870 ponderis
446 3804 503 3861 est,
528 3812 592 3849 eum
618 3794 678 3865 ipse
695 3794 880 3850 Bellarminus
904 3793 952 3848 lib.
981 3794 1128 3865 descript
1155 3795 1278 3850 locorum
1308 3795 1421 3865 attinet,
1452 3795 1488 3851 de
1519 3811 1554 3849 ea
1582 3794 1622 3849 sic
1654 3794 1819 3851 habendum.
1867 3794 1987 3850 Ratione

296 3885 363 3942 ecel.
382 3889 410 3939 et
432 3882 569 3937 Baronius
599 3888 666 3936 tom.
696 3887 734 3935 10.
765 3881 856 3935 annai
881 3881 917 3935 ad
941 3897 1003 3935 ann.
1024 3886 1083 3938 859.
1112 3897 1129 3934 a
1155 3880 1301 3937 creationis
1320 3881 1448 3935 universa
1467 3886 1542 3935 terra
1570 3897 1662 3936 coram
1679 3881 1798 3936 Domino
1817 3881 1872 3935 fuit
1890 3887 1987 3937 sancta

296 3970 494 4043 posterioribus
513 3968 646 4040 quasdam
664 3967 792 4021 historias
812 3967 922 4022 additas
943 3983 1003 4021 esse
1020 3966 1126 4022 fatean-
1155 3967 1256 4023 Gener.
1278 3973 1300 4036 l,
1319 3985 1343 4023 v.
1360 3972 1401 4024 31.
1421 3968 1526 4022 ratione
1540 3967 1747 4039 gubernationis
1766 3984 1799 4022 ac
1813 3970 1987 4040 praesentiae

296 4065 356 4123 tur,
389 4057 456 4129 quin
491 4060 520 4109 et
555 4054 656 4109 diserte
689 4053 810 4121 addant,
845 4055 1061 4122 Metaptrasten
1095 4071 1127 4108 es
1154 4053 1263 4108 divinae
1279 4059 1339 4108 tota
1362 4059 1390 4108 et
1415 4054 1503 4109 omnis
1530 4062 1603 4108 terra
1629 4060 1673 4109 cst
1700 4056 1853 4110 scabellum
1877 4059 1984 4124 pedam

291 4146 412 4214 proprio
444 4143 554 4211 inqens‘o
581 4140 670 4193 malta
698 4140 903 4194 addidissent
922 4142 995 4194 nitas
1019 4148 1124 4195 sancto·
1155 4141 1274 4194 Domini
1289 4139 1353 4194 Esa.
1369 4144 1410 4206 66,
1428 4158 1453 4193 v.
1474 4146 1496 4196 1.
1514 4148 1618 4195 actota
1634 4149 1676 4196 est
1689 4143 1808 4197 Domini
1825 4161 1886 4196 cum
1906 4143 1985 4196 omni

296 4249 358 4284 rum
394 4228 593 4296 descripsisse,
637 4244 692 4279 non
726 4232 758 4278 nt
790 4241 837 4280 res
871 4234 965 4294 pastae
1002 4228 1127 4294 fueram,
1153 4244 1206 4280 seo
1219 4227 1396 4298 piendadine
1415 4226 1519 4282 Psalm.
1538 4234 1586 4293 24,
1611 4247 1635 4282 v.
1660 4235 1681 4284 l.
1704 4236 1726 4286 1.
1747 4227 1808 4284 Cor.
1829 4235 1874 4297 10,
1900 4246 1926 4285 v.
1946 4234 1986 4286 to.

296 4319 347 4370 sed
371 4324 401 4369 at
426 4317 489 4383 peri
512 4314 671 4386 potuerint,
696 4311 749 4367 hoc
773 4319 816 4366 est
838 4310 960 4367 officiose
982 4313 1127 4368 mentitum
1154 4319 1267 4384 propter
1281 4319 1426 4386 peccatum
1442 4314 1593 4385 primorum
1605 4321 1751 4385 parentum
1762 4322 1790 4371 et
1802 4314 1985 4370 fratricidium

294 4401 388 4457 fuisse.
1157 4398 1238 4455 Caini
1264 4404 1323 4456 tota
1349 4399 1404 4454 fuit
1427 4400 1587 4468 maledicta,
1616 4407 1648 4455 ut
1674 4401 1767 4456 nullus
1793 4401 1822 4455 in
1847 4418 1880 4456 ea
1906 4402 1988 4456 detur

168 4491 285 4534 usxra-
335 4492 390 4542 131.
428 4491 451 4543 3.
476 4485 519 4539 Ex
541 4484 656 4540 ratione.
697 4483 944 4552 Pereyrinationes
971 4485 1029 4539 trie
1056 4486 1128 4541 bono
1155 4486 1232 4540 locus
1248 4503 1298 4556 per
1315 4502 1345 4540 se
1368 4485 1430 4539 aliis
1458 4486 1593 4554 sanctior,
1621 4486 1692 4541 Gen.
1714 4494 1743 4557 3,
1770 4506 1796 4544 v.
1820 4494 1859 4543 11.
1882 4504 1943 4558 cap.
1964 4494 1989 4552 4,

169 4547 240 4586 ‘¹⁰³⁸'
297 4575 433 4643 afferant,
452 4576 549 4640 primo
576 4573 678 4625 cedant
702 4571 732 4623 in
750 4570 882 4624 bonorem
900 4571 958 4625 Dei
975 4579 1001 4624 et
1020 4581 1128 4627 sancto·
1156 4590 1180 4626 v.
1207 4578 1245 4629 11.
1273 4572 1347 4644 quod
1370 4579 1461 4627 autem
1487 4579 1563 4627 certa
1586 4575 1723 4644 quaedam
1747 4574 1808 4628 loca
1838 4591 1871 4628 sc
1894 4581 1988 4645 partes

299 4678 362 4712 ram
378 4676 432 4712 non
451 4660 635 4725 mediocrem,
661 4664 700 4710 est
720 4657 793 4710 enim
810 4657 991 4720 manifestum
1010 4660 1128 4728 sipnnm,
1155 4665 1247 4714 terrae
1276 4659 1406 4714 dicuntur
1431 4664 1558 4725 sanctae,
1594 4661 1665 4716 sicut
1694 4660 1849 4716 Jerusalem
1887 4660 1989 4715 dicitur

300 4748 391 4799 Deum
411 4753 436 4798 et
454 4754 565 4799 sanctos
585 4765 603 4799 a
622 4746 703 4800 nobis
720 4745 817 4813 mapni
831 4744 905 4815 fieri,
925 4763 986 4798 cerm
1006 4746 1129 4800 laborem
1156 4747 1255 4799 civitas
1275 4754 1393 4812 sancto,
1413 4745 1509 4799 Matth.
1529 4752 1553 4808 4,
1573 4762 1598 4800 a.
1621 4754 1645 4800 5.
1662 4746 1732 4800 illud
1749 4745 1782 4800 lit
1799 4753 1913 4817 propter
1931 4748 1988 4803 cul·

298 4840 324 4887 et
343 4831 474 4903 periculo
493 4833 625 4885 itinerans
643 4839 740 4901 sponte
763 4832 944 4902 accipimus,
970 4841 1001 4886 at
1018 4842 1128 4887 sancto·
1155 4838 1199 4886 tus
1221 4831 1307 4885 divini
1324 4831 1484 4886 exercitium
1504 4838 1532 4887 et
1551 4833 1627 4888 verbi
1645 4832 1894 4903 praedicationem,
1912 4833 1985 4889 sicut

296 4936 359 4972 rum
377 4918 516 4986 reliquias
541 4918 700 4973 incitamus.
743 4916 967 4988 Respondemus:
991 4917 1129 4982 Quemad·
1154 4933 1246 4981 musa,
1258 4923 1371 4987 propter
1384 4934 1467 4989 quam
1479 4917 1634 4975 Jerusalem
1652 4919 1754 4974 dicitur
1765 4920 1863 4974 civitas
1882 4927 1987 4990 amota,

297 5004 410 5059 modum
439 5003 479 5074 pii
509 5009 615 5058 veteres
648 5003 759 5071 dieunt,
797 5003 933 5075 quidquid
963 5005 997 5059 de
1027 5006 1128 5060 Christi
1155 5003 1301 5073 exponitur
1325 5003 1390 5058 Esa.
1410 5008 1459 5068 31,
1486 5023 1512 5058 r.
1532 5012 1555 5062 9.
1583 5005 1649 5076 quia
1674 5006 1703 5058 in
1728 5022 1761 5060 ea
1783 5006 1837 5061 fuit
1862 5007 1988 5063 Jetooae

297 5105 416 5162 persona
439 5094 549 5160 praeter
576 5096 605 5143 et
634 5093 711 5144 extra
741 5088 912 5159 Scriptursm
945 5091 1129 5161 praedicatur,
1155 5091 1230 5159 ipris
1248 5108 1282 5144 ac
1300 5092 1397 5155 focas,
1423 5091 1475 5146 boc
1495 5093 1620 5164 estquis
1639 5092 1787 5164 igniticnes
1807 5099 1835 5150 st
1852 5093 1988 5149 sacrificia

298 5175 405 5230 etiamsi
425 5174 511 5230 honor
533 5175 675 5237 videatur,
703 5176 832 5247 injuriam
859 5192 934 5241 esse;
957 5176 998 5230 ite
1019 5193 1129 5248 quoque
1156 5192 1190 5230 ex
1210 5176 1264 5232 Dei
1283 5177 1413 5232 mandato
1431 5176 1470 5232 ibi
1489 5177 1565 5234 fuere
1579 5177 1682 5248 oblata,
1703 5180 1752 5235 sed
1773 5181 1988 5252 quamprimum

297 5267 372 5318 recte
391 5261 522 5329 dicimus,
555 5260 690 5333 quidquid
715 5263 843 5331 opinione
861 5261 954 5317 cultus
973 5269 1083 5331 praeter
1101 5270 1131 5319 et
1155 5262 1269 5318 verbum
1286 5263 1339 5319 Dei
1360 5264 1388 5317 in
1407 5265 1499 5337 aliquo
1520 5265 1581 5319 loco
1598 5281 1653 5318 non
1672 5266 1864 5336 praedicatur,
1893 5269 1986 5323 statim

297 5354 376 5402 extra
401 5347 515 5402 verbum
540 5346 721 5419 suscipiatur,
745 5348 853 5403 etiamsi
878 5349 907 5401 in
930 5346 1060 5403 honorem
1076 5349 1131 5405 Dei
1157 5367 1267 5423 quoque
1285 5353 1417 5408 matites
1439 5353 1513 5409 illius
1529 5352 1584 5406 loci
1603 5352 1717 5422 desinit,
1741 5361 1772 5409 ut
1792 5356 1917 5426 exemplo
1936 5355 1988 5412 Be·

297 5441 327 5490 et
343 5441 500 5490 sanctorum
512 5434 610 5490 cedere
628 5432 764 5502 videatur,
783 5433 886 5506 isauria
903 5440 953 5489 est.
988 5432 1132 5507 Scriptura
1156 5437 1240 5492 theiis
1255 5439 1380 5509 superius
1401 5437 1610 5510 comprobatum
1630 5438 1692 5496 fuit.
