4104 6014
174 317 236 377 tta
764 308 887 368 Locus
909 302 1112 365 vlcusmus
1133 307 1282 366 SEXTUS

174 464 265 519 cleeia
282 465 420 520 habeatur
436 482 495 535 pro
514 473 627 532 ranem,
651 480 701 520 nec
720 464 777 518 ulli
792 463 880 519 liceat
899 465 935 517 de
953 461 1101 532 ejueietoe
1129 465 1253 518 nondum
1279 463 1457 518 canonicatoe
1485 463 1600 517 coleret
1627 460 1664 516 ad
1688 476 1772 532 quam
1797 474 1881 532 quae·

175 552 325 605 ranmitate
353 551 493 606 dubitare.
543 550 643 603 Prema
671 551 759 605 vniodo
788 550 859 605 ιιιίἰι
887 549 1015 619 potuieee
1043 547 1160 604 adonem
1199 548 1291 620 capite
1327 554 1364 605 to.
1396 549 1545 619 respondet
1583 565 1634 618 per
1667 544 1881 608 annuntiemur,

177 635 246 690 olim
276 636 423 707 quemlibet
451 635 610 706 epiecopum
643 637 825 698 canonizare,
856 637 910 690 recl
939 634 1017 704 quod
1043 634 1129 689 licere
1142 634 1358 705 priuatomiltu,
1376 654 1432 690 non
1445 643 1537 688 autem
1546 635 1661 705 publico
1674 632 1882 688 eoehonorare.

177 721 247 776 alini
263 722 357 786 licuit,
381 723 465 777 morlo
482 739 539 776 non
556 722 657 791 licere,
684 723 752 792 puio
770 722 935 777 Aleaander
953 719 1015 774 III.
1045 720 1136 776 Vocet
1155 728 1249 777 autem
1268 719 1412 792 publicum
1433 720 1538 776 cultum
1556 736 1695 789 noneum,
1714 719 1765 790 qui
1785 736 1882 774 coram
1974 765 1978 770 .

177 815 205 861 et
223 808 404 863 Innocentiue
423 808 487 864 ΙΙΙ.
506 808 629 863 videnter
647 809 758 877 abmne,
784 807 836 877 qur·
853 807 1017 862 oriebantur
1043 806 1113 860 aliie
1138 807 1295 877 exhibetur,
1324 809 1377 862 ced
1401 807 1452 878 qui
1467 806 1578 861 nomine
1597 805 1684 859 totiree
1701 806 1836 861 eccleciae
1855 814 1882 859 ιι

177 893 255 949 circa
272 901 435 949 sannorum
452 893 569 962 cubum,
585 894 805 963 prohibuerunt,
830 910 865 946 ne
884 884 1176 966 ‹leincepeltanquam
1205 893 1243 945 ab
1269 893 1388 948 eccleeia
1420 893 1565 946 inetitntue
1591 891 1741 947 exhibetur.
1786 891 1881 964 Atque

180 980 288 1052 aliquia
305 999 362 1053 pro
380 988 477 1035 nancto
497 979 556 1034 coli
572 979 710 1052 inciperet
727 981 788 1034 cine
807 977 932 1034 chrnni
945 994 1016 1047 pon·
1043 975 1088 1031 hic
1124 982 1168 1031 ιιι
1206 977 1367 1032 Bellermini
1403 977 1438 1032 de
1474 983 1632 1032 sauctorum
1669 975 1881 1032 canonizatione

178 1065 264 1130 tifieie
283 1065 508 1137 approbatione,
541 1073 572 1118 ut
590 1072 673 1134 patet
696 1083 758 1137 cap.
781 1068 807 1121 1.
827 1071 853 1118 et
872 1068 898 1118 2.
918 1065 954 1117 rie
972 1077 1017 1116 re·
1044 1061 1195 1117 dimunm.
1233 1062 1458 1120 luceremoniali
1476 1062 1602 1118 Romano
1620 1060 1729 1118 libror.
1750 1062 1882 1134 capitet.

179 1150 278 1222 lipraiie
304 1160 332 1206 et
359 1159 523 1206 cunctorum
548 1151 737 1205 ueneratione.
776 1148 907 1204 Secundo
932 1149 1017 1202 modo
1044 1147 1137 1220 agitur
1153 1149 1189 1203 de
1206 1147 1249 1216 iie,
1267 1165 1339 1217 qnae
1356 1147 1428 1203 fiunt
1447 1148 1535 1204 indie
1547 1147 1780 1203 canonizationie:
1800 1150 1882 1203 Port-

179 1238 347 1293 eanonieare
374 1239 482 1306 ιιαιιιίι,
513 1239 555 1293 ad
584 1255 719 1291 nummum
746 1236 908 1307 pontificem
935 1235 1017 1288 unice
1044 1250 1129 1303 quam
1143 1234 1276 1304 pontifen
1293 1235 1418 1304 aliquem
1436 1243 1567 1289 nanctum
1585 1234 1684 1289 haberi
1698 1234 1793 1304 iuerrt,
1820 1235 1882 1288 dia·

176 1323 329 1394 pertinere,
348 1341 409 1377 cum
428 1324 462 1378 id
477 1324 615 1378 habeatur
632 1341 656 1376 c.
695 1321 865 1377 Audivimuc
884 1328 936 1376 etc.
955 1338 1018 1374 cum
1044 1337 1131 1374 conue
1160 1320 1280 1387 clamat,
1308 1338 1362 1373 ora
1385 1337 1441 1390 pro
1460 1320 1551 1381 ‚riobie
1570 1321 1606 1374 N.
1644 1321 1717 1374 Item
1744 1320 1883 1374 diaeonus
1897 1321 1978 1365 mu.
1994 1322 2042 1364 ιιι·

181 1426 215 1464 ec
234 1426 276 1480 eo,
293 1411 330 1464 ele
348 1409 652 1480 reliquiieetnenerat.
663 1415 824 1461 cunctorum
838 1424 861 1462 c.
897 1405 1017 1460 Venera-
1042 1423 1064 1458 a
1090 1392 1197 1459 dentrie
1218 1413 1297 1459 etane
1321 1412 1386 1458 ante
1408 1407 1571 1476 pontificem
1607 1406 1678 1459 dicit
1704 1405 1778 1458 alte:
1813 1406 1885 1461 Con·

180 1495 235 1551 beli
259 1497 294 1550 de
318 1495 432 1549 tentione
460 1502 486 1550 et
504 1494 734 1562 atumationibue,
761 1511 796 1547 ae
817 1499 916 1562 pateat
933 1492 1017 1547 etiam
1038 1493 1125 1562 fiteor
1145 1492 1209 1544 Deo
1234 1491 1418 1560 omnipotenti
1436 1497 1488 1546 etc.
1525 1492 1565 1545 Et
1585 1498 1652 1561 poet
1671 1491 1817 1560 apaetoloc
1835 1508 1884 1544 no·

180 1581 302 1638 ratione,
338 1582 415 1635 Nam
436 1582 478 1635 acl
503 1597 565 1634 eum
587 1588 696 1650 epectat
714 1595 876 1650 proponere
898 1578 951 1632 toti
975 1594 1017 1630 ec·
1044 1578 1133 1632 minat
1157 1586 1284 1631 nanctum
1302 1579 1338 1634 N.
1367 1579 1415 1630 cui
1433 1585 1555 1647 peccata
1577 1595 1631 1632 aua
1655 1579 1809 1641 confitetur.
1845 1577 1885 1629 Et

182 1666 301 1736 electae,
327 1667 398 1736 quid
421 1666 649 1720 inuadendum
672 1673 698 1719 et
723 1666 795 1734 quid
818 1664 856 1718 rit
878 1665 1018 1734 apendum
1045 1665 1075 1717 in
1093 1665 1146 1724 fine
1164 1664 1215 1718 dat
1228 1663 1362 1733 pontifex
1382 1664 1573 1730 indulpmtiar
1592 1681 1654 1718 eum
1670 1664 1812 1721 incieurir.

183 1751 214 1805 in
244 1751 296 1820 iic,
332 1768 405 1822 qnae
436 1758 500 1804 eunt
530 1751 694 1821 relipionie,
725 1751 775 1820 qni
804 1751 857 1804 toti
884 1749 1019 1803 eccleciae
1079 1754 1136 1806 teo.
1173 1747 1231 1805 Noa
1255 1748 1337 1804 iecile
1363 1750 1556 1819 concedimur,
1591 1755 1614 1805 1.
1638 1750 1798 1805 memoriam
1821 1765 1883 1803 ean·
1899 1749 1959 1801 ΨΜ
1973 1751 2003 1791 t·

178 1845 301 1911 praemi.
318 1838 390 1891 Item
410 1838 570 1906 declarare,
589 1837 641 1906 qni
656 1837 711 1891 rint
728 1837 872 1905 haeretici,
890 1836 933 1889 ita
949 1843 981 1889 ιιι
998 1854 1018 1889 a
1044 1841 1150 1890 ntorum
1182 1835 1211 1889 in
1247 1834 1364 1890 ecclesia
1400 1835 1619 1890 conservandam
1656 1835 1743 1891 Hebr.
1783 1838 1824 1900 13,
1857 1851 1884 1890 v.
1898 1802 2038 1894 iiiim-

183 1931 243 1980 tota
260 1924 379 1981 ecclesia
392 1941 450 1993 pro
468 1923 574 1978 talibue
591 1924 754 1991 habeantur,
773 1931 813 1976 ιιι
829 1923 931 1976 ιιιιιιιιιι·
948 1938 1017 1990 pan·
1044 1926 1074 1976 tr
1111 1920 1278 1975 Mementote
1299 1923 1530 1992 praeponitorum
1564 1929 1736 1990 neutrorum,
1761 1920 1812 1990 qui
1842 1920 1883 1973 lo·
1897 1902 2015 1996 2³:322?

183 2009 274 2073 tificin
311 2013 388 2080 Erpa
404 2010 571 2078 declarare,
602 2010 725 2082 quirini
744 2009 838 2063 nancti
854 2016 881 2062 et
899 2008 1018 2082 colepdi,
1045 2009 1105 2061 euti
1121 2015 1186 2061 eunt
1203 2007 1404 2062 nobienerbum
1416 2009 1482 2074 Dei,
1500 2025 1617 2077 quartem
1628 2006 1883 2062 intuenteeenitum
1896 2007 1961 2048 Μ·

182 2096 310 2166 eju'edem
335 2097 390 2151 erit
411 2098 563 2167 pontificia.
599 2100 627 2152 3.
654 2095 733 2151 Sitne
758 2095 916 2160 infallibile
940 2094 1018 2162 jucli-
1045 2094 1264 2147 concremationis
1302 2093 1452 2147 imitemini
1481 2094 1575 2157 ficiem.
1629 2097 1654 2148 2.
1687 2093 1731 2148 De
1761 2093 1886 2166 gloriosa

183 2182 256 2236 ctum
280 2183 357 2252 eine,
385 2184 436 2254 qni
452 2190 566 2242 canetae
589 2182 758 2238 canonicae!
781 2180 811 2236 in
834 2183 915 2253 cnjur
934 2197 1019 2252 quae·
1043 2177 1168 2247 ipsorum
1194 2178 1252 2234 rita
1275 2185 1304 2234 et
1323 2184 1410 2233 morte
1430 2195 1482 2250 pro
1501 2195 1532 2233 re
1550 2183 1619 2234 nata
1636 2179 1665 2234 in
1683 2180 1802 2235 ecclesia
1817 2196 1884 2235 con·

182 2266 280 2322 ιιίοιιίι
305 2268 477 2324 discursione
499 2285 560 2340 cap.
583 2273 607 2326 9.
628 2268 668 2323 ric
696 2267 888 2339 progreditur,
915 2270 947 2321 ut
964 2271 1019 2321 ete·
1044 2264 1138 2319 cionee
1155 2264 1263 2319 imtitni
1283 2281 1372 2336 poree.
1408 2265 1515 2326 Ειιιιι.
1533 2272 1575 2332 44,
1594 2284 1619 2321 v.
1641 2271 1684 2322 15:
1705 2267 1883 2335 Sapientiam

183 2358 258 2423 tuat,
274 2355 435 2420 eccleciam,
457 2355 508 2409 hoc
528 2363 568 2409 eet
580 2357 743 2426 pontificem
762 2356 921 2408 &manum
941 2353 1018 2423 (nam
1043 2350 1169 2420 iptorum
1193 2357 1309 2405 narrent
1329 2352 1435 2421 populi
1458 2361 1485 2405 ct
1507 2352 1622 2406 laudem
1650 2369 1746 2407 eornm
1776 2355 1884 2408 nuntiet

182 2437 223 2494 iia
247 2455 277 2494 ee
301 2440 392 2510 iprum
414 2441 444 2495 iu
462 2441 605 2512 ἐπιγραφῇ
622 2440 720 2511 capitia
744 2439 882 2512 explicat),
902 2458 958 2495 non
976 2456 1018 2494 er·
1044 2438 1168 2492 ecclecia.
1216 2442 1239 2493 ³.
1272 2437 1412 2494 Historiae
1448 2439 1572 2510 ipsorum
1609 2438 1719 2510 ecriptie
1756 2439 1883 2495 mandari

183 2541 252 2589 rare
276 2526 307 2581 in
327 2535 490 2581 cunctorum
517 2526 743 2596 canonizatione,
770 2527 814 2580 ita
830 2534 862 2580 ut
880 2528 941 2580 aine
957 2527 1019 2582 ulla
1044 2541 1135 2595 poene,
1154 2523 1279 2594 exemplo
1292 2523 1425 2581 Siracidie
1439 2525 1469 2580 in
1486 2525 1542 2580 fine
1558 2524 1632 2594 libn',
1652 2527 1745 2583 Lucae
1759 2527 1788 2581 in
1802 2526 1884 2582 Aetia

184 2610 360 2666 dubitatione
386 2612 481 2666 nancti
504 2613 539 2666 ab
564 2612 684 2666 ecclecia
710 2611 873 2667 canonizati
895 2612 951 2667 rint
974 2629 1019 2667 re·
1046 2615 1075 2665 et
1100 2609 1287 2681 apostolorum
1314 2610 1342 2664 in
1368 2610 1500 2681 epistolia.
1537 2617 1562 2668 4.
1590 2610 1703 2680 ricem,
1730 2612 1883 2681 cantatam,

184 2697 316 2751 amandi.
351 2695 462 2766 Primo,
484 2698 553 2767 quia
571 2699 600 2752 ei
616 2698 715 2751 liceret
733 2697 879 2766 dubitem
897 2715 936 2751 an
954 2715 1019 2752 can·
1046 2695 1223 2767 patientiam,
1249 2696 1435 2752 concientiam
1459 2703 1488 2752 ιι
1515 2697 1632 2752 virtuter
1661 2703 1820 2753 sanctorum
1846 2697 1882 2751 ad

185 2789 246 2837 etiae
263 2784 446 2838 canonicatue
463 2783 500 2837 rit
516 2791 638 2852 ranctue,
660 2784 757 2837 liceret
777 2785 862 2838 etiam
879 2786 1019 2847 dubitare,
1039 2780 1226 2837 vimitationem
1252 2781 1384 2837 eccleciae
1408 2782 1526 2854 proponi
1550 2798 1645 2854 poene,
1677 2800 1729 2854 pro
1747 2785 1884 2856 cujuaque

184 2886 223 2923 an
243 2876 358 2924 cannae
381 2868 418 2923 ιιί
436 2868 580 2929 ιιιιιιιιιιι.
618 2871 658 2924 At
672 2870 724 2924 hoc
741 2877 782 2924 ιιι
798 2871 923 2939 falsum,
951 2871 1020 2939 quia
1045 2870 1140 2921 tamen
1169 2866 1209 2937 pii
1239 2874 1314 2922 atatn
1333 2874 1362 2923 ιι
1391 2868 1544 2925 vocatione.
1583 2875 1606 2927 1.
1634 2869 1711 2928 Petr.
1738 2875 1768 2939 b,
1796 2887 1825 2928 r.
1849 2877 1883 2929 t:

184 2956 305 3022 Aupurt.
331 2955 413 3023 epict.
439 2959 497 3010 ιιι.
522 2956 607 3023 dicit,
639 2955 873 3011 incolentireimae
890 2957 1020 3011 ineaniae
1046 2952 1143 3006 Filiae
1163 2953 1255 3007 Sarae
1284 2953 1350 3007 ιιιιζι
1377 2955 1592 3018 benefacientee.
1628 2962 1652 3015 5.
1678 2955 1796 3012 Sanctae
1822 2972 1884 3012 eece

184 3056 244 3096 ιιιι
262 3042 420 3111 crapulana,
440 3061 478 3096 an
491 3044 527 3095 cit
541 3042 720 3111 faciendum,
740 3043 1019 3110 qrmritotaeccieeia
1047 3036 1220 3092 honorandos
1245 3054 1278 3094 ac
1296 3038 1467 3109 laudandae,
1499 3042 1574 3112 quod
1594 3041 1674 3105 donia
1691 3042 1746 3099 Dei
1764 3041 1884 3099 fideliter

183 3129 266 3190 [αιιι.
302 3129 458 3182 Ριιιιιιιιιι
484 3144 578 3182 omnen
605 3136 710 3182 ιιιιιιι
735 3129 796 3182 eine
818 3129 881 3183 ulla
909 3129 1020 3183 dubita·
1047 3124 1090 3179 aei
1109 3123 1221 3190 fuerint,
1242 3124 1317 3195 quod
1335 3123 1397 3180 Deo
1415 3127 1443 3180 in
1462 3129 1640 3199 generatione
1658 3146 1710 3185 aua
1729 3129 1884 3195 servierint,

184 3214 259 3269 tione
289 3222 403 3269 ranctoe
436 3214 581 3267 coluerunt
609 3221 635 3267 et
666 3215 802 3268 colendae
832 3223 1019 3268 mernerunt
1047 3209 1122 3280 quod
1145 3209 1252 3265 talenta
1272 3210 1326 3265 eibi
1344 3212 1503 3268 concredita
1519 3212 1548 3267 iu
1565 3213 1699 3270 eccleciae
1718 3232 1799 3270 uenm
1819 3232 1896 3280 com,

184 3299 315 3369 Denique
339 3307 463 3352 ιιιιιιιιιι·
485 3299 618 3352 oboedire
638 3299 767 3369 pontifici
791 3301 928 3354 indicenti
944 3302 1020 3354 diem
1046 3295 1187 3352 veneunt.
1227 3296 1290 3351 Gal.
1308 3303 1329 3364 1,
1348 3315 1374 3350 r.
1389 3302 1435 3353 tt:
1460 3294 1550 3352 Deum
1569 3299 1600 3352 in
1619 3317 1662 3354 me
1675 3300 1883 3368 plorisicabant.

182 3386 287 3448 fectum
305 3384 429 3452 alicuine
447 3385 555 3451 nancti,
580 3400 632 3438 nec
648 3392 741 3439 tamen
751 3402 902 3454 parcamur
919 3394 1018 3439 contra
1047 3387 1071 3437 6.
1091 3380 1209 3437 Sanctae
1227 3399 1288 3437 aare
1307 3383 1435 3454 exempla
1453 3385 1591 3455 quaedem
1608 3385 1742 3441 virtutum
1760 3391 1789 3443 et
1802 3387 1883 3460 queri

184 3470 381 3525 emacientiam
411 3470 525 3540 aliquid
552 3487 644 3539 apere.
681 3472 762 3541 Erpa
788 3488 845 3523 non
871 3488 1021 3539 pontumue
1047 3468 1173 3524 lucernae
1199 3469 1333 3539 quaedam
1363 3468 1462 3524 nDeo
1489 3487 1633 3542 necentur,
1664 3478 1696 3527 ut
1718 3471 1781 3528 aliie
1801 3489 1883 3545 prae·

184 3556 330 3624 dubitare,
359 3574 398 3608 an
415 3560 454 3609 rit
474 3556 610 3610 colendae
628 3556 693 3624 ille,
717 3557 767 3625 qui
784 3558 820 3610 ab
841 3558 960 3612 ecclecia
978 3567 1020 3612 ιιι
1047 3555 1166 3612 luceant.
1204 3562 1229 3610 1.
1257 3555 1326 3611 Ειιι
1348 3556 1571 3613 communionem
1587 3559 1720 3615 eccleciae
1738 3559 1882 3616 militantia

183 3642 371 3697 eamninatun
403 3639 541 3708 Secundo,
555 3657 588 3696 ec
599 3643 785 3698 incommodis
796 3645 913 3702 drohn.
943 3647 1019 3700 Nom
1045 3647 1074 3697 ιι
1102 3641 1304 3713 triumphantia.
1346 3647 1370 3701 8.
1405 3642 1493 3698 Veron
1526 3648 1636 3700 nanctae
1666 3645 1702 3701 ab
1731 3645 1823 3718 impiie
1853 3651 1883 3702 ιι

183 3728 313 3798 ιἰιιιιιιιιι
343 3729 551 3791 fraudarentur
575 3746 631 3783 non
656 3731 749 3783 nancti
774 3732 921 3801 rnffrcpiir
944 3732 1018 3786 rivo·
1046 3727 1149 3783 Christi
1174 3734 1310 3798 martyres
1337 3746 1356 3783 a
1378 3728 1482 3783 diaboli
1499 3730 1676 3802 ¹martyribue
1699 3749 1760 3788 ecee
1784 3732 1882 3788 dietin-

183 3832 254 3878 ram,
280 3830 347 3867 nam
365 3830 418 3882 pro
436 3814 609 3867 canonicatu
625 3832 682 3867 non
701 3816 767 3869 licet
786 3833 889 3885 orare,·
916 3819 1019 3872 deinde
1045 3815 1179 3886 gueudce.
1214 3812 1294 3869 Haec
1314 3814 1419 3884 omnia,
1437 3814 1564 3886 inquam,
1591 3815 1666 3872 hand
1684 3817 1764 3873 inriti
1783 3834 1880 3875 conce·

182 3902 392 3967 mundarentur
424 3899 509 3952 etiam
535 3899 656 3953 virenter
688 3901 931 3957 interceerionibun
954 3922 1018 3958 can·
1045 3900 1144 3969 dimna,
1162 3900 1212 3955 aed
1231 3898 1470 3968 canonizationem
1487 3907 1647 3957 amatorum
1666 3903 1695 3958 in
1714 3910 1820 3975 papatu
1838 3921 1880 3959 re·

184 3994 306 4053 aarum,
349 3985 513 4038 invocarent
550 3987 623 4038 enim
659 4002 745 4055 caepe
781 3989 929 4044 damnator
962 4009 1018 4062 pro
1044 3990 1154 4057 ceptam
1179 3984 1380 4056 improbamur,
1414 3992 1423 4041 1
1466 3988 1533 4060 quia
1564 3988 1612 4042 illa
1638 3989 1713 4044 hunc
1739 3988 1822 4045 finem
1851 3997 1881 4046 et

184 4073 280 4134 beatin
299 4071 327 4125 ri
344 4071 462 4125 materia
479 4071 510 4124 in
527 4071 580 4125 hoc
596 4081 712 4125 erraret.
750 4072 855 4140 Tertio,
876 4077 1018 4130 miracuta
1044 4089 1159 4142 eropum
1181 4070 1234 4126 eibi
1258 4071 1345 4126 habet
1369 4073 1557 4143 propositum,
1586 4080 1620 4128 ut
1644 4074 1769 4131 defuncti
1789 4077 1879 4133 renati

182 4174 286 4225 mapna
304 4165 330 4210 et
348 4157 498 4223 elilipenter
518 4157 680 4210 examinata
696 4157 811 4218 faciunt
829 4177 889 4213 rem
907 4162 1017 4216 euiden-
1043 4158 1072 4212 in
1096 4157 1216 4228 publicie
1242 4157 1375 4213 eccleciae
1400 4157 1529 4229 precibus
1555 4157 1683 4232 religiose
1705 4161 1878 4231 invocentur,

180 4251 224 4299 ter
240 4244 411 4299 credibilem.
448 4244 489 4297 Ar
503 4243 597 4297 tancti
612 4260 669 4297 non
688 4245 892 4300 canonieantur
910 4264 929 4299 a
941 4265 1015 4317 pon·
1042 4243 1147 4314 templa
1177 4249 1205 4299 et
1228 4260 1293 4298 arae
1316 4244 1384 4315 ipeia
1409 4244 1586 4309 dedicentur,
1619 4247 1756 4304 eacrfficia
1778 4248 1879 4306 euche-

179 4329 253 4397 tifice
282 4329 448 4392 ordinarie,
476 4329 534 4383 nebi
564 4330 721 4384 claruerint
746 4332 857 4399 mapnie
882 4341 908 4387 ιι
932 4338 1016 4389 certic
1043 4331 1137 4386 rictiae
1155 4336 1185 4387 et
1203 4330 1315 4386 mudum
1332 4330 1362 4384 in
1380 4347 1476 4386 eorum
1494 4330 1626 4387 honorem
1638 4333 1698 4389 Deo
1716 4333 1878 4406 pfferautnr,

179 4415 336 4471 miraculir.
391 4413 513 4482 Quarto,
540 4415 685 4484 probatur
721 4433 755 4471 ec
781 4420 1015 4487 praeparatione.
1042 4417 1177 4488 reliquiae
1213 4435 1307 4473 eornm
1343 4417 1473 4489 religiono
1508 4418 1585 4474 cultu
1620 4418 1791 4477 honorentur
1825 4428 1879 4479 etc

180 4501 255 4554 Nam
278 4508 430 4569 antequam
446 4501 538 4554 enneli
554 4501 766 4571 canonieentur,
793 4502 957 4559 indicuntur
968 4507 1015 4576 je·
1042 4504 1199 4559 Antoninus
1216 4508 1286 4574 part
1308 4512 1330 4561 ³.
1351 4505 1879 4578 numm.tit12.cap.8:Proponun·

171 4586 260 4655 junia
284 4594 310 4639 et
326 4600 423 4654 precer
438 4586 572 4655 publicae
594 4594 621 4639 et
639 4593 698 4641 tota
715 4603 762 4641 ree
782 4589 833 4642 eliu
849 4597 877 4643 et
893 4591 1014 4663 drlipen·
1041 4600 1088 4646 tur
1110 4608 1167 4659 per
1195 4592 1434 4648 canonieaticnem
1462 4594 1568 4664 mncti,
1594 4603 1626 4648 ut
1649 4597 1792 4667 ecentplar
1810 4597 1880 4663 tidei

177 4672 283 4726 tieeime
300 4671 487 4725 examinatur.
514 4674 582 4727 Non
600 4681 743 4728 ιιιιιιιιιιιι
755 4677 898 4739 credibile,
919 4682 1014 4736 Deum
1041 4684 1067 4731 et
1087 4685 1203 4731 nanctae
1228 4678 1302 4732 oitne
1328 4687 1355 4733 et
1373 4680 1409 4733 ab
1429 4679 1556 4734 omnibne
1575 4680 1723 4736 adorandi
1738 4690 1764 4736 et
1782 4684 1812 4737 in
1830 4700 1877 4739 ne·

176 4776 233 4813 non
256 4760 355 4812 adeam
377 4758 512 4812 eccleciae
537 4775 607 4812 cuae
624 4760 667 4812 rio
685 4761 843 4830 cir'epoeitae
861 4772 888 4818 ιι
904 4767 1013 4836 suppli-
1040 4764 1217 4818 ceemtatibuc
1244 4765 1404 4821 invocandi.
1441 4765 1528 4837 Atqui
1552 4765 1636 4822 talem
1658 4767 1789 4825 honorem
1812 4785 1875 4825 ean·

175 4845 259 4899 canti.
296 4842 413 4912 Ultimo,
429 4844 568 4913 probatrn·
585 4863 604 4898 a
616 4847 782 4914 posteriori,
809 4850 877 4918 quia
895 4852 925 4906 in
944 4854 1013 4908 aliie
1038 4851 1090 4906 ctie
1118 4850 1258 4906 defunctie
1286 4850 1398 4907 minime
1424 4858 1581 4925 competere
1603 4857 1662 4926 jam
1692 4860 1759 4911 ante
1785 4862 1876 4913 ceten-

174 4930 272 4996 rebue,
301 4931 331 4983 in
363 4930 463 4999 quibua
488 4931 638 4999 pontificae
670 4949 768 4987 errare
797 4946 929 5006 pareunt,
957 4941 1011 4994 ali·
1038 4937 1137 4992 dimne.
1180 4943 1204 4997 t.
1236 4938 1311 5006 Quin
1341 4939 1376 4995 de
1404 4940 1453 4995 teli
1481 4949 1639 4997 cunctorum
1666 4941 1876 5000 canonizatione

175 5017 290 5087 quando
315 5033 355 5070 re.
369 5016 435 5085 ipra
452 5015 701 5085 deprehenduntnr
722 5035 842 5085 erronee,
859 5030 890 5076 at
909 5023 939 5077 in
958 5026 1010 5080 hcc
1037 5023 1145 5079 nullum
1179 5023 1297 5095 proferri
1333 5029 1428 5096 potent
1462 5042 1496 5081 ex
1529 5027 1673 5099 Scriptura
1702 5028 1874 5100 mandatum,

101 5108 105 5116 '
172 5100 270 5156 nullae
300 5119 420 5173 unquam
456 5117 537 5155 error
566 5102 754 5170 deprehensae
789 5113 837 5163 cei.
888 5107 1010 5165 coicum
1037 5109 1142 5165 nullum
1169 5110 1316 5181 probatum
1344 5111 1507 5183 exemplum.
1542 5112 1587 5168 De
1614 5131 1670 5186 quo
1694 5131 1730 5170 uc
1753 5115 1875 5184 dubitet,

172 5185 219 5243 lib.
240 5191 263 5244 1.
282 5185 369 5244 inetit.
387 5185 494 5242 (tethel.
513 5202 576 5259 cap.
598 5192 638 5243 29.
657 5204 722 5261 pag.
743 5195 800 5247 lte.
826 5192 907 5248 addit
924 5193 1008 5251 aliam
1035 5195 1192 5252 adscribam
1219 5196 1305 5252 verba
1330 5196 1419 5269 ipeiue
1436 5197 1597 5255 Bellermini
1624 5216 1684 5270 cap.
1713 5206 1738 5258 8.
1764 5200 1794 5255 in
1823 5201 1872 5256 fin.

173 5272 317 5329 rationem.
356 5273 436 5335 Quae
450 5273 584 5338 rationee,
604 5272 703 5345 inquit,
723 5276 763 5333 D.
783 5279 925 5334 Matthiae
943 5300 1007 5337 con·
1037 5282 1138 5336 Sancti
1157 5290 1276 5350 ιιιιιιι,
1306 5282 1415 5354 inquit,
1448 5291 1514 5340 ante
1535 5286 1639 5341 monn
1662 5295 1789 5356 tempora
1809 5305 1871 5345 coe·

171 5359 356 5414 curationem
375 5367 469 5414 ratam
480 5361 625 5430 fecerunt,
642 5378 705 5415 cum
722 5362 752 5417 in
770 5382 917 5420 numerum
938 5385 1006 5439 apo-
1031 5376 1137 5439 pernnt
1164 5368 1222 5423 ooli
1250 5369 1280 5423 in
1312 5370 1431 5424 eceleeia
1455 5370 1614 5425 unieereali
1644 5390 1701 5427 non
1726 5381 1784 5428 tam
1809 5375 1871 5446 lepe

171 5444 309 5501 malorum
333 5453 479 5515 cooptatur
495 5446 569 5515 fuit,
592 5448 705 5502 eaedem
723 5467 796 5505 nune
816 5453 944 5509 diuorum
961 5472 1005 5511 re·
1033 5454 1133 5524 atique
1158 5472 1244 5524 quam
1268 5455 1477 5510 contuetndine.
1511 5457 1553 5511 At
1575 5457 1651 5528 quod
1668 5474 1703 5514 cx
1720 5466 1868 5517 consuctu-

169 5531 302 5603 lipioeam
320 5533 485 5605 apotheoein
504 5533 694 5607 cornprohant.
729 5539 755 5592 4.
771 5537 818 5594 An
835 5539 923 5596 liceat
938 5559 1004 5598 ean-
1032 5540 1097 5598 diue
1118 5538 1276 5610 emunt,
1301 5557 1359 5600 nen
1375 5539 1473 5598 nititur
1492 5541 1587 5601 dirim
1611 5543 1708 5619 alique
1726 5546 1866 5607 mmmm
