4104 6014
128 240 137 263 .
233 236 292 292 4„
315 251 330 288 .
852 217 1081 278 racusanus
1103 218 1304 305 securibus·

233 379 395 434 secuuntur
412 398 437 434 r.
458 385 498 434 5³.
523 380 628 435 assent.
666 386 690 434 3.
710 378 774 433 Duo
795 375 936 432 connectit
953 379 1061 445 aposto·
1092 377 1185 433 orbem
1204 380 1240 433 ud
1260 379 1475 449 praedicandum
1494 379 1669 450 evangelium
1691 380 1853 435 discessuris
1875 379 1928 433 col-

232 466 275 521 lus
291 466 319 520 in
334 465 454 536 corporis
469 466 619 536 spiritualis
632 464 861 531 denominatione,
880 460 1065 515 substantiam
1075 426 1079 521 l
1091 464 1192 518 lectum
1212 465 1261 529 sit,
1279 464 1381 520 diserte
1399 475 1491 520 tamen
1508 466 1664 534 adstruunt,
1686 467 1721 520 ab
1739 464 1807 535 ipsis
1822 472 1928 533 aposto·

232 558 263 606 et
280 551 456 621 qualitatem,
477 550 634 605 substantia
654 551 706 605 erit
724 549 835 612 eedem,
854 548 937 602 videl.
955 564 1065 615 corpus,
1077 570 1080 645 ἱ
1093 549 1126 602 lis
1146 567 1206 604 esse
1224 549 1314 604 risum
1337 557 1365 606 ot
1382 549 1574 620 approbatum.
1609 551 1747 605 Paciauus
1764 550 1794 604 in
1813 549 1892 619 epist.
1909 556 1929 604 1.

234 637 355 708 qualitas
367 641 460 690 autem
473 635 633 691 mutabitur.
649 637 715 706 quia
731 634 881 690 seminatur
893 650 993 702 corpus
1005 635 1128 689 ani-ad
1156 635 1357 705 Sempronium.
1400 635 1595 705 Antiquissimi
1624 637 1771 707 scriptores
1802 636 1929 690 ecclesia-

235 722 322 790 male‚
340 726 467 791 resurget
486 738 585 791 corpus
605 722 762 790 spirituale.
798 720 853 775 Sed
870 719 938 773 haec
951 718 1169 788 mutatiostiei,
1195 720 1326 775 irenaeus
1352 728 1381 773 ct
1408 719 1610 781 Tertullianus,
1641 721 1750 775 nomine
1776 721 1930 775 traditionis

237 807 402 878 qualitatum
421 823 476 860 non
495 806 578 860 infert
596 807 682 876 ipsius
696 806 867 861 substantiae
880 791 1261 892 abolitionemlapostolicae
1288 805 1403 861 totidem
1426 822 1493 878 *vere
1515 806 1606 861 verbis
1625 806 1780 877 symbolum
1806 806 1873 861 illud
1891 825 1931 862 re·

233 899 290 946 tam
310 909 374 946 vere
388 892 459 946 enim
470 897 551 945 estet
566 898 799 962 vocaturcorpus,
816 889 1195 961 quandoestspiri-lcitant.
1236 890 1281 945 ille
1311 890 1423 962 quidem
1456 891 1517 945 libr.
1549 896 1573 947 2.
1601 893 1663 946 adv.
1695 892 1768 946 haer.
1798 909 1859 962 cap.
1890 899 1929 947 11.

236 978 318 1044 tuale,
332 994 414 1048 quam
429 993 492 1031 vere
506 982 584 1031 estet
599 983 712 1030 vocatur
721 975 1156 1049 corpusquandoestanirpag.
1180 984 1235 1032 rm.
1255 995 1294 1032 ac.
1313 977 1374 1030 libr.
1400 983 1419 1031 1.
1445 977 1507 1030 adr.
1527 978 1600 1035 beer.
1619 994 1679 1049 cap.
1698 982 1721 1034 2.
1741 993 1805 1048 pag.
1827 984 1867 1034 31,
1885 978 1930 1031 hic

236 1065 313 1121 male.
344 1063 519 1134 Augustinus
538 1064 565 1117 in
585 1063 662 1118 ench.
681 1069 798 1133 capti:
821 1062 899 1117 Sicut
918 1079 991 1114 nanc
1009 1062 1158 1127 cor-ivero
1179 1064 1208 1117 in
1226 1063 1287 1117 libr.
1309 1065 1343 1117 de
1362 1063 1524 1133 praescript.
1542 1062 1603 1117 adv.
1619 1063 1721 1119 haeres.
1742 1080 1806 1133 pag.
1821 1069 1877 1119 110.
1897 1081 1930 1117 ae

235 1170 287 1219 pue
306 1150 430 1204 cairualc
442 1151 555 1218 elicitur,
574 1151 650 1218 quod
667 1158 759 1202 tamen
778 1166 880 1218 corpus
900 1165 954 1201 noa
973 1140 1129 1233 anirun'de
1156 1147 1260 1202 veland.
1289 1147 1417 1218 virginib.
1444 1166 1507 1219 pag.
1537 1155 1594 1205 566.
1640 1158 1662 1206 9.
1690 1149 1769 1212 Quod
1798 1149 1929 1219 Symbolo

234 1245 273 1290 est
282 1258 293 1301 ,·
310 1238 353 1290 ita
370 1246 435 1289 trena
452 1236 602 1304 spirituale
622 1234 676 1289 crit
695 1252 807 1303 emptus,
824 1242 917 1287 tamea
935 1253 991 1289 ααα
1011 1237 1067 1303 spi·¹
1080 1234 1246 1304 'apostolico
1267 1250 1309 1298 ea,
1328 1249 1399 1304 quae
1419 1234 1454 1288 de
1473 1234 1529 1288 fide
1550 1235 1579 1288 in
1593 1234 1724 1304 Spiritum
1743 1242 1828 1289 sanct.
1841 1253 1929 1306 usque

235 1324 311 1378 ritas.
353 1321 430 1377 Sicut
448 1322 530 1374 homo
547 1326 692 1391 aegrotus,
716 1321 828 1391 quando
851 1320 950 1374 iterum
969 1336 1067 1375 conva·
1080 1324 1083 1441 Ι
1095 1319 1130 1373 ad
1150 1318 1232 1374 finem
1253 1319 1398 1387 habentur,
1416 1319 1615 1389 posterioribus
1635 1319 1745 1375 demum
1764 1321 1862 1374 seculis
1880 1322 1927 1375 ad·

235 1407 323 1472 lescit,
345 1425 400 1462 non
417 1406 493 1461 exuit
512 1407 656 1476 pristinam
675 1414 801 1461 naturam
815 1422 864 1462 seu
877 1405 1068 1474 substantiam,
1095 1404 1153 1457 dita
1177 1404 1247 1468 sint,
1275 1403 1437 1475 figmentum
1467 1412 1509 1461 est
1530 1404 1658 1460 Ostorodi
1676 1405 1736 1459 sine
1756 1406 1815 1460 ulla
1830 1408 1927 1477 proba-

236 1495 283 1548 scd
302 1510 387 1547 rrovas
408 1493 435 1546 in
453 1508 488 1547 ea
508 1494 662 1564 qualitates,
683 1493 805 1563 rigorem
823 1491 907 1547 scilic.
926 1498 955 1546 ot
972 1446 1145 1564 stupa-ibib
1172 1491 1333 1559 conJ'ectura
1364 1491 1557 1562 excogitatum.
1595 1490 1747 1545 Confundit
1773 1492 1928 1547 haereticus

237 1587 308 1648 star,
329 1580 462 1650 acquirit;
489 1579 529 1632 sic
556 1580 584 1632 in
613 1578 811 1632 resurrections
837 1596 893 1632 non
918 1576 1069 1632 mutabitur
1095 1573 1251 1644 symbolum
1288 1577 1470 1645 apostolicum
1508 1592 1571 1629 cum
1603 1576 1715 1632 Niceno.
1768 1578 1928 1648 Symbolum

236 1666 358 1736 corporis
384 1665 555 1726 substantia,
585 1665 634 1718 sed
661 1664 737 1718 novis
756 1663 936 1734 qualitatibus
955 1658 1229 1717 exorna··Nicenum
1248 1661 1409 1715 terminatur
1429 1662 1457 1715 in
1477 1661 1526 1714 illa
1542 1660 1674 1727 clausula,
1694 1671 1720 1715 et
1741 1664 1770 1716 ia
1792 1663 1929 1732 Spiritum

238 1752 318 1807 bitrm
358 1757 382 1806 4.
406 1750 512 1820 Corpus
530 1767 586 1804 non
605 1750 710 1804 habens
730 1749 914 1803 substantiam
932 1749 1022 1804 carnis
1042 1755 1070 1804 et
1095 1753 1233 1809 sanctum,
1266 1763 1300 1801 ac
1318 1747 1427 1817 reliqua
1444 1763 1517 1817 quae
1536 1755 1703 1816 sequuntur,
1730 1749 1884 1802 Donrinum
1905 1759 1929 1803 et

237 1837 346 1903 ossium,
366 1841 408 1890 est
427 1852 600 1906 corpusnon
619 1839 827 1906 conprimatur
848 1834 1009 1908 ἀσώματον,
1028 1842 1070 1890 est
1097 1831 1292 1897 iustificatum,
1321 1833 1370 1901 qai
1393 1849 1426 1885 aa
1448 1833 1537 1885 Patre
1557 1833 1687 1901 Filioque
1711 1838 1854 1901 procedit,
1882 1838 1931 1904 qui

237 1922 356 1993 spiritus.
394 1921 460 1975 Jsm
490 1940 554 1977 vero
584 1921 697 1992 spiritus
726 1930 754 1974 et
779 1936 879 1992 corpus
906 1928 971 1975 sunt
998 1920 1070 1975 duae
1096 1935 1157 1970 cam
1167 1919 1257 1972 Patre
1273 1919 1388 1974 ctdb'ls'o
1408 1919 1492 1972 simrsl
1500 1920 1641 1972 adoratur
1654 1928 1680 1972 et
1693 1920 1928 1985 conglorificatur,

237 2009 344 2078 species
369 2005 599 2081 drsrdrpprptrae
624 2005 676 2060 sibi
701 2006 817 2061 invicem
844 2007 1001 2076 oppositae,
1035 2023 1068 2059 ac
1096 2005 1145 2072 qai
1163 2005 1272 2057 lanruac
1289 2012 1392 2072 estper
1401 2005 1565 2072 prophetas,
1586 2011 1698 2077 propter
1714 2006 1929 2062 blacedonianos

238 2093 353 2165 proinde
377 2109 492 2163 corpora
517 2094 740 2148 resuscitatorum
762 2109 817 2145 non
845 2098 927 2146 erunt
948 2091 1083 2163 spiritus.¹
1097 2090 1125 2144 in
1152 2087 1458 2158 constantinopolitana
1488 2091 1594 2160 synodo
1624 2090 1700 2145 furere
1727 2092 1829 2145 addita.
1873 2094 1929 2148 Sed

237 2179 286 2235 sed
305 2184 399 2241 erunt,
424 2178 464 2231 uti
483 2178 565 2233 etiarn
582 2178 618 2233 ab
638 2179 763 2249 apostolo
776 2184 924 2245 vocantur,
947 2196 1067 2247 corpora
1080 2172 1083 2231 l
1095 2183 1151 2230 mm
1170 2176 1197 2229 in
1217 2174 1393 2247 Apostolico,
1425 2192 1508 2244 quam
1532 2177 1561 2229 in
1580 2175 1685 2232 Niceno
1708 2183 1736 2229 et
1755 2177 1867 2248 reliquis
1887 2198 1928 2234 ec-

237 2263 417 2334 spiritaals'a,
444 2263 461 2317 i.
485 2280 508 2316 e.
534 2272 632 2321 ornat-a
648 2263 828 2334 qualitatibus
848 2269 877 2317 et
897 2263 976 2316 donis
991 2258 1197 2330 spiri-lelesiae
1220 2260 1354 2332 symbolis
1380 2276 1488 2331 semper
1513 2261 1639 2330 adjectus
1665 2261 1719 2315 fuit
1743 2263 1875 2318 articulus
1893 2267 1928 2320 de
1977 2336 1983 2343 .

237 2349 373 2412 tualibus,
399 2347 509 2402 interim
534 2366 589 2403 non
617 2349 744 2403 amittent
762 2365 920 2421 corpoream
940 2347 1068 2401 substan·
1095 2347 1293 2425 resurrsctione
1312 2347 1409 2401 carnis.
1446 2353 1483 2401 10.
1504 2345 1631 2400 Detonsio
1652 2346 1708 2413 illa,
1727 2353 1803 2416 quod
1819 2368 1873 2403 non
1892 2354 1928 2404 sit

237 2437 314 2504 tiam,
331 2451 384 2488 nec
402 2434 583 2489 mutabuntur
596 2435 625 2489 in
643 2434 814 2505 spiritualem
828 2432 1287 2501 aserdan,n1ias,rearrsaara
1311 2450 1390 2496 carc,
1419 2435 1472 2486 sed
1488 2434 1626 2486 duntaxat
1645 2433 1733 2496 uteru,
1764 2439 1839 2502 qaod
1861 2439 1928 2492 olim

236 2537 352 2591 corpora
380 2535 440 2573 esse
465 2519 636 2589 desinerent,
666 2537 698 2574 ac
725 2520 840 2588 proinde
858 2536 973 2589 corpora
990 2506 1083 2588 spiri-¹
1095 2519 1152 2579 tait
1171 2535 1247 2582 carc,
1274 2517 1435 2572 adversatur
1454 2517 1540 2572 textui
1561 2517 1710 2587 apostolico
1729 2526 1758 2574 et
1774 2524 1927 2593 perspicuis

238 2607 324 2661 tualis
351 2605 443 2659 vocari
475 2622 529 2659 non
561 2611 681 2676 possent.
730 2605 877 2659 Ansslmus
909 2605 937 2658 in
967 2602 1068 2672 prosnl.
1095 2602 1255 2673 Scripturas
1272 2603 1354 2657 dictis
1373 2604 1499 2674 superius
1517 2605 1692 2659 enumeratis.
1735 2612 1773 2661 11.
1796 2607 1851 2671 Qui
1869 2626 1927 2663 eur·

236 2709 298 2762 usp.
313 2698 360 2747 25:
378 2691 445 2742 Erit
463 2707 565 2759 corpas
582 2692 811 2759 spiritualeucn
831 2691 1071 2760 praedictasset
1095 2689 1138 2742 nis
1168 2690 1251 2758 ligas
1285 2690 1510 2745 resurrectionem
1538 2695 1636 2759 negat,
1670 2690 1693 2745 is
1722 2708 1818 2746 revera
1844 2695 1927 2748 etiam

235 2783 381 2848 potestate.
433 2775 606 2846 Augustinus
636 2781 677 2834 22.
707 2777 741 2833 dc
769 2778 820 2834 cir.
848 2777 901 2831 Dei
930 2792 990 2846 cap.
1019 2781 1069 2831 tl:
1096 2780 1264 2845 mortuorum
1290 2776 1515 2830 resurrectionem
1546 2783 1646 2847 negat,
1677 2777 1700 2830 si
1724 2796 1779 2832 non
1804 2795 1836 2833 ex
1861 2786 1928 2847 toto,

240 2863 306 2918 artu
330 2862 447 2931 spiritui
472 2863 585 2915 subdita
608 2881 676 2917 σανα
701 2863 873 2932 spiritualis,
903 2865 955 2917 sed
978 2871 1070 2915 tamea
1095 2865 1188 2913 canen
1216 2876 1249 2914 ex
1274 2867 1361 2930 parte.
1393 2861 1452 2915 Aut
1478 2862 1550 2915 enim
1578 2863 1699 2932 animae,
1730 2871 1778 2917 aut
1807 2866 1927 2935 corporis

240 2966 316 3007 σανα,
348 2966 403 3002 acra
421 2948 548 3019 spiritns,
574 2949 646 3002 sicut
666 2950 750 3003 carni
766 2950 892 3003 aridius
910 2949 968 3014 fuit
986 2948 1070 3017 spiri·
1096 2950 1223 3012 respectu
1247 2943 1327 3001 bomo
1352 2947 1453 3001 dicitur
1477 2963 1628 3019 resurgere
1664 2948 1726 3005 Non
1754 2951 1861 3004 animae
1886 2968 1925 3005 re-

239 3045 283 3089 tas
308 3035 368 3103 ipse
395 3034 531 3094 ceradis,
564 3037 623 3086 sed·
645 3043 737 3088 tornea
767 3036 884 3106 spirulas
912 3053 968 3087 aaa
995 3035 1207 3098 caraspeetu,
1231 3031 1296 3101 quia
1314 3031 1363 3086 illa
1383 3033 1505 3101 persistit
1525 3033 1698 3104 immortalis,
1725 3054 1777 3091 nec
1805 3055 1926 3107 unquam

239 3120 300 3174 libr.
324 3125 362 3175 13.
390 3120 424 3173 de
450 3121 499 3172 civ.
519 3120 553 3172 Ι).
578 3137 638 3190 cap.
659 3126 698 3176 22.
721 3121 795 3176 circa
812 3120 872 3175 fin:
898 3112 1124 3188 Spiritaclialin
1153 3123 1266 3169 mortem
1295 3118 1447 3172 naturalem
1474 3119 1564 3188 cadit,
1592 3120 1641 3175 sed
1665 3138 1718 3176 noc
1741 3124 1862 3192 corporis
1887 3142 1926 3178 re-

239 3214 319 3260 eraat
338 3208 483 3275 justorum
510 3224 631 3275 corpora
651 3215 717 3275 post
741 3208 986 3267 resurrectionem,
1014 3224 1070 3258 ααη
1096 3207 1210 3270 spectu,
1239 3220 1271 3254 ex
1293 3203 1519 3257 photinianorum
1540 3205 1702 3276 hypothesi,
1731 3208 1867 3279 quianon
1887 3227 1926 3264 re

239 3294 306 3361 quta
323 3309 443 3361 corpora
464 3309 522 3346 esua
541 3293 686 3360 degusta-nl,
711 3293 763 3345 sed
780 3293 847 3360 quia
864 3293 966 3361 spiritu
984 3293 1070 3360 vivifi.
1097 3292 1192 3355 surget
1217 3287 1286 3341 iliud
1310 3287 1413 3358 ipsum,
1441 3289 1515 3359 quoti
1541 3292 1649 3348 cecidit.
1687 3292 1761 3363 Ergo
1783 3295 1858 3348 litllla
1876 3296 1926 3351 erit

239 3387 320 3432 cante
347 3379 500 3432 subactast.
539 3385 562 3433 ε’).
587 3377 709 3447 Corpora
733 3377 855 3432 carnalia
878 3378 1007 3432 dicuntur
1028 3379 1071 3433 vol
1097 3373 1269 3442 resurrectio,
1292 3373 1340 3427 sed
1366 3374 1430 3428 novi
1453 3376 1575 3446 corporis
1602 3396 1656 3432 non
1676 3379 1797 3449 corporis
1817 3383 1926 3436 creatio,

239 3463 345 3519 ratione
367 3464 538 3517 substantiae
563 3482 694 3529 carrucae,
719 3464 762 3517 vcl
779 3463 887 3519 ratione
905 3465 1071 3532 qualitatum
1098 3455 1178 3520 Quod
1207 3458 1267 3526 jam
1291 3467 1356 3512 ante
1381 3459 1486 3528 existit,
1519 3479 1662 3534 resurgere
1685 3469 1788 3535 nequit.
1827 3468 1927 3523 Anima

240 3550 420 3613 animalium,
449 3566 482 3602 ac
513 3555 640 3618 respectu
666 3550 847 3602 cellsaerentis
875 3552 1068 3619 corruptionis.
1094 3544 1153 3612 jam
1172 3553 1236 3597 ente
1258 3545 1371 3609 exsistit
1396 3553 1439 3600 est
1456 3547 1528 3601 euim
1547 3548 1707 3604 immortalis
1723 3560 1750 3605 et
1769 3559 1927 3624 restatpost

241 3635 329 3690 Priori
368 3650 450 3688 sensu
487 3650 603 3704 corpora
640 3635 863 3689 resuscitatorum
899 3643 979 3691 erunt
1013 3654 1070 3690 car-
1098 3635 1227 3697 ¹1¹0fl0¹1¹s
1257 3632 1419 3685 rflflurl'essliO
1439 3632 1524 3705 igilur
1541 3635 1651 3705 Pr⁰prie
1669 3637 1707 3691 8ἰο
1728 3638 1802 3691 dieta
1819 3639 1926 3695 animes

236 3720 327 3799 palia,
360 3720 510 3790 posteriore
539 3737 603 3774 rere
635 3720 752 3775 minime.
808 3728 830 3776 6.
855 3722 980 3776 cbristus
1006 3727 1070 3792 post
1098 3713 1217 3768 adscribi
1237 3716 1339 3786 nequit.
1376 3716 1449 3772 Num
1470 3735 1533 3773 vero
1554 3737 1652 3791 corpus
1670 3723 1814 3794 resurget?
1834 3732 1863 3779 at
1879 3743 1925 3780 ne-

238 3807 462 3862 resurrectionem
494 3811 522 3858 ct
555 3805 760 3860 adscensionem
794 3807 821 3860 in
851 3809 956 3861 coelum
983 3807 1068 3863 babet
1097 3798 1345 3869 ganthotiniani‚
1368 3802 1417 3856 illa
1441 3804 1501 3874 ipsu
1519 3823 1646 3877 corpora,
1671 3824 1742 3879 quae
1759 3809 1924 3867 circumferi-

238 3909 338 3963 corpus
369 3890 566 3962 glorificatum,
595 3890 751 3960 spirituale,
780 3892 1001 3963 incorruptibile,
1027 3894 1067 3947 in·
1096 3903 1168 3952 mal,
1199 3902 1259 3940 0⁸⁸0
1277 3894 1479 3958 rfflfflesstllffll
1509 3894 1575 3962 quid
1597 3910 1662 3964 erg⁰
1681 3903 1822 3965 mulget,
1853 3915 1924 3965 quae

238 3979 318 4032 terim
343 3984 435 4031 tamen
460 3993 554 4030 verum
579 3975 727 4029 humanum
747 3993 848 4047 corpus
866 3995 948 4032 carne
965 3983 993 4033 et
1009 3994 1069 4032 san·
1095 3987 1159 4038 part
1178 3970 1315 4026 hominis?
1334 3973 1416 4028 nulle.

238 4062 324 4133 guina
340 4068 468 4115 constans
489 4061 556 4115 Luc.
578 4066 619 4129 24,
636 4079 660 4114 v.
679 4067 720 4116 39.
739 4062 823 4116 sicet
842 4070 936 4117 nostra
955 4079 1070 4134 corpora
1132 4061 1173 4112 72.
1198 4056 1333 4114 Ostorodo
1353 4061 1474 4115 concinit
1486 4063 1655 4119 Schmslzius
1673 4067 1700 4119 in
1719 4066 1779 4119 libr.
1795 4067 1829 4121 rie
1842 4069 1923 4125 divin.

239 4153 319 4201 erunt
344 4146 495 4217 glorificato
518 4145 618 4201 Christi
642 4147 748 4216 corpori
766 4148 930 4211 conformia,
961 4149 1068 4204 interim
1096 4141 1198 4197 Chritti
1229 4160 1288 4215 esp.
1317 4149 1355 4200 13·
1387 4163 1451 4219 pag.
1470 4154 1510 4204 79.
1542 4151 1569 4204 iu
1605 4151 1683 4207 refut.
1719 4170 1821 4221 eorum,
1855 4174 1926 4226 quae

238 4240 330 4287 tamsm
356 4233 461 4287 ratione
487 4232 658 4288 substantiae
686 4240 768 4288 erunt
792 4252 857 4289 vera
881 4250 996 4304 corpora
1022 4234 1069 4288 ba·
1097 4228 1259 4300 Smiglecius
1285 4231 1314 4284 in
1338 4232 1539 4289 examinatione
1559 4244 1668 4291 centurn
1687 4254 1806 4292 errorum
1827 4258 1925 4312 propo·

239 4318 333 4373 bentia
351 4335 461 4372 carnem
482 4324 509 4372 et
524 4318 694 4389 sanguinem.
727 4325 750 4373 7.
760 4319 854 4374 Verba
863 4319 986 4390 Symboli
1005 4337 1069 4390 spo·
1096 4321 1190 4368 tuerat
1207 4332 1272 4386 pag.
1291 4321 1332 4371 36.
1353 4317 1400 4372 ubi
1420 4319 1461 4372 sic
1480 4320 1590 4376 scribit:
1612 4321 1739 4391 Corpora
1757 4327 1835 4390 laec,
1853 4346 1925 4395 quae

239 4404 337 4472 stolici,
356 4407 440 4458 credo
458 4406 685 4457 recensuissem
702 4424 805 4472 caritas,
824 4406 1069 4462 exactissimorum
1096 4419 1168 4453 'tunc
1188 4402 1419 4472 circumfultum,
1437 4415 1629 4460 remrreetura
1642 4429 1697 4463 uon
1709 4413 1855 4480 crediturus,
1875 4417 1926 4466 secl

239 4490 380 4560 Scriptura
406 4491 594 4556 consentiunt,
628 4496 657 4543 ut
685 4507 718 4544 es
745 4491 931 4545 fundamentis
960 4500 1069 4547 nostrae
1096 4489 1157 4541 elia
1186 4489 1264 4542 uelit
1294 4493 1394 4544 <lusda
1421 4508 1479 4544 ecce
1504 4495 1538 4545 ab
1565 4495 1694 4565 apostolo
1714 4500 1807 4550 edocti
1823 4518 1925 4552 sumus.

238 4576 391 4629 sententiae
409 4575 515 4644 liquido
534 4583 653 4640 constat,
676 4576 793 4646 proinde
810 4578 893 4630 stiam
912 4577 1069 4649 Scripturas
1096 4574 1163 4630 ibid.
1190 4593 1217 4645 p.
1244 4583 1292 4631 57:
1324 4578 1412 4631 Verba
1432 4580 1564 4644 symboli,
1593 4585 1677 4635 credo
1695 4587 1925 4640 resurrecti-‘caeru

120 4667 176 4706 xlx.
192 4665 224 4706 tt.
237 4661 340 4730 opponi
362 4660 473 4714 minime
498 4661 607 4715 debent.
652 4665 673 4716 8,
697 4660 860 4732 Symbolum
885 4664 1068 4733 apostolieum
1095 4661 1204 4725 σαναία,
1227 4662 1268 4714 ita
1287 4664 1408 4732 intelligi
1423 4675 1555 4732 priscum,
1573 4669 1658 4720 credo
1678 4670 1710 4721 tu
1729 4670 1830 4724 iterum
1848 4676 1925 4736 falu-

238 4743 272 4797 ab
296 4745 363 4816 ipsis
387 4746 517 4816 apostolis
539 4748 720 4817 compositum
738 4765 797 4802 csse
815 4764 915 4819 magno
934 4766 1069 4806 consensu
1094 4764 1164 4814 rum,
1183 4749 1259 4814 quod
1276 4750 1343 4801 olim
1361 4767 1428 4803 earo
1447 4751 1512 4816 futu
1548 4755 1624 4806 Nam
1641 4756 1681 4806 sic
1701 4755 1831 4824 lenimus,
1850 4761 1925 4825 quod

237 4830 337 4884 docent
361 4831 400 4900 pii
426 4837 540 4885 veteres.
580 4832 736 4903 Cyprianus
758 4833 801 4888 vel
819 4832 948 4907 Ruffinus
974 4835 1003 4889 in
1023 4855 1067 4891 ex.
1095 4834 1174 4885 Deus
1204 4835 1425 4887 resuscitaturus
1455 4838 1492 4888 sit
1519 4856 1640 4907 corpora
1667 4850 1764 4894 rroslra
1791 4843 1924 4895 rncrtalia

235 4933 294 4986 pos.
320 4916 448 4984 symboli,
472 4918 635 4972 Ambrosius
658 4917 736 4989 epist.
766 4923 807 4974 81.
827 4919 861 4973 ad
886 4919 1014 4975 Siricium
1040 4931 1068 4977 et
1093 4915 1171 4971 Rom·
1192 4923 1220 4981 8,
1240 4936 1264 4973 v·
1287 4927 1322 4975 ll·
1337 4926 1395 4988 Pro
1415 4938 1461 4983 00,
1486 4925 1561 4990 quod
1579 4943 1643 4992 ποθ,
1671 4928 1721 4993 uui
1739 4944 1810 4978 nanc
1829 4945 1924 4980 sueretu

236 5019 314 5056 serm.
330 5006 371 5055 38.
404 5001 589 5072 Hieronymus
608 5004 636 5056 in
655 5003 733 5072 epist.
752 5004 786 5058 ad
804 5004 957 5059 Pammacb.
972 5008 1067 5078 Augu·
1094 5004 1233 5071 increata,
1253 5007 1469 5060 resuscitaturus
1487 5010 1531 5064 sit.
1560 5012 1717 5079 Resurgent
1736 5014 1809 5065 caira
1826 5013 1856 5080 is',
1876 5016 1925 5082 qui

236 5087 324 5140 atinus
349 5103 428 5146 serm,
459 5094 514 5142 115,
548 5094 575 5141 et
606 5105 685 5142 serm.
718 5095 772 5146 181,
803 5091 836 5144 de
867 5098 982 5162 tempor,
1008 5094 1066 5148 Leo
1093 5098 1174 5142 antea
1194 5093 1298 5144 mortui
1313 5101 1390 5159 suat,
1417 5112 1472 5147 aon
1491 5097 1640 5163 mortales,
1659 5101 1711 5150 sed
1726 5099 1922 5168 incorruptibi-

237 5172 316 5243 cpist.
338 5177 376 5228 13.
404 5173 439 5225 ad
458 5172 633 5228 Pulcheriam
660 5192 693 5230 ec
713 5193 792 5230 serm.
816 5183 854 5232 11.
874 5176 909 5230 de
928 5178 1065 5247 passione,
1092 5177 1140 5230 les.
1181 5175 1287 5232 Ibidem
1314 5179 1404 5233 locum
1431 5183 1614 5251 apostolicum
1644 5189 1665 5239 1.
1683 5182 1745 5237 Cor.
1771 5190 1813 5247 15,
1838 5203 1863 5237 v.
1884 5192 1924 5240 53.

237 5257 385 5313 Cassianus
414 5258 447 5311 de
475 5258 578 5313 incarn.
602 5259 663 5317 libr.
689 5266 714 5314 e.
748 5261 872 5316 Isidorus
892 5261 1065 5333 Hispalensis
1092 5264 1133 5317 sic
1158 5264 1305 5334 depravat:
1336 5268 1446 5321 Paulas
1467 5286 1520 5338 per
1543 5288 1634 5324 ccccm
1651 5270 1790 5322 induendi
1808 5290 1863 5326 nort
1883 5276 1923 5325 ιά-

236 5343 283 5398 lib.
305 5347 329 5399 2.
348 5343 384 5398 ds
400 5342 472 5398 offic.
495 5362 556 5414 cup.
570 5350 609 5402 23.
630 5346 766 5400 Maximus
785 5348 813 5401 in
831 5364 911 5404 seran.
927 5349 962 5402 de
975 5350 1064 5418 symb.
1093 5348 1195 5417 tellr'pa
1212 5353 1391 5405 retentionem
1408 5355 1601 5423 corruptibilis
1614 5362 1641 5407 et
1654 5356 1828 5422 adeptionem
1836 5376 1923 5426 prae·

235 5428 289 5495 Qui
315 5428 454 5497 dubitant,
484 5446 519 5483 an
546 5431 581 5484 ab
606 5432 673 5502 ipsis
697 5434 828 5502 apostolis
855 5436 883 5498 in
908 5435 1062 5490 universum
1077 5442 1168 5521 pterea
1189 5436 1425 5505 incorruptibilis,
1452 5441 1503 5491 secl
1523 5441 1586 5492 loro
1613 5441 1806 5508 corruptibilis
1824 5447 1923 5499 substi-
1939 5458 1992 5497 xix.
2009 5460 2040 5501 u».
