4104 6014
243 285 303 345 208
834 278 958 337 Locus
976 272 1179 336 VICESIMUS
1198 277 1345 336 SEXTUS

240 434 313 486 nibil
331 433 474 495 definierit
503 438 575 487 teste
593 431 763 487 Bellarmino
791 432 838 488 lib.
858 438 883 488 2.
908 433 943 487 de
966 438 1075 503 purgat.
1101 431 1201 493 femor
1218 434 1390 488 accenditur.
1421 434 1552 505 Lyrsnus
1561 437 1603 488 ad
1614 436 1728 503 tinpuas
1736 433 1834 502 ipneas
1844 431 1939 488 nobis·

240 533 301 587 eap.
328 523 352 572 6.
402 525 426 572 6.
448 519 502 572 Per
528 535 588 587 eos,
616 519 663 589 qui
689 519 738 572 sub
757 526 835 571 terra
853 518 995 571 constituti
1020 533 1076 569 non
1103 532 1166 570 cum
1198 518 1395 574 accommodat.
1453 526 1476 574 3.
1510 521 1552 575 Ne
1583 519 1636 589 ipsi
1670 519 1783 590 quidem
1812 519 1938 575 saniores

242 609 395 673 potuerunt
425 603 526 658 librum
559 605 699 675 signatum
725 603 846 673 aperire,
870 602 945 656 haud
974 603 1075 656 incom-
1102 602 1247 666 Pontificii
1273 604 1309 658 ad
1339 607 1532 676 purgatorium
1562 607 1633 661 haec
1666 606 1752 662 verba
1784 606 1936 676 applicant.

240 689 322 744 mode
352 689 549 759 intelliguntur
585 689 708 744 homiues
742 688 842 743 mortui
879 688 907 741 in
941 687 1074 757 sepulcris
1102 686 1254 757 Dionysius
1273 689 1400 744 carthus.
1427 692 1456 745 in
1476 708 1586 746 comm:
1613 693 1779 762 Baptiaabit
1802 693 1875 760 ipni,
1904 692 1939 745 id

238 774 290 829 sub
325 782 400 830 terra
436 775 593 843 constituti,
630 782 662 829 ut
697 783 771 830 recte
809 780 902 830 monet
938 772 1075 827 nobilissi·
1101 783 1143 825 est
1161 774 1329 843 baptizando
1353 777 1501 831 caritatem
1526 779 1556 831 in
1580 780 1658 832 nobie
1683 778 1819 831 accendit.
1856 776 1936 848 Caje·

238 878 299 914 mus
344 861 490 932 theologus
533 861 596 916 Hos
650 860 678 915 in
724 866 869 916 comment.
916 860 1004 931 Apoc.
1050 864 1074 912 5.
1101 859 1392 931 tenusib.:1)uplee
1416 872 1456 916 est
1481 880 1594 929 seusun,
1617 864 1691 918 alter
1709 863 1874 932 cipniricans
1890 879 1936 916 sa·

238 939 382 1019 peplis.
1100 945 1179 999 lencm
1201 947 1376 1017 principium
1401 950 1565 1005 ablus'tionis
1585 953 1671 1004 totius
1691 952 1807 1005 bumani
1825 949 1936 1019 pencris

108 1040 176 1083 ulcu
275 1038 333 1088 tlt.
369 1033 464 1102 Atque
480 1032 551 1088 haec
571 1037 644 1100 sunt,
664 1048 736 1103 quac
753 1049 804 1102 pro
821 1030 990 1086 adstruendo
1008 1046 1073 1099 pur·
1100 1032 1268 1085 catenarum
1305 1035 1336 1087 in
1372 1037 1418 1088 die
1448 1045 1634 1106 pentecostes,
1671 1039 1785 1105 prande
1819 1036 1935 1089 aduenit

108 1094 226 1194 {3331st
240 1119 348 1189 guterio
375 1134 407 1173 ex
439 1119 473 1175 N.
502 1118 536 1175 T.
567 1119 763 1173 Belias-minus
796 1117 930 1188 producit.
987 1115 1073 1170 Hisce
1104 1116 1229 1185 Spiritus
1248 1136 1268 1173 s.
1288 1120 1318 1171 in
1338 1120 1430 1191 specie
1449 1122 1540 1191 ipnis,·
1560 1123 1635 1176 atter
1648 1122 1810 1192 sipnificaus
1828 1122 1934 1190 baptis-

107 1194 225 1279 ”mmu-
240 1203 322 1259 dictis
335 1205 390 1258 atii
408 1220 440 1257 ee
458 1205 617 1269 Pontificius
630 1203 775 1274 sequentia
786 1203 901 1257 addunt.
936 1207 957 1258 l.
973 1201 1071 1258 Matth.
1102 1219 1177 1255 mum
1211 1204 1408 1260 tribulationis.
1458 1207 1589 1262 Erasmus
1612 1208 1641 1261 in
1670 1213 1762 1262 annot
1781 1207 1833 1262 hoc
1856 1206 1933 1262 locor

109 1258 215 1349 {iimii‘
239 1296 269 1359 3,
294 1307 320 1344 v,
346 1296 385 1347 ll.
413 1290 505 1361 inquit
522 1290 665 1361 Baptista:
691 1291 756 1358 Epa
785 1290 895 1359 baptiso
920 1307 969 1343 uos
987 1304 1072 1356 apua,
1100 1288 1228 1342 Primum
1246 1297 1277 1342 ut
1295 1291 1441 1354 referatur
1458 1295 1499 1344 ari
1518 1293 1657 1362 Spiritum
1668 1311 1691 1350 s.
1709 1293 1801 1361 specie
1818 1293 1932 1362 iinpua-

106 1349 212 1443 ffppns.
238 1381 290 1446 qui
305 1385 398 1431 autem
414 1385 478 1447 post
496 1394 538 1430 me
555 1385 689 1429 uenturus
708 1385 756 1444 est
774 1378 834 1444 ipse
855 1394 905 1429 ros
921 1375 1072 1446 baptizabit
1098 1390 1161 1426 rum
1177 1374 1324 1441 ipnearum
1349 1376 1380 1428 in
1399 1378 1446 1430 dic
1468 1385 1642 1446 pentecostae
1667 1380 1780 1433 misnam
1798 1379 1830 1432 in
1848 1379 1933 1432 debei-

107 1453 188 1547 {stili
203 1453 223 1502 ³·
236 1464 267 1516 in
287 1464 437 1532 Spiritus.
462 1471 487 1516 et
506 1463 581 1532 ipni,
610 1463 644 1516 iel
660 1470 700 1517 est
716 1463 747 1515 in
765 1462 818 1515 bac
836 1463 894 1516 rita
908 1478 964 1531 per
981 1460 1070 1528 bapti·
1096 1459 1195 1526 putas,·
1222 1461 1288 1512 dein
1307 1468 1337 1513 ut
1352 1462 1496 1530 pertineat
1522 1466 1564 1516 aci
1580 1465 1672 1533 ipnem
1697 1465 1887 1534 afflictionum
1904 1473 1933 1518 et

106 1532 212 1604 a'spu'm-
236 1568 325 1603 smum
340 1558 368 1604 et
387 1550 525 1619 Spiritum
543 1568 574 1614 s.,
591 1557 655 1619 post
672 1551 745 1603 banc
762 1550 849 1603 uitam
863 1565 918 1618 per
931 1553 1069 1617 purpato·
1097 1546 1206 1614 eruam
1231 1547 1314 1599 tertio
1324 1563 1381 1616 per
1396 1547 1487 1614 ipncm
1503 1549 1627 1618 intellipi
1642 1558 1732 1620 potest
1751 1552 1831 1618 eipor
1848 1567 1931 1604 suan·

107 1604 195 1708 iiiiii
235 1638 310 1690 rium
328 1654 347 1690 a
369 1638 494 1707 pcccatis
515 1654 565 1689 uos
590 1637 704 1692 abluet
731 1636 779 1689 Ad
805 1636 879 1690 hunc
901 1636 991 1689 locum
1009 1632 1069 1703 ipse
1096 1631 1203 1698 palicas
1221 1633 1345 1698 pretias,
1364 1634 1414 1702 qui
1431 1635 1506 1687 intus
1526 1638 1621 1705 datur,
1639 1655 1701 1690 mim
1718 1637 1841 1690 Judaici
1856 1637 1931 1690 ritus

106 1711 222 1760 ..ssime
235 1723 420 1778 pepp-minu,
446 1722 546 1776 alludit
564 1723 594 1776 in
618 1722 798 1792 explicatione
823 1727 846 1776 3.
863 1718 1019 1790 argumenti
1035 1733 1068 1771 ex
1094 1717 1204 1777 mains
1222 1718 1335 1784 fripidi.
1360 1717 1424 1773 ioh.
1445 1719 1533 1774 Ferus
1550 1721 1579 1775 in
1601 1737 1714 1778 comm:
1735 1722 1879 1790 Spiritus.
1904 1732 1930 1777 et

237 1815 258 1864 1.
276 1808 340 1863 (lor.
362 1813 400 1862 15.
422 1808 549 1864 desumti.
585 1810 656 1876 Ipsa
672 1807 784 1877 (inquit)
793 1823 888 1876 poena
906 1803 1070 1876 purpatorii
1095 1802 1163 1870 ipni,
1181 1802 1215 1855 id
1233 1811 1273 1856 est
1300 1813 1402 1873 meanto
1421 1807 1538 1874 spiritus
1552 1810 1656 1877 purior
1674 1824 1794 1876 corpere
1810 1817 1836 1862 et
1853 1809 1929 1878 ipnis

233 1914 253 1949 a
277 1893 428 1964 Scriptura
453 1901 477 1946 et
495 1893 628 1962 patribus
655 1901 772 1947 uocatur
800 1894 948 1962 baptisma.
991 1891 1066 1943 Nam
1094 1889 1241 1952 efficacior
1271 1906 1361 1958 apua,
1399 1899 1476 1944 tanto
1507 1892 1567 1960 ejus
1597 1894 1752 1963 baptismus
1781 1895 1930 1958 efficacior

232 1982 310 2050 pund
327 1979 429 2035 Mattb.
443 1982 470 2034 3.
483 1980 608 2048 lepimus,
623 1979 685 2051 ipse
704 1979 856 2047 baptizabit
874 1979 904 2031 in
920 1977 1064 2046 Spiritus.
1093 1993 1159 2032 mco.
1211 1977 1314 2030 Sensus
1332 1979 1420 2047 ipitur
1438 1988 1493 2042 est,
1515 1981 1626 2049 Spiritu
1644 1999 1691 2035 uos
1710 1981 1930 2045 transformabit

232 2074 259 2120 et
283 2064 358 2133 ipni,
393 2066 583 2133 Hieronymus
607 2066 720 2133 emonii
740 2065 772 2118 in
794 2064 945 2132 Spiritus.
966 2061 1066 2114 iubae
1094 2068 1118 2114 et
1130 2063 1191 2130 ipni
1208 2064 1300 2131 rapiet
1308 2066 1351 2117 ad
1367 2065 1506 2121 coelestia.
1536 2066 1712 2122 Muldonatue
1725 2066 1775 2124 ib.:
1797 2067 1930 2136 Suntpui

231 2152 297 2219 rita,
313 2152 378 2219 ipne
395 2167 460 2206 uera
478 2151 509 2203 in
519 2153 637 2220 sutura,
660 2169 714 2221 quo
732 2153 815 2205 moda
834 2150 919 2204 etiam
935 2147 1066 2201 Basilius
1093 2148 1184 2214 ipnem
1218 2148 1270 2201 boc
1297 2151 1360 2204 loco
1388 2151 1587 2218 purpatorium
1618 2153 1848 2220 interpretentur,
1876 2155 1930 2206 sed

232 2239 278 2293 lib.
297 2240 336 2290 ‘rte
353 2238 421 2306 spir.
440 2256 464 2290 s.
483 2253 545 2306 cap.
567 2241 608 2292 15.
636 2245 662 2291 ct
681 2239 765 2290 Beda
783 2236 814 2288 in
831 2253 855 2289 c.
889 2238 917 2290 3.
935 2236 1001 2288 Ince.
1022 2249 1065 2287 ea-
1093 2233 1207 2286 dubium
1227 2252 1282 2287 non
1302 2243 1351 2299 cst,
1372 2237 1439 2305 puin
1453 2254 1508 2305 per
1525 2238 1616 2304 ipnem
1635 2237 1760 2306 Spiritus
1776 2255 1798 2294 s.
1817 2239 1927 2306 sipiriti-

226 2330 344 2394 pcnunt.
395 2322 618 2393 Respondemus:
660 2327 682 2377 1.
715 2322 840 2393 loquitur
870 2320 1000 2390 Baptista
1030 2319 1065 2373 dc
1092 2326 1176 2372 cetur.
1214 2320 1380 2387 Coniunctis
1399 2323 1472 2375 enim
1490 2327 1518 2376 et
1539 2323 1586 2375 bic
1606 2340 1661 2376 non
1681 2331 1720 2377 est
1738 2325 1925 2394 conjunctiva,

231 2407 333 2462 visibili
353 2406 487 2462 effusione
507 2407 627 2477 Spiritus
646 2407 735 2461 sancti
754 2412 783 2461 et
800 2406 934 2461 donorum
956 2407 1016 2476 ejus
1036 2405 1064 2457 in
1091 2406 1143 2456 sed
1159 2405 1337 2473 explicatius.
1379 2408 1493 2461 Addita
1519 2414 1610 2461 antem
1633 2416 1673 2462 cst
1704 2410 1869 2479 replicatio,
1897 2420 1928 2465 ut

231 2494 333 2565 linguis
352 2494 442 2564 igneis
461 2492 506 2547 die
526 2498 699 2563 pentecostes
717 2491 806 2559 facta,
831 2496 864 2544 ut
881 2490 910 2544 in
929 2496 1008 2544 tract.
1030 2489 1065 2544 de
1091 2507 1147 2541 nan
1166 2490 1369 2560 pisaliscunpue
1388 2493 1514 2561 Spiritus
1531 2496 1624 2547 sancti
1634 2496 1856 2559 communicatio,
1875 2499 1929 2550 sed

231 2581 309 2650 bapt.
328 2576 356 2652 ξ.
375 2585 416 2634 56.
441 2585 548 2649 septem
576 2578 747 2648 argumentis
776 2575 985 2646 comprobatum
1019 2575 1064 2629 dc·
1091 2575 1145 2627 ilia
1165 2575 1377 2641 illustrissima,
1404 2594 1476 2646 puae
1494 2578 1542 2631 dic
1557 2586 1729 2647 pentecostes
1746 2582 1839 2649 specie
1852 2583 1928 2650 tpnu

231 2665 336 2734 dimus,
366 2665 438 2719 inter
464 2680 535 2735 quse
562 2663 664 2719 eminet
687 2663 774 2733 ipsius
792 2663 896 2718 Christi
918 2662 1064 2730 explicatio
1084 2661 1172 2726 facta
1201 2669 1258 2730 est,
1288 2663 1470 2730 sipnificctar.
1518 2663 1625 2719 Bibere
1642 2679 1739 2719 comm.
1758 2665 1788 2719 in
1805 2666 1877 2722 toul.
1903 2673 1925 2723 2.

230 2752 294 2808 Act.
322 2757 353 2819 l,
388 2769 414 2808 v.
441 2756 466 2806 4.
495 2750 606 2806 tradite.
657 2748 728 2804 Cum
759 2750 832 2804 enim
861 2749 921 2819 ipse
947 2749 1064 2818 Jumjsm
1091 2764 1118 2801 n.
1137 2753 1184 2802 tl:
1222 2749 1278 2801 Vos
1309 2748 1522 2817 baptizabimini
1543 2750 1655 2818 Spiritu
1672 2768 1710 2820 a,
1736 2752 1779 2805 ait
1797 2750 1927 2808 Obristus

231 2838 323 2893 coelos
342 2837 528 2892 msecnsurus
548 2834 692 2905 discipulis
710 2835 891 2905 praeciperet,
911 2849 945 2887 ne
962 2834 1064 2888 Hiera-
1091 2834 1153 2889 Act.
1174 2836 1200 2886 2.
1242 2835 1279 2886 In
1297 2842 1405 2888 tantum
1424 2837 1496 2890 euim
1515 2837 1628 2904 Spiritu
1644 2854 1668 2894 s.
1695 2837 1832 2906 baptisati
1851 2847 1925 2906 sunt,

230 2924 345 2993 solymis
356 2925 538 2991 incederent,
546 2922 816 2991 sedprcmissianem
820 2919 918 2989 patris
926 2927 1063 2989 scspccta-
1088 2926 1119 2971 a
1141 2919 1299 2988 repleretur
1325 2928 1385 2975 tata
1412 2924 1523 2987 domus,
1553 2923 1658 2992 inqua
1677 2931 1758 2976 erant
1785 2926 1921 2996 sedentes,

230 3019 300 3075 rent,
319 3012 508 3080 airrotapcsnic
524 3007 684 3077 subjungit,
702 3008 770 3076 puin
787 3006 933 3059 Jobannes
951 3005 1063 3074 quidem
1089 3006 1153 3058 binc
1179 3006 1360 3074 inteliipimus
1383 3008 1461 3061 illud
1483 3010 1587 3065 Mattb.
1612 3013 1640 3065 3.
1664 3011 1726 3078 ipse
1756 3027 1804 3062 ros
1831 3012 1924 3080 bapti·

230 3096 381 3167 baptisavit
407 3111 495 3163 apua,
519 3111 567 3149 uos
589 3101 682 3147 autem
704 3091 889 3161 baptizamini
912 3091 1061 3160 Spiritus.
1088 3092 1161 3144 rabit
1180 3093 1290 3160 Spiritu
1309 3112 1331 3147 s.
1353 3103 1380 3147 et
1396 3094 1468 3163 ipae.
1507 3094 1659 3150 Salmeron.
1674 3100 1739 3150 tam.
1759 3102 1785 3151 t.
1803 3103 1882 3152 tract
1898 3103 1923 3154 9.

229 3201 286 3237 non
305 3189 369 3252 post
388 3181 490 3235 mutim
515 3182 566 3234 bos
590 3179 659 3234 dies.
704 3178 807 3233 Confer
829 3179 892 3232 scs
915 3182 956 3246 lt,
973 3195 1001 3232 v.
1022 3182 1061 3231 16.
1088 3195 1115 3246 p.
1133 3184 1178 3233 st:
1196 3180 1362 3248 Baptismus
1374 3180 1450 3249 ipnic
1468 3188 1508 3233 est
1521 3180 1675 3250 baptismus
1693 3181 1821 3249 Spiritus
1831 3186 1924 3238 suncti

231 3269 280 3324 nbi
297 3269 398 3323 Petrus
415 3267 512 3321 itidem
530 3267 567 3320 ad
583 3264 721 3320 risibilem
748 3263 868 3335 Spiritus
885 3263 974 3319 suncti
994 3263 1062 3318 effu·
1086 3279 1138 3333 per
1156 3264 1281 3332 pratiam
1301 3273 1326 3318 et
1344 3265 1474 3319 caritatis
1493 3266 1671 3334 infusionem.
1707 3268 1761 3320 Est
1774 3275 1801 3321 ct
1818 3269 1924 3337 bapte's·

231 3357 336 3410 sionem
354 3354 441 3408 verba
457 3353 507 3407 illa
523 3353 626 3407 diserte
649 3350 781 3421 applicat.
815 3355 838 3405 2.
856 3349 954 3405 Patres
972 3348 1002 3402 in
1018 3366 1062 3403 ex·
1088 3367 1149 3403 mus
1176 3350 1251 3419 ipnis
1274 3367 1330 3419 per
1359 3351 1518 3404 absolmam
1542 3352 1743 3422 purpationem
1768 3354 1844 3406 uelut
1869 3371 1923 3423 per

229 3441 380 3513 plicatione
402 3439 487 3510 hujus
511 3438 564 3493 loci
587 3436 657 3491 nihil
674 3437 709 3490 de
730 3434 892 3506 purgatorio
915 3435 1062 3491 somniant.
1087 3439 1234 3500 fornacem
1252 3437 1448 3501 tentationum,
1468 3437 1568 3506 quibus
1581 3439 1657 3506 fides
1676 3446 1774 3492 nostra
1788 3442 1922 3494 redditur

231 3526 387 3597 Cyprianus
415 3524 495 3594 epist.
521 3524 558 3577 sd
582 3521 658 3587 Quis.
682 3520 700 3576 l.
724 3529 744 3578 1.
768 3539 792 3578 o.
813 3527 852 3580 12,
879 3521 969 3575 locum
988 3520 1062 3575 hunc
1088 3540 1159 3575 auro
1177 3523 1350 3575 rutulanticr
1366 3524 1438 3593 ipso.
1474 3522 1659 3577 Bellarminus
1679 3523 1739 3593 ipse
1758 3524 1860 3580 dubius
1878 3530 1922 3581 est

228 3612 337 3668 confert
358 3627 421 3665 cum
440 3626 482 3675 eo,
501 3608 549 3678 qui
566 3612 658 3662 exstat
673 3606 738 3662 boh.
758 3613 787 3670 3,
814 3625 840 3660 ι.
860 3614 890 3662 5:
915 3606 983 3661 Nisi
1000 3607 1062 3676 puis
1088 3610 1105 3662 l.
1127 3615 1147 3665 l.
1166 3608 1201 3663 de
1222 3608 1299 3679 bspt.
1319 3625 1342 3664 c.
1363 3615 1393 3665 2:
1418 3610 1500 3678 Ipsis
1518 3610 1563 3662 uei
1582 3611 1618 3663 ds
1636 3611 1743 3679 linquis
1760 3613 1859 3680 ipneis,
1876 3613 1921 3666 net

228 3705 342 3753 renatus
359 3695 451 3761 fuerit
475 3711 508 3746 cu
527 3712 603 3762 apua
624 3701 651 3746 et
670 3693 795 3762 Spiritu,
811 3711 867 3746 nan
886 3693 1003 3745 intrabit
1031 3692 1061 3744 in
1088 3698 1122 3748 de
1140 3697 1204 3762 ipsse
1221 3697 1392 3763 purpatorii,
1410 3696 1454 3749 uei
1474 3697 1509 3748 dc
1527 3697 1590 3762 ipne
1603 3695 1721 3764 judicii,
1739 3699 1784 3751 oei
1802 3701 1838 3752 de
1856 3699 1921 3767 ipnc

228 3800 342 3851 repnum
372 3781 520 3835 caelorum.
570 3778 693 3833 Hilarius
729 3796 789 3834 can.
832 3785 856 3833 3.
889 3779 918 3832 in
949 3777 1061 3834 Manus
1087 3781 1278 3834 tritutationis
1297 3781 1473 3849 intettipitur.
1505 3786 1530 3837 4.
1541 3780 1587 3834 Ad
1601 3781 1697 3835 Basilii
1716 3787 1745 3836 et
1756 3782 1920 3854 Hieronymi

232 3869 286 3931 Qui
297 3870 363 3937 jam
379 3867 554 3935 baptizantur
581 3867 611 3919 in
631 3865 742 3933 Spiritu
760 3884 798 3934 s.,
818 3873 918 3934 pastea
937 3883 1059 3920 sennim·
1087 3865 1278 3921 auctoritatem
1291 3865 1475 3920 Bellsrminus
1493 3865 1596 3920 frustra
1614 3875 1753 3938 provocat
1783 3868 1920 3925 lllecnim

228 3956 329 4010 mnndi
358 3961 422 4007 sunt
451 3955 513 4020 ipnc
542 3953 660 4006 extremi
687 3952 799 4021 judicii.
836 3950 957 4021 cyrillus
980 3952 1060 4005 Alex.
1088 3951 1106 4008 l.
1137 3958 1161 4008 5.
1182 3955 1258 4008 cont.
1292 3950 1408 4007 Eunom.
1443 3954 1478 4006 de
1514 3952 1579 4021 ipne
1614 3954 1757 4018 infernali
1791 3955 1919 4025 explicat.

229 4043 290 4097 l.'1.
311 4040 340 4094 in
359 4039 406 4095 Es.
424 4054 487 4108 cup.
507 4044 530 4093 l.
549 4044 616 4092 orat.
636 4043 668 4092 3:
688 4038 830 4091 Aratorem
843 4038 971 4106 Spiritus
990 4038 1061 4090 dici·
1088 4037 1223 4106 Bapticat
1242 4035 1370 4090 Obristus
1390 4039 1420 4090 in
1440 4038 1551 4107 Spiritu
1570 4040 1792 4104 sanctificatione
1810 4042 1919 4108 dipnos,

228 4145 289 4180 mus
310 4127 431 4195 pralium
459 4125 488 4176 in
512 4130 692 4176 samosancto
716 4122 852 4191 baptismo
876 4139 932 4174 uon
957 4123 1061 4190 absque
1087 4123 1219 4190 indipnos
1241 4139 1307 4175 uera
1333 4126 1375 4177 ad
1398 4124 1489 4191 ipnem
1513 4124 1642 4191 dimittit,
1666 4125 1778 4180 almuse
1802 4144 1821 4178 a
1850 4127 1920 4181 tono

231 4213 342 4283 Spiritu
360 4210 438 4264 nabis
450 4209 654 4279 inpeneratam.
691 4208 840 4277 Baptizati
856 4216 947 4261 autem
967 4215 992 4260 et
1012 4209 1063 4261 tati
1087 4209 1163 4262 malo
1181 4210 1314 4277 tradem
1333 4208 1379 4263 hic
1400 4225 1464 4263 vero
1482 4210 1524 4262 ad
1541 4210 1632 4277 ipnem
1643 4210 1754 4278 judicii
1769 4228 1920 4267 accommo-

228 4315 322 4351 snmus
340 4314 396 4349 non
414 4313 491 4364 apua
510 4296 606 4360 nuda,
623 4294 737 4346 sednec
755 4293 849 4346 cinere
868 4291 953 4346 uituli
969 4310 1061 4346 emim·
1087 4292 1136 4347 dat
1166 4292 1195 4346 in
1222 4309 1320 4347 comm.
1348 4311 1371 4348 c.
1396 4298 1420 4348 3.
1449 4292 1564 4347 Malta:
1591 4294 1656 4348 Siue
1676 4296 1745 4363 puin
1776 4298 1851 4365 ipnis
1878 4307 1920 4352 est

228 4384 291 4437 dati
307 4400 401 4435 sumus
430 4383 472 4434 ad
501 4381 592 4434 solam
619 4379 716 4433 carnis
739 4378 982 4448 purificationem,
1008 4380 1062 4433 seri
1089 4379 1215 4448 Spiritus
1234 4398 1257 4432 s.
1286 4387 1317 4431 ut
1335 4381 1409 4433 Aeta
1439 4379 1632 4447 apostolorum
1660 4382 1771 4447 docent,
1798 4400 1853 4451 qua
1873 4386 1920 4437 de·

230 4467 378 4536 Spiritus.
396 4474 422 4519 ct
441 4467 504 4533 ipne
526 4465 621 4518 <livino
640 4471 667 4517 et
684 4461 867 4530 intellipibiti,
886 4463 936 4532 qui
962 4465 1059 4516 sordes
1085 4466 1232 4517 scendeute
1249 4466 1321 4518 sedit
1340 4465 1424 4534 prrasi
1447 4464 1521 4532 ipnis
1546 4481 1631 4532 super
1655 4466 1782 4533 sinpuios
1804 4471 1919 4523 creden·

227 4553 358 4606 uitiorum
379 4552 409 4604 in
427 4552 506 4604 nobis
525 4551 629 4604 deterit
655 4557 679 4602 et
697 4549 817 4602 absumit
834 4555 886 4603 cte.
926 4548 1060 4620 Augusti·
1086 4550 1171 4617 tium,·
1196 4551 1254 4603 siue
1274 4550 1343 4619 quia
1361 4550 1391 4602 in
1406 4550 1554 4618 praesenti
1572 4549 1682 4618 Spiritu
1700 4551 1877 4619 baptizamur
1894 4564 1919 4609 et

89 4657 155 4700 χιιι,
168 4656 216 4711 nm!
227 4654 280 4692 nus
299 4653 378 4692 serm.
401 4642 439 4691 ll.
459 4636 493 4689 de
510 4635 585 4690 verb.
602 4634 728 4689 Domini:
752 4634 835 4696 Quod
851 4635 998 4687 Jobannes
1016 4635 1060 4687 di·
1085 4633 1115 4686 in
1134 4636 1232 4694 futuro
1249 4635 1321 4704 ipne.
1340 4635 1368 4688 in
1388 4650 1410 4690 c.
1424 4641 1449 4690 t.
1470 4635 1553 4688 Dan:
1571 4637 1618 4688 De
1631 4639 1695 4690 Deo
1712 4638 1785 4691 alibi
1804 4640 1918 4709 dicium,

227 4725 266 4778 eit
285 4731 311 4777 et
334 4723 409 4792 ipni,
443 4722 569 4790 quamuis
594 4722 686 4790 possit
711 4721 835 4787 iuteltipi
856 4728 882 4774 ct
905 4720 1060 4790 tribulatio,
1087 4723 1165 4774 Deus
1181 4721 1256 4787 ipuss
1267 4738 1428 4775 consuamus
1445 4729 1494 4787 est,
1512 4722 1670 4791 utlipnum,
1688 4725 1812 4790 foenum,
1829 4727 1918 4794 stipes·

227 4825 311 4877 pisam
328 4807 503 4877 pronomine
523 4807 631 4860 Obristi
642 4807 786 4860 credentes
808 4806 925 4868 fuerant
941 4822 1059 4876 perpes·
1086 4806 1145 4859 iam
1163 4824 1268 4860 arsura
1284 4808 1314 4860 in
1332 4807 1380 4860 die
1391 4806 1502 4874 judieii
1518 4809 1684 4863 noverimus.
1705 4809 1735 4863 iu
1754 4827 1778 4864 c.
1798 4815 1839 4864 66.
1856 4811 1918 4869 Es:

226 4894 301 4961 suri,
331 4901 424 4946 tamen
451 4909 506 4946 nou
534 4893 585 4944 abs
611 4909 642 4944 rc
659 4898 709 4956 est,
735 4893 853 4945 cundem
872 4891 1010 4960 Spiritum
1036 4910 1058 4943 s.
1085 4893 1129 4944 Ite
1147 4892 1177 4944 in
1195 4892 1286 4959 ipnem
1304 4900 1444 4946 aeternum
1461 4897 1513 4948 etc.
1554 4894 1595 4945 Et
1616 4894 1738 4948 omnium
1756 4905 1921 4952 sanctorum

225 4980 309 5033 eSam
327 4979 437 5031 nomine
460 4977 534 5044 ipsis
551 4976 740 5045 sipuificatum
758 4976 856 5031 uideri.
897 4974 1058 5045 chrysome—
1086 4977 1176 5030 ocniis
1194 4979 1338 5046 supplicia
1355 4995 1451 5032 aarum
1463 4980 1699 5048 monstraturum,
1717 4982 1830 5049 puipro
1845 5001 1918 5038 euro

225 5081 286 5120 mus
309 5065 338 5119 in
366 5081 474 5119 comm:
504 5065 655 5119 &casura
684 5062 809 5131 baptizat
838 5062 964 5130 Spiritus
988 5080 1011 5118 s.
1034 5050 1113 5133 etiet
1128 5071 1244 5131 arpenta
1268 5072 1296 5117 et
1318 5064 1417 5133 lapide
1437 5066 1565 5134 pretioso
1588 5064 1809 5129 aedificaverunt
1833 5085 1919 5139 super

224 5151 361 5205 comburit
379 5149 548 5204 incredulas.
581 5147 808 5218 Theophylactus
828 5147 882 5202 ib.:
902 5149 1058 5201 inundabit
1083 5149 1300 5211 fundamentum
1331 5151 1452 5202 Domini
1478 5152 1613 5219 scarum,
1645 5152 1740 5222 tipna,
1772 5153 1917 5225 stipulam,

224 5255 276 5291 nas
307 5238 484 5290 abundanter
511 5235 592 5289 donis
614 5233 739 5301 Spiritus
766 5251 790 5289 s.
842 5232 994 5288 Eucherius
1030 5233 1058 5287 in
1084 5235 1159 5303 ipnis
1184 5236 1322 5304 pabulum
1345 5237 1517 5305 sempiterni.
1543 5277 1546 5282 .
1568 5242 1591 5291 6.
1614 5236 1645 5289 Si
1675 5254 1725 5307 per
1748 5237 1917 5308 baptismum

225 5328 330 5394 quaest.
349 5322 383 5378 N.
402 5320 450 5375 T.:
480 5320 644 5390 Baptieabit
672 5320 822 5389 Spiritus.
848 5327 874 5373 et
892 5319 965 5388 ipni,
991 5320 1058 5388 quia
1084 5320 1158 5391 ignis
1188 5319 1353 5391 intelligitur
1377 5321 1585 5392 purgatorium,
1615 5322 1699 5377 ctiam
1727 5325 1859 5393 apostolis
1887 5326 1917 5379 in

220 5427 276 5480 per
291 5409 429 5480 Spiritum
446 5427 469 5465 s.
486 5409 530 5462 ccl
542 5414 662 5476 peccata
681 5414 834 5460 erumnam
850 5407 880 5460 in
898 5406 991 5472 nobis,
1015 5407 1057 5460 oct
1084 5406 1275 5478 purgatorium
1313 5407 1536 5463 descendendum
1577 5408 1643 5476 erit,
1684 5408 1750 5479 quia
1791 5409 1917 5466 Christus

224 5497 397 5568 panetifieum
420 5495 565 5561 tribuitur,
589 5493 632 5548 uei
654 5493 684 5548 in
697 5486 878 5564 passionibus
897 5493 1056 5548 tolerandis
1086 5495 1150 5550 Act.
1172 5500 1196 5567 l,
1212 5510 1237 5548 r.
1249 5500 1274 5552 5.
1290 5494 1326 5549 sd
1343 5494 1485 5567 apostolos
1503 5493 1604 5550 diserte
1616 5495 1701 5552 verba
1719 5494 1918 5554 illsJohannis
