4104 6014
301 273 361 334 ild
888 260 1011 323 LOCUS
1029 260 1234 322 wensinus
1252 264 1400 325 SEXTUS

298 426 409 476 tanturn
435 428 501 475 sunt
523 421 602 476 sedes
631 437 663 474 ac
691 421 846 475 mansiones
865 421 1020 474 animarum
1041 436 1059 473 a
1077 412 1215 475 cor-'nec
1243 421 1355 488 dolent,
1386 438 1476 491 neque
1506 421 1658 492 quidquam
1685 422 1778 475 sciunt
1804 420 1848 474 vel
1879 416 2006 475 sentiunt

298 525 366 578 pore
382 514 588 578 separatarum,
619 523 675 561 una
692 506 800 577 piarum
826 523 859 560 ac
877 505 1016 573 fidelium,
1049 504 1138 558 altera
1164 512 1204 573 qrb
1223 508 1253 576 iit
1269 508 1344 577 ibam
1363 507 1446 562 aeter
1463 508 1542 576 moiri,
1561 507 1621 575 uod
1643 508 1709 576 ruth)
1729 506 1825 577 utiquc
1844 507 1928 561 etiam
1947 522 2005 561 non

300 594 446 663 impiarum
464 601 493 649 et
507 593 679 658 infidelium,
710 592 817 646 coelum
836 591 943 646 scilicet
960 599 988 645 et
1005 590 1282 663 infernuspossunt
1311 593 1365 647 dici
1390 610 1507 663 poenam
1532 594 1631 645 damni
1656 594 1805 660 sustinere,
1833 593 1900 663 quia
1917 594 2005 663 'igno-

232 716 237 724 -
300 679 369 733 Illae
394 679 468 749 apud
487 679 578 733 Deum
605 678 715 734 beatam
739 677 823 731 vitam
844 683 931 747 agunt
954 677 983 730 in
1001 672 1271 748 perseuerantes,
1302 695 1398 733 sensus
1428 685 1568 749 expertes,
1600 679 1766 733 dormientes
1796 695 1851 732 non
1887 686 2006 750 possum

300 765 353 819 hae
375 764 469 835 poenis
488 763 718 818 excarnificantur
738 764 767 816 in
787 763 904 817 inferno.
940 769 964 817 t.
985 762 1138 831 Utracquc,
1164 765 1274 833 proprie
1300 765 1355 818 dici
1378 765 1479 835 puniri.
1529 771 1553 819 t.
1577 764 1619 819 Ne
1643 764 1695 834 ipsi
1723 764 1834 834 quidem
1860 763 2003 818 Pontificii

300 851 330 904 id
351 858 393 905 est
410 858 467 905 tam
486 851 598 920 piorum
615 866 698 920 quam
717 849 873 919 impiorum,
891 854 948 902 tam
966 846 1137 901 credentium
1150 850 1152 861 ¹
1164 849 1200 903 de
1217 856 1293 903 statu
1316 850 1455 904 infantum
1475 850 1534 903 siue
1553 849 1693 919 baptismo
1717 849 1910 903 decedentium
1929 849 2005 903 inter

302 953 386 1006 quam
417 934 621 990 incredulorum
657 935 765 989 animae
794 934 854 988 siue
884 933 942 987 ulla
972 949 1048 985 mora
1084 936 1133 984 aut
1164 951 1193 988 se
1212 936 1396 991 consentiunt.
1429 935 1614 989 Bellarminus
1632 934 1679 988 lib.
1699 940 1724 990 6.
1734 934 1770 988 de
1785 934 1875 990 omiss.
1893 935 2004 1004 gratiae

300 1021 507 1092 intercapedine
533 1020 626 1074 statim
650 1037 668 1072 a
691 1025 779 1073 morte
803 1019 884 1073 sedes
906 1018 960 1073 sibi
987 984 1194 1074 destinatasiet
1223 1028 1286 1075 stat.
1318 1021 1425 1090 peccati
1452 1038 1478 1077 c.
1502 1025 1521 1077 t.
1551 1023 1673 1090 quinque
1702 1021 1853 1073 sententias
1883 1020 1918 1074 de
1949 1019 2003 1074 hac

301 1108 405 1163 directe
432 1114 461 1162 et
489 1105 647 1161 immediate
673 1113 811 1175 occupant
838 1105 898 1159 eine
921 1104 978 1159 ullo
998 1103 1042 1157 vel
1063 1074 1325 1191 metuiquaestione
1350 1111 1500 1161 enumerat.
1552 1108 1653 1160 Prima
1680 1106 1791 1177 (inquit)
1810 1107 1870 1171 fuit
1893 1122 2002 1170 mrum,

302 1195 347 1248 vel
373 1210 423 1262 spe
450 1191 667 1262 permutationis.
715 1199 740 1248 5.
764 1191 798 1245 In
823 1191 929 1245 inferno
953 1208 1007 1245 non
1035 1198 1077 1244 est
1097 1189 1214 1269 diliqui
1231 1208 1345 1260 requiem
1370 1193 1513 1245 coelorum
1532 1193 1689 1258 infantilem
1716 1192 1866 1261 baptisatis
1881 1193 2003 1261 promt-

301 1280 412 1335 etinctio
438 1280 511 1334 inter
535 1295 654 1348 poenam
678 1279 777 1331 mnas·
802 1286 827 1330 ct
852 1293 956 1329 scama.
1007 1274 1062 1329 Sed
1089 1273 1220 1344 qui²tere
1243 1279 1401 1344 audebant,
1432 1279 1545 1331 etiamsi
1562 1297 1618 1333 non
1637 1286 1779 1346 necarent,
1808 1295 1856 1331 eos
1890 1280 1920 1330 in
1935 1295 2002 1346 pcc·

162 1371 225 1412 1er
243 1371 288 1412 ¹8⁶-
301 1382 392 1435 poena
421 1365 514 1418 ‹lamni
546 1363 715 1431 afficiuntur,
738 1378 755 1416 a
784 1361 915 1417 beatifica
945 1361 1052 1414 scilicet
1083 1342 1226 1415 Dei¹cato
1257 1364 1395 1433 aricinoli
1425 1374 1571 1433 conceptos
1601 1373 1628 1418 et
1647 1372 1733 1419 natos.
1789 1363 1860 1417 Eam
1889 1363 2003 1434 penitus

300 1451 406 1506 visione
428 1450 539 1517 exclusi,
559 1449 601 1504 illi
620 1449 704 1503 etiam
716 1465 832 1518 poenam
845 1446 939 1501 damni
952 1446 1136 1516 experiuntur.
1163 1448 1299 1518 repudiat.
1329 1449 1430 1502 Altera
1450 1451 1589 1503 sententia
1605 1451 1779 1515 suricorum,
1797 1451 1847 1518 qui
1860 1449 2002 1518 tremulos

302 1540 396 1590 Deum
413 1555 468 1590 nan
487 1536 712 1603 eidereeuperot
727 1535 821 1587 omnia
833 1531 1137 1603 ochcnnaesupplicia.
1164 1551 1219 1587 non
1250 1535 1403 1603 baptisans
1431 1536 1612 1588 excludebant
1639 1553 1654 1587 e
1687 1552 1774 1604 repno
1802 1536 1946 1589 caelorum
1974 1542 2001 1587 et

303 1629 326 1678 6.
347 1622 462 1677 Peccati
494 1621 636 1692 originalis
666 1637 720 1675 non
752 1619 858 1675 remissi
879 1633 986 1688 poenae
1009 1632 1063 1669 uon
1095 1620 1223 1679 estella
1256 1620 1346 1673 beatis
1376 1623 1534 1689 maurisca,
1570 1629 1663 1673 tamen
1694 1622 1735 1674 eis
1770 1622 1879 1674 dabam
1912 1621 2003 1674 uitam

304 1708 441 1762 duntaxat
464 1706 641 1777 temporalis,
669 1706 717 1760 sed
737 1711 863 1772 aeterne,
886 1721 950 1758 cum
967 1702 1056 1757 omnis
1074 1717 1138 1771 pec·
1165 1713 1308 1757 aeternam
1339 1714 1365 1759 et
1404 1708 1564 1760 naturalem
1602 1708 1803 1761 beatitudinem
1841 1707 1902 1759 sine
1938 1705 2003 1758 ulla

303 1795 357 1848 cati
384 1793 494 1865 proprie
522 1791 589 1846 dicti
613 1791 782 1861 stipendium
808 1791 844 1844 sit
861 1807 933 1844 mors
956 1807 1011 1843 non
1029 1793 1138 1842 tantum
1165 1791 1294 1844 molestia
1324 1800 1373 1844 ant
1406 1793 1506 1846 dolare
1538 1801 1619 1846 satra
1646 1811 1762 1862 repausa
1799 1794 1944 1846 beatarum
1975 1799 2003 1845 et

302 1879 476 1950 temporalis,
497 1878 648 1933 sedetiam
666 1884 793 1944 aeterna,
821 1881 893 1930 teste
910 1879 969 1930 tota
988 1873 1138 1943 Scriptura.
1163 1878 1265 1944 procvd
1296 1895 1315 1930 a
1347 1894 1460 1930 carcere
1489 1881 1701 1944 damnatorum,
1728 1881 1780 1933 hoc
1813 1884 1853 1931 est
1887 1880 1918 1931 in
1937 1878 2002 1931 laco

303 1966 411 2019 Harum
426 1964 620 2035 hypothesium
641 1962 814 2019 confirmatio
840 1981 872 2017 ex
897 1961 1012 2032 speciali
1029 1959 1138 2013 illorum
1165 1963 1258 2016 medio
1278 1962 1349 2014 inter
1376 1964 1528 2031 pelicanum
1546 1975 1573 2018 et
1593 1966 1713 2023 coelum.
1740 1965 1834 2033 qrcalis
1859 1963 1938 2017 merse
1954 1964 2004 2016 oia

304 2054 498 2122 ψυχοδοχιίων
516 2052 640 2107 examine
658 2051 759 2106 clarius
779 2049 894 2121 patebit.
1162 2055 1255 2116 potest
1285 2049 1355 2117 linei
1384 2049 1460 2101 alites
1490 2067 1573 2118 qrrom
1595 2058 1689 2104 torae
1715 2066 1870 2104 consenum.
1918 2047 2002 2103 Hauc

173 2144 198 2182 ¹¹¹
213 2142 290 2193 meets
343 2144 397 2194 169,
433 2138 465 2191 ln
489 2139 580 2209 specie
604 2154 671 2208 ergo
702 2142 724 2192 l.
743 2143 840 2191 cenna
860 2136 972 2189 limbum
987 2151 1140 2203 priorarum
1167 2134 1332 2187 sententiam
1363 2134 1461 2188 tribuit
1488 2135 1646 2205 Pelagianis
1672 2141 1700 2190 et
1719 2134 1811 2189 addit:
1843 2136 1893 2188 Ad
1920 2152 2003 2204 quern

173 2197 284 2287 iiiiii?
306 2224 484 2294 producimus
504 2223 573 2278 haec
591 2223 782 2289 fundamenta,
803 2228 824 2276 l.
844 2222 942 2275 nititur
959 2219 1028 2274 haec
1046 2219 1140 2289 opinio
1166 2235 1291 2273 errarem
1322 2219 1447 2288 proxime
1479 2223 1630 2274 accessione
1666 2222 1798 2274 videntur
1835 2220 2002 2273 Ambrosius

173 2307 256 2388 {ff
304 2309 375 2363 falsa
400 2309 548 2379 hypothesi
574 2308 608 2362 de
633 2307 764 2362 absoluta
783 2323 816 2360 ao
835 2306 954 2377 simplici
975 2306 1139 2360 necessitate
1167 2304 1340 2358 Gotlrarinur
1369 2307 1398 2358 in
1425 2306 1499 2360 libro
1528 2310 1562 2359 de
1592 2315 1669 2360 statu
1690 2323 1846 2375 puerorum
1873 2307 1935 2359 sins
1952 2306 1999 2358 ba·

303 2394 443 2464 baptismi,
462 2394 542 2465 quasi
561 2411 616 2447 non
635 2392 723 2462 possit
739 2391 816 2446 Deus
835 2391 1051 2447 extraordinarie
1075 2407 1138 2444 cum
1164 2393 1266 2459 pts'sme
1298 2392 1507 2460 decedentium,
1537 2393 1670 2445 Allectus
1694 2392 1813 2461 Pippiur
1842 2393 1872 2445 in
1901 2391 2000 2460 prima

302 2480 457 2536 infantibus
474 2479 692 2535 Christianorum
721 2485 867 2547 parentum
895 2494 944 2547 per
970 2494 1067 2548 preces
1094 2493 1136 2530 ec·
1165 2477 1357 2530 eontrooersia
1379 2484 1404 2529 at
1422 2479 1611 2545 Hieronymus
1625 2477 1802 2531 savonarola
1822 2479 1853 2531 in
1870 2471 1944 2531 libro
1963 2480 2000 2532 de

301 2566 401 2620 clesiae
419 2573 448 2620 et
465 2572 612 2635 parentum
633 2564 687 2618 sibi
705 2564 806 2619 oblatis
825 2579 917 2634 egere.
962 2562 1137 2617 Contrarium
1163 2562 1303 2630 trirsntplro
1332 2565 1438 2630 nucu,
1465 2565 1564 2617 docent
1594 2564 1680 2626 eninr,
1714 2563 1839 2629 infantes
1864 2562 1926 2615 sine
1953 2562 2001 2616 ba·

303 2651 552 2706 demonstravimus
576 2649 606 2703 in
631 2656 709 2704 tract
735 2649 770 2703 de
795 2649 871 2719 bapt.
891 2645 918 2722 ξ.
939 2653 996 2704 tet.
1048 2653 1071 2703 t.
1092 2647 1136 2701 ln·
1158 2649 1264 2715 ptismo
1296 2650 1458 2701 decedentes
1490 2649 1603 2711 fatiscas
1633 2656 1699 2720 past
1726 2649 1871 2717 judicium
1903 2649 1999 2702 beatm

301 2734 393 2790 fantes
421 2735 527 2807 absque
559 2733 699 2805 baptismo
728 2735 895 2790 decedentes
929 2743 978 2788 aut
1011 2734 1136 2797 credunt,
1162 2735 1290 2788 naturali
1313 2735 1484 2787 beatitudine
1506 2744 1532 2788 ct
1559 2737 1588 2788 in
1615 2738 1735 2805 quadam
1753 2735 1841 2787 ueluti
1853 2736 1999 2802 paradiso

301 2827 351 2876 aut
381 2838 436 2876 non
463 2822 587 2877 credunt.
636 2820 665 2876 Si
690 2822 781 2890 prius,
811 2828 875 2875 sunt
901 2819 929 2873 in
949 2819 1041 2891 gratia
1058 2820 1133 2889 apud
1161 2822 1289 2873 terrestri
1322 2829 1462 2889 perlutae
1494 2821 1678 2889 sclice'tcrque
1713 2820 1843 2874 uicturos.
1901 2820 1999 2873 Ter-tia

301 2908 392 2963 Deum
421 2924 456 2961 ac
480 2914 656 2975 peccatorum
684 2923 796 2960 suornm
825 2905 1013 2960 remissionem
1040 2920 1135 2958 conso
1161 2908 1298 2959 renitentia
1315 2909 1409 2971 decu,
1431 2907 1570 2974 paunus
1589 2907 1650 2959 sine
1670 2906 1807 2975 baptismo
1833 2907 1998 2959 decedentes

301 2998 431 3063 quuntur,
450 2990 575 3062 adeoque
596 2997 662 3045 snut
678 2991 708 3044 in
724 2990 797 3045 libro
817 2992 891 3045 vitae
909 2996 938 3045 et
957 2989 1055 3044 salutis
1072 2989 1135 3043 red·
1164 2992 1299 3045 winnoci
1321 2993 1402 3060 apud
1423 2993 1532 3053 inferas
1554 3001 1672 3045 actaeo
1694 2999 1795 3059 morte,
1829 2993 1882 3044 scd
1906 2998 1998 3044 mmm

302 3080 405 3133 duntur
428 3078 585 3148 participes.
632 3077 661 3130 Si
687 3077 837 3146 posterius,
865 3082 979 3130 manent
1002 3075 1052 3130 filii
1071 3076 1136 3137 irae,
1162 3078 1203 3130 sic
1230 3077 1331 3146 puniri
1364 3079 1491 3131 carentia
1519 3078 1636 3132 chionis
1668 3078 1739 3146 Dei,
1780 3093 1852 3146 qrsoe
1893 3080 1998 3134 dieitur
2011 3088 2047 3130 xv

301 3164 412 3221 obnoxii
450 3163 622 3218 damnationi
663 3169 691 3217 et
725 3179 743 3216 a
789 3162 902 3217 coelesti
940 3160 1137 3231 Hierosolyma
1159 3179 1255 3232 poeno
1273 3164 1379 3228 ἀαηιηί,
1399 3171 1429 3215 ut
1448 3164 1556 3216 nullum
1571 3165 1723 3232 potiantur
1740 3164 1853 3218 omnino
1871 3163 1999 3218 dolorem

301 3259 440 3315 extorres,
470 3250 595 3320 adeoque
625 3249 809 3317 conjiciuntur
838 3248 866 3301 in
896 3256 1026 3319 stagnum
1057 3247 1138 3317 ignis.
1163 3266 1250 3316 nequa
1268 3250 1414 3314 internum,
1435 3266 1522 3316 neque
1538 3257 1688 3303 externum.
1721 3250 1862 3303 Itadocet
1877 3250 1998 3305 Thomas

301 3337 426 3391 'lercium
457 3335 570 3406 aliquod
599 3342 630 3389 ut
655 3351 710 3388 non
739 3335 822 3389 datur
848 3335 919 3389 inter
948 3333 1031 3389 tidem
1050 3339 1079 3387 et
1096 3334 1137 3386 in·
1165 3336 1194 3387 in
1220 3352 1246 3402 q.
1271 3340 1296 3387 ri.
1322 3336 1357 3386 de
1381 3335 1457 3386 malo
1481 3343 1536 3387 ort.
1564 3338 1586 3389 1.
1613 3337 1639 3386 2.
1668 3342 1694 3386 ct
1719 3337 1747 3390 3.
1772 3343 1798 3386 ct
1815 3335 1872 3388 alii
1888 3335 1999 3405 aliquot

302 3420 503 3485 credulitatem,
521 3428 625 3474 statum
642 3420 750 3490 gratiae
768 3426 797 3474 et
815 3420 881 3488 irae,
900 3437 1016 3490 regnum
1034 3419 1088 3473 Dei
1109 3426 1137 3474 et
1164 3421 1329 3473 scholastici
1359 3422 1493 3473 doctores.
1526 3425 1551 3473 2.
1584 3424 1654 3474 sent.
1692 3420 1754 3474 dist.
1793 3424 1834 3475 33.
1888 3420 1998 3481 Quarta

305 3506 416 3575 diaboli,
438 3507 477 3560 ita
496 3522 608 3577 quoque
625 3522 681 3560 non
701 3506 784 3560 datur
803 3505 874 3560 inter
892 3506 978 3559 vitam
996 3511 1136 3559 aeternam
1164 3507 1300 3558 sententio
1338 3506 1440 3558 h'lcrat
1474 3507 1587 3574 quidem
1630 3506 1772 3574 ejrrrmods'
1805 3506 1945 3574 paruulos
1978 3524 1997 3558 a

305 3600 331 3647 et
350 3593 443 3663 ignem
472 3591 634 3647 infernalem
658 3597 809 3646 aeternum.
855 3590 952 3647 Matth.
977 3595 1023 3657 25,
1054 3608 1078 3643 v.
1096 3593 1136 3644 lb.
1164 3592 1293 3644 cruciatu
1323 3593 1398 3660 ipru's
1429 3598 1454 3644 ct
1481 3593 1598 3660 cumis,
1628 3609 1700 3660 quae
1734 3593 1853 3663 proprie
1892 3593 1997 3646 dicitur

303 3676 389 3732 Marc.
416 3683 458 3739 16,
487 3694 513 3729 v.
539 3682 578 3730 lo.
600 3675 665 3731 Joh.
693 3680 724 3743 3,
756 3692 782 3728 v.
805 3681 842 3732 te.
868 3683 896 3732 et
926 3682 967 3732 36.
986 3677 1073 3745 Apoe.
1095 3680 1137 3741 20,
1160 3695 1254 3746 poena
1271 3694 1376 3738 sensim,
1395 3679 1448 3730 sed
1464 3696 1519 3731 non
1538 3678 1641 3731 liberat
1659 3695 1705 3730 cos
1722 3696 1741 3731 a
1760 3678 1860 3732 dolore
1879 3679 1998 3746 imerus,

303 3779 329 3818 v.
351 3769 388 3817 th.
409 3779 433 3819 c.
453 3766 496 3826 tt,
515 3778 541 3818 v.
555 3767 596 3817 tt.
610 3765 661 3815 etc.
694 3766 719 3817 3.
739 3761 767 3817 Si
784 3761 903 3817 infantes
918 3762 1135 3817 Christianorum
1164 3765 1350 3833 qniscquitur
1363 3781 1395 3814 ca
1414 3764 1519 3815 amissa
1538 3764 1708 3817 beatitudine
1727 3766 1913 3833 sempiternae
1930 3765 1997 3830 fcli-

304 3848 409 3918 ebsque
429 3847 567 3918 baptismo
586 3846 754 3902 decedentes
780 3847 808 3900 in
825 3847 992 3915 peculiarem
1015 3846 1136 3917 aliquem
1165 3851 1265 3903 citatis.
1304 3849 1352 3902 lta
1372 3851 1451 3903 docet
1470 3850 1649 3902 Lcsnbardus
1668 3853 1695 3904 2.
1713 3857 1781 3905 sent.
1802 3850 1869 3902 dist.
1888 3853 1936 3906 33.
1954 3851 1998 3904 lit.

304 3933 417 3988 limbum
443 3932 571 3987 infernali
588 3932 646 4002 igni
666 3933 852 4003 propinquum
878 3933 1091 3988 detruderentur
1110 3940 1139 3989 et
1165 3939 1200 3991 E.
1219 3953 1297 4004 quem
1315 3944 1342 3989 et
1360 3934 1415 3987 alii
1431 3952 1464 3988 ea
1485 3935 1666 3989 Scholasticis
1685 3943 1750 3988 eant
1768 3936 1862 3988 secuti.
1895 3935 1998 3996 Quinto

303 4035 321 4073 a
350 4035 437 4091 regno
463 4018 517 4073 Dei
544 4016 706 4087 simpliciter
732 4018 835 4071 exclusi
863 4025 968 4087 essent,
1001 4020 1137 4089 quomodo
1164 4023 1301 4076 sordentia
1319 4025 1413 4085 docet,
1442 4023 1580 4091 paruulos
1594 4031 1717 4094 propter
1744 4020 1884 4088 aricinole
1899 4038 1998 4089 pecca·

303 4109 444 4159 constaret
475 4102 586 4157 divinae
617 4102 657 4156 illi
674 4103 848 4172 promissioni
872 4102 945 4158 Gen.
979 4110 1023 4173 t'l,
1052 4123 1077 4161 r.
1104 4112 1137 4160 'tt
1164 4118 1222 4161 tum
1240 4118 1356 4177 raraque
1375 4125 1483 4176 poenae
1503 4126 1610 4177 pencrc,
1628 4109 1728 4161 domm
1746 4107 2000 4161 scilicetetsensus

304 4191 366 4244 Ero
386 4192 465 4244 Deus
482 4195 547 4241 tuus
566 4197 592 4241 et
610 4190 722 4242 seminis
741 4192 783 4242 tui
797 4199 864 4258 post
881 4198 915 4258 te,
934 4206 984 4244 sua
1000 4192 1137 4247 certitudo
1163 4202 1300 4262 perpetuo
1319 4195 1454 4251 cruciari.
1507 4195 1543 4246 In
1561 4196 1635 4247 hanc
1653 4194 1817 4249 sententiam
1839 4195 1999 4262 propendet

303 4292 336 4330 ac
353 4274 478 4330 verim?
518 4281 542 4327 t.
565 4273 608 4329 Ne
628 4274 740 4345 quidem
758 4275 787 4328 in
806 4274 839 4328 V.
860 4275 1137 4332 T.inlantes1srab-
1168 4279 1325 4350 &recusus
1349 4281 1537 4334 Ariminensie
1561 4283 1589 4333 in
1617 4286 1643 4335 2.
1669 4292 1736 4335 sent.
1762 4286 1826 4337 dist.
1850 4286 1896 4337 33.
1923 4303 1948 4353 q.
1972 4286 1998 4337 3.

303 4360 371 4414 litici
391 4367 457 4414 ante
472 4368 628 4431 susceptam
648 4361 885 4416 circumcisionem
897 4362 1030 4417 mortuie
1050 4380 1136 4433 regno
1164 4376 1190 4420 ct
1216 4367 1360 4419 Johanncs
1388 4368 1498 4420 Dricdo
1530 4368 1578 4424 lib,
1610 4370 1645 4420 de
1675 4377 1747 4437 prat.
1780 4379 1805 4422 ct
1837 4370 1885 4424 lib.
1916 4369 1998 4423 arbit.

304 4445 358 4500 Dei
389 4447 551 4516 simpliciter
582 4446 691 4502 excludi
718 4454 848 4517 possunt,
879 4456 909 4502 ut
939 4449 967 4501 in
995 4455 1075 4503 tract.
1102 4450 1137 4505 de
1165 4460 1247 4506 tract.
1272 4456 1299 4506 3.
1325 4470 1348 4509 c.
1375 4454 1403 4508 2.
1455 4452 1638 4506 Bellarminus
1667 4455 1866 4524 praetermissis
1884 4455 1997 4526 reliquis

303 4532 379 4603 bapt.
398 4533 424 4586 d.
443 4532 462 4590 l.
477 4533 570 4588 multis
597 4533 752 4588 rationibus
772 4540 801 4587 et
823 4535 956 4605 exemplis
976 4535 1136 4605 comproba·
1164 4546 1281 4608 quartae
1298 4537 1423 4608 opinioni
1440 4536 1617 4607 suffragatur.
1665 4540 1735 4593 Item
1756 4539 1803 4594 lib.
1821 4541 1910 4610 ejusd.
1930 4558 1955 4597 c.
1974 4546 1996 4596 t.

303 4616 401 4672 rimus.
436 4617 511 4688 Ergo
528 4621 615 4674 multo
632 4619 723 4672 minua
743 4619 777 4672 de
795 4618 949 4673 infantibus
968 4619 1135 4675 Christiano
1164 4624 1236 4677 hstes
1258 4622 1448 4677 scholasticos
1471 4627 1670 4678 accusationum
1695 4627 1847 4680 <licentium
1867 4629 1903 4681 de
1922 4636 1998 4681 statu

303 4721 363 4758 rum
396 4704 425 4757 in
452 4703 487 4760 N.
511 4703 545 4760 T.
577 4705 636 4759 sine
667 4705 804 4774 baptismo
836 4705 1033 4760 decedentibus
1067 4707 1137 4762 illud
1163 4709 1279 4763 illorsum
1299 4709 1440 4776 insontum
1460 4698 1519 4762 csse
1536 4709 1648 4766 fatetur.
1688 4713 1750 4764 Hoc
1769 4714 1860 4766 solum
1887 4712 2012 4785 (inquit)·

303 4789 387 4844 statui
405 4789 503 4857 debet,
521 4806 583 4844 cum
609 4791 700 4862 gratia
722 4791 776 4846 Dei
796 4809 851 4846 non
873 4793 910 4844 sit
934 4792 1091 4846 adstrictior
1108 4793 1137 4847 in
1164 4796 1237 4848 inter
1266 4804 1371 4848 ueteres
1388 4796 1456 4847 istos
1475 4796 1619 4866 theotocos
1639 4798 1789 4865 Thalnam,
1820 4799 1998 4853 Beneuentu-

304 4876 338 4949 Ν.
363 4892 446 4947 quam
470 4874 525 4929 fuit
549 4876 576 4929 in
601 4878 635 4933 V,
653 4877 685 4931 T.
738 4884 761 4934 5.
786 4877 815 4931 Si
835 4878 955 4932 infantes
972 4877 1013 4932 iili
1031 4879 1138 4949 absque
1164 4897 1242 4945 ram,
1265 4880 1386 4946 Scotum,
1407 4882 1588 4950 Ducendum,
1606 4883 1799 4951 Richardum,
1818 4882 1997 4952 Capreolum,

304 4961 463 5015 remissione
482 4962 592 5030 peccati
611 4962 753 5034 originalis
766 4963 940 5028 decederent,
960 4981 1015 5018 non
1028 4972 1136 5018 tantum
1165 4967 1295 5018 Alenscm
1315 4975 1341 5018 ct
1353 4966 1499 5020 Allectum
1521 4970 1642 5033 interca,
1663 4970 1740 5036 quod
1756 4969 1812 5021 alii
1829 4970 1999 5024 constituunt

187 5078 198 5097 .
304 5065 409 5119 poenae
429 5048 530 5107 damni.
549 5048 700 5102 sedetiam
717 5065 823 5119 poenae
847 5066 944 5103 sensus
962 5050 1053 5105 forent
1072 5050 1136 5105 snb·
1164 5052 1289 5115 infantes
1318 5053 1349 5104 in
1373 5062 1457 5121 parte
1486 5055 1595 5119 inserui
1624 5055 1743 5120 altiore,
1770 5072 1854 5124 quam
1886 5057 1999 5110 limbum

300 5136 384 5205 jecti,
418 5149 470 5187 nec
487 5140 630 5188 tantuma
651 5133 911 5205 regnoDeierunt
937 5136 1054 5199 exclusi,
1087 5137 1137 5190 sed
1160 5154 1316 5205 pueros-nm
1333 5139 1495 5206 appellant,
1517 5140 1573 5192 alii
1591 5156 1652 5192 cum
1671 5141 1770 5193 ceteris
1790 5142 1934 5195 damnatis
1953 5160 1999 5196 eos

303 5220 388 5274 etiam
405 5218 533 5273 infernali
551 5227 680 5273 aeternae
701 5219 887 5274 damnationis
898 5220 964 5290 igne
977 5227 1137 5292 torqueren·
1166 5223 1258 5276 locum
1289 5225 1390 5277 habere
1418 5227 1611 5294 presumunt.
1662 5225 1789 5280 Becanus
1821 5227 1849 5280 in
1879 5229 1998 5299 append.

303 5311 355 5359 tur.
401 5304 483 5358 Ratio
508 5310 564 5371 est,
597 5305 663 5373 quia
680 5306 790 5375 peccati
817 5305 986 5375 stipendium
1004 5311 1047 5361 est
1064 5322 1137 5362 mors
1165 5309 1267 5378 disput.
1288 5309 1322 5363 de
1340 5327 1421 5381 purg.
1440 5309 1582 5365 Calvinist
1603 5327 1627 5369 c.
1643 5317 1667 5366 9.
1683 5329 1709 5380 p.
1732 5317 1792 5367 tto:
1812 5315 1912 5366 Monet
1927 5313 2000 5367 inter·

304 5397 333 5446 et
351 5391 491 5446 damnatio
509 5397 635 5454 aeterna,
660 5407 712 5446 nec
736 5399 844 5447 tantum
864 5408 953 5463 poena
968 5392 1070 5461 damni,
1088 5394 1137 5449 sed
1168 5395 1330 5448 Catholicae
1348 5398 1552 5459 controversia,
1582 5416 1620 5450 en
1639 5398 1764 5462 insalutes
1781 5398 1811 5450 in
1832 5398 1916 5454 limbo
1937 5418 1999 5455 can·

303 5476 386 5533 etiam
405 5493 496 5551 poena
512 5493 617 5531 mnam.
652 5475 919 5532 o.Siintcntesi11i
937 5495 989 5532 nec
1003 5480 1136 5548 gaudent,
1168 5480 1259 5534 stituti
1285 5491 1402 5552 practer
1426 5499 1549 5553 poenam
1577 5483 1677 5535 damni
1702 5500 1752 5536 ssu
1780 5485 1965 5539 reclusionem
1981 5502 2000 5539 a
