4104 6014
279 211 339 267 318
861 201 983 260 Locus
1001 153 1208 260 molamus
1228 201 1375 259 SEXTUS

149 372 257 413 anssn-
312 361 371 413 425.
408 362 431 412 8.
460 358 536 413 Vera
563 364 593 413 et
617 357 677 414 Dso
708 363 790 430 grata
819 357 956 413 invocatio
986 353 1110 412 unanimi
1139 354 1225 414 betur.
1257 356 1337 429 Disp.
1356 363 1380 416 8.
1400 375 1464 428 pap.
1482 363 1546 414 473:
1572 359 1732 413 Dicendum
1751 365 1805 425 est,
1829 357 1897 411 ideo
1914 372 1974 411 non

151 426 264 516 ffissgm
278 443 443 512 primitivae,
462 445 633 515 temporibus
659 444 817 516 apostolicis
842 445 951 499 vicinae
978 444 1110 499 ecclesiae
1133 442 1224 506 fusiss
1250 459 1355 500 morem
1379 447 1410 499 in
1437 447 1467 502 V.
1493 447 1526 503 Τ.
1553 448 1682 502 adeundi
1700 453 1814 499 sanctos
1838 447 1974 498 interces-

146 526 264 628 Epffi‘t
278 546 413 585 consensu
440 547 473 584 ac
491 530 625 602 suffragio
641 531 753 601 gaudet.
790 531 954 586 Sanctorum
971 528 1110 585 invocatio
1135 547 1228 596 sores,
1256 532 1324 601 quia
1349 535 1473 586 nondum
1498 541 1578 586 eram
1599 533 1676 586 beati
1699 541 1727 586 et
1744 530 1915 599 plurificati,
1941 538 1974 584 ut

151 641 200 673 vac.
278 632 415 670 consensu
446 615 493 672 illo
520 617 691 672 destituitur.
729 617 804 688 Ergo
836 635 892 671 non
923 622 1016 686 potest
1050 631 1109 669 esse
1135 618 1219 670 modo
1242 626 1320 682 sunt,
1350 617 1414 672 idea
1441 636 1497 672 non
1516 619 1667 672 debebatur
1685 618 1745 671 illis
1763 625 1857 670 teritus
1874 616 1972 683 bonos,

277 718 343 757 vera
361 708 389 757 et
405 703 467 758 Deo
485 709 566 772 grata
583 703 729 759 invocatio.
767 703 858 775 Maj0r
875 719 894 757 a
907 701 1061 757 Pontificiis
1080 701 1109 755 in
1135 711 1255 771 quantus
1281 712 1322 758 est
1345 705 1398 758 iste
1423 711 1475 759 etc.
1514 707 1590 758 Erat
1612 705 1696 758 etiam
1719 705 1787 758 olim
1808 703 1972 773 periculum

277 788 479 844 dubitationem
507 789 600 844 vocari
623 790 733 861 nequit,
762 807 824 844 cum
849 806 882 844 ex
905 794 1041 859 perpetuo
1064 805 1109 843 ec·
1135 790 1334 858 idololatriae,
1363 793 1439 845 unde
1470 790 1554 844 etiam
1580 791 1705 844 sublatus
1725 790 1787 856 suit
1814 788 1973 857 imapinum

277 875 377 930 clasiae
403 892 538 930 consensu
566 876 659 930 omnia
685 894 737 930 sua
760 876 891 947 dogmata
917 874 1042 930 stabilire
1068 874 1108 928 ni·
1135 892 1201 928 ustas
1220 880 1272 930 eto.
1310 879 1356 931 Aa
1379 877 1465 930 aliud
1486 893 1567 940 uero,
1594 878 1671 944 quod
1693 893 1749 929 non
1770 875 1808 929 sit
1829 876 1860 928 in
1878 876 1916 928 N.
1936 875 1972 928 Τ.

276 966 379 1016 tantur.
426 960 518 1015 Minor
544 961 678 1032 probatur
706 969 727 1016 1.
754 979 786 1016 ea
811 962 876 1031 ipsa
895 961 1109 1026 Pontificiormn
1135 977 1303 1030 cumessam,
1324 964 1473 1017 dicandum
1486 970 1533 1027 est,
1553 965 1631 1032 quod
1641 963 1752 1015 abunde
1768 961 1972 1032 ideapressrnn

276 1047 458 1116 consessione.
495 1048 567 1104 Nam
590 1056 611 1103 l.
637 1048 750 1118 quidam
777 1049 899 1118 ipsorum
916 1047 1049 1112 latentur,
1073 1046 1108 1101 de
1133 1049 1208 1114 fuit,
1233 1051 1260 1102 si
1276 1067 1333 1102 non
1351 1051 1472 1119 scripto,
1492 1051 1592 1104 nalum
1610 1049 1765 1103 traditione
1781 1047 1846 1100 sica
1863 1054 1889 1101 et
1905 1064 1970 1100 cora

275 1132 451 1187 invocatione
480 1139 638 1188 sanctorum
662 1133 692 1188 iu
721 1134 805 1189 sacris
834 1134 921 1190 literis
947 1133 1016 1187 nihil
1043 1149 1107 1187 con·
1133 1136 1288 1199 suetudine,
1310 1152 1381 1204 quae
1399 1137 1454 1190 uim
1471 1137 1543 1205 lepis
1561 1137 1640 1189 labet
1658 1141 1709 1190 etc.
1731 1143 1757 1188 et
1776 1137 1878 1188 durum
1899 1141 1971 1188 meet

275 1219 365 1274 tineri.
401 1219 441 1275 At
466 1220 489 1273 si
515 1220 544 1273 in
571 1221 713 1291 Scriptura
740 1221 775 1275 de
802 1220 855 1275 hoc
884 1219 1013 1291 dogmate
1038 1219 1107 1273 nihil
1133 1222 1168 1275 id
1183 1222 1307 1275 Judaeis
1326 1223 1493 1299 praecipere
1517 1231 1543 1276 et
1568 1221 1678 1275 occasio
1702 1223 1822 1275 daretur
1839 1220 1969 1288 pentibus

278 1305 430 1376 quidquam
458 1306 592 1370 habetur,
620 1314 724 1377 quanta
754 1307 844 1361 minus
868 1305 991 1361 unanimi
1016 1305 1108 1375 primi·
1130 1309 1270 1377 putandi,
1289 1309 1345 1362 sibi
1363 1309 1496 1364 inhibitos
1512 1311 1615 1365 multas
1633 1312 1701 1364 deos
1715 1326 1771 1378 pro
1792 1308 1971 1361 multitudino

276 1392 350 1447 tivae
374 1393 515 1459 ecclesiae,
557 1392 727 1464 temporibus
767 1389 953 1464 apostolorum
989 1390 1107 1460 vicinae,
1135 1397 1266 1464 mmm,
1294 1413 1364 1465 quos
1390 1397 1600 1467 ralaqmlanr,
1628 1404 1654 1449 et
1683 1395 1735 1448 lroc
1768 1402 1902 1464 quantum
1929 1396 1970 1448 ad

278 1478 411 1550 suffragio
429 1480 499 1534 illud
518 1480 667 1551 gaudebit,
698 1479 752 1533 nisi
769 1479 885 1534 velimus
902 1479 1007 1543 dicere,
1036 1495 1109 1533 nova
1136 1481 1308 1550 Sambanas.
1353 1485 1429 1537 Nam
1452 1492 1586 1551 quantum
1610 1484 1652 1535 ad
1678 1483 1761 1537 uerbo
1785 1489 1812 1534 et
1837 1497 1885 1534 ore
1910 1487 1968 1532 tra·

277 1567 409 1637 dogmata
425 1574 536 1636 praeter
556 1573 585 1620 et
602 1572 679 1620 extra
689 1566 847 1636 Scripturas
863 1568 922 1637 jam
945 1572 1004 1620 tum
1022 1564 1107 1620 fuisse
1135 1570 1224 1622 ditem
1251 1569 1422 1631 doctrinam,
1453 1587 1509 1623 non
1532 1577 1574 1622 est
1598 1570 1725 1637 dumam,
1750 1568 1817 1638 quin
1844 1567 1971 1620 seclum}

274 1652 303 1706 in
321 1652 464 1707 ecclesiam
481 1651 648 1706 introducta.
693 1651 794 1706 Eccius
812 1651 840 1705 in
860 1651 964 1708 enchir.
984 1667 1047 1720 cap.
1070 1656 1107 1705 15.
1134 1655 1258 1724 mastali
1284 1671 1346 1707 eam
1373 1655 1555 1710 tradiderint.
1589 1654 1691 1709 Petrus
1717 1653 1841 1709 Cotonm
1868 1651 1916 1707 lib.
1944 1657 1969 1708 l.

275 1740 335 1794 sub.
364 1738 425 1793 tin:
453 1739 598 1807 Explicite
621 1756 678 1792 non
704 1748 745 1792 est
767 1746 922 1807 praecepta
949 1745 1108 1791 sanctarum
1133 1739 1251 1795 institut.
1275 1740 1376 1796 cathol.
1403 1758 1463 1812 cap.
1492 1746 1531 1796 16.
1555 1757 1620 1811 pag.
1641 1747 1682 1797 91.
1707 1739 1744 1794 ad
1763 1745 1969 1810 argumentum,

274 1826 416 1879 invocatio
443 1827 473 1878 in
498 1825 589 1878 sacrm
613 1824 712 1878 literis.
748 1826 815 1879 Non
833 1826 862 1877 in
887 1824 917 1878 V.
941 1824 973 1876 Τ.
992 1822 1041 1877 ubi
1056 1841 1108 1891 po·
1134 1828 1211 1894 quod
1232 1826 1341 1879 nullum
1363 1826 1400 1879 sit
1425 1828 1455 1879 in
1473 1827 1577 1880 divinia
1601 1826 1725 1880 oraculis
1747 1826 1885 1894 edictum,
1913 1843 1969 1894 quo

270 1913 359 1981 palus
385 1911 513 1981 alioquin
536 1920 597 1965 erat
617 1929 780 1981 propensus
807 1911 837 1964 in
860 1910 1057 1965 idololatriam
1081 1917 1108 1961 at
1134 1911 1253 1965 abeatis
1270 1913 1414 1966 racidibus
1426 1917 1506 1980 opem
1524 1920 1549 1966 et
1563 1913 1743 1980 praesidium
1755 1928 1904 1980 capescere
1919 1912 1970 1980 ju·

270 2005 370 2067 patres
398 2005 479 2051 mant
512 1997 543 2051 in
572 1998 657 2052 limbo
686 2000 810 2051 nondum
841 1997 930 2061 beati,
965 1994 1029 2050 Esa
1060 1998 1106 2049 tl:
1133 2000 1256 2065 beamur,
1276 1998 1424 2068 respondet
1442 1997 1493 2052 boc
1504 1999 1600 2053 modo:
1619 1999 1738 2052 Nullum
1755 1999 1869 2067 quidem
1878 2014 1968 2067 prae·

275 2085 421 2139 Abrabam
447 2085 562 2140 neseimt
586 2102 651 2152 nos,
678 2085 774 2138 Israel
794 2083 935 2152 ipnoravit
954 2100 1012 2136 nos.
1049 2081 1107 2136 Sstb
1135 2091 1244 2154 ceptum
1271 2084 1403 2138 ecclesiae
1425 2100 1490 2137 voce
1517 2091 1600 2152 atque
1620 2075 1740 2153 imperio
1758 2085 1818 2149 fuit
1836 2084 1972 2139 bactenus

274 2173 421 2240 evanpelio
448 2173 531 2225 etiam
555 2189 612 2226 non
629 2172 689 2236 fuit
703 2178 901 2242 praeceptum,
931 2187 965 2223 ne
982 2169 1109 2222 conveni
1134 2171 1338 2239 sipnirlcatum,
1359 2171 1417 2223 ruisi
1433 2178 1572 2238 quatenus
1592 2171 1682 2223 eidem
1700 2171 1893 2224 obsecundare
1912 2188 1972 2224 ona·

274 2259 393 2329 pactiles
416 2261 569 2323 crederent,
587 2275 617 2312 se
637 2258 737 2312 iterum
756 2257 856 2309 induci
872 2257 913 2308 ad
931 2255 1035 2308 cultum
1054 2263 1106 2308 ter·
1135 2273 1184 2310 nes
1207 2257 1337 2310 debemus
1359 2266 1385 2310 et
1411 2257 1597 2326 praecipienti
1619 2273 1740 2325 parere,
1763 2258 1841 2326 quod
1856 2255 1907 2324 qui
1925 2273 1971 2309 re·

274 2347 449 2413 ripariarum,
480 2354 509 2398 ut
540 2363 596 2415 pro
628 2345 717 2398 oderi
744 2359 821 2397 more
852 2350 963 2396 sandes
991 2359 1047 2395 non
1077 2348 1108 2394 vn
1134 2351 1234 2397 amant
1253 2343 1370 2396 etbnicis
1387 2351 1413 2396 et
1428 2343 1590 2412 publicanis
1607 2343 1752 2396 sociantur
1771 2348 1821 2399 etc.
1852 2341 1972 2398 Fatetur

270 2440 421 2503 patronos,
453 2433 505 2485 sed
518 2439 548 2484 ut
570 2433 637 2485 deos
655 2432 842 2496 adorassent,
872 2428 944 2482 siccet
963 2429 1107 2495 chaom
1135 2430 1234 2500 igitur,
1265 2429 1467 2484 invocationem
1493 2435 1651 2484 sanctorum
1676 2445 1732 2484 non
1757 2429 1809 2483 niti
1835 2429 1971 2485 mandato

274 2519 367 2572 Paula
386 2527 411 2572 et
431 2518 585 2570 Barnabae
602 2516 767 2583 sacrficare
789 2515 927 2570 ookbant.
964 2515 1058 2567 Porro
1081 2512 1109 2565 a·
1134 2516 1228 2570 divino
1254 2517 1282 2570 in
1309 2515 1461 2586 Scripturis
1487 2516 1645 2587 patefacto,
1672 2516 1722 2570 sed
1748 2515 1883 2571 ccclesiae
1901 2515 1970 2585 (Ro

273 2606 398 2676 apostoli
416 2611 441 2657 et
459 2603 646 2670 evanpelistae
666 2602 825 2656 docuusent
843 2609 954 2655 sanctos
972 2617 1107 2655 venerea·
1134 2602 1244 2672 manse)
1272 2601 1453 2658 ordinatione.
1497 2608 1522 2657 2.
1552 2601 1712 2656 Primitivae
1730 2601 1871 2666 ecclesiae,
1901 2619 1971 2672 apo-

274 2695 336 2754 dos,
355 2690 540 2759 arrogantiae
555 2689 658 2753 fument
678 2689 718 2742 eie
736 2690 852 2756 datum
875 2704 909 2740 ae
927 2688 955 2741 si
970 2686 1028 2756 ipsi
1040 2693 1108 2756 poet
1134 2688 1212 2743 stolis
1230 2688 1346 2756 vicinae,
1371 2689 1446 2743 hunc
1469 2688 1575 2743 cultum
1601 2688 1727 2759 ignotum
1753 2687 1840 2742 fuisse
1863 2690 1970 2760 partim

274 2787 389 2833 mortem
414 2777 536 2848 pluriam
558 2776 639 2831 illam
663 2775 870 2845 quaesivissent.
914 2774 1015 2828 Noluit
1040 2791 1107 2842 erpo
1134 2791 1276 2844 expresse,
1306 2774 1408 2845 partim
1429 2773 1514 2830 tacite
1537 2774 1668 2830 fatentur.
1711 2776 1773 2830 bac.
1794 2775 1886 2830 Faber
1905 2775 1971 2830 Sta-

276 2865 402 2934 Spiritus
421 2869 535 2917 sanctus
549 2863 688 2932 cupressis
703 2860 862 2932 scripturis
880 2862 981 2913 (locem
993 2877 1108 2913 venera
1134 2861 1256 2931 pulensis
1274 2860 1390 2930 praefat.
1404 2860 1433 2915 in
1444 2877 1559 2932 evang:
1594 2861 1705 2914 Utinam
1716 2863 1852 2916 credendi
1868 2863 1971 2927 forma

121 2961 202 3004 xvm.
216 2962 261 3005 lat.
275 2954 377 3007 tionem
401 2959 575 3018 sanctorum,
603 2951 656 3003 sed
683 2948 823 3017 ejusmodi
845 2949 971 3011 firmatos
996 2946 1027 3000 in
1052 2947 1108 3011 aar
1134 2965 1153 3000 a
1172 2947 1320 3016 primitiva
1338 2955 1484 3018 peteretur
1508 2947 1644 3016 ecclmia,
1672 2965 1743 3017 quae
1771 2955 1812 3002 tot
1828 2956 1972 3019 martyres

276 3037 372 3091 mit
396 3053 451 3106 per
480 3035 623 3089 miracula
647 3044 674 3088 et
696 3041 855 3088 sarsctarum
879 3033 1003 3101 aemilia,
1030 3033 1108 3096 fusis
1136 3034 1247 3089 Christo
1274 3033 1462 3097 conmarcuit,
1488 3050 1561 3103 quae
1584 3034 1693 3088 nullum
1716 3052 1831 3104 scopum
1852 3043 1972 3105 praeter

275 3124 317 3177 ad
339 3140 385 3177 eos
406 3121 536 3194 precibru
559 3120 626 3175 illos
650 3120 832 3175 venerandos.
869 3118 996 3176 Cauisius
1014 3118 1043 3171 in
1061 3134 1107 3173 ca·
1135 3120 1275 3175 Christum
1310 3121 1417 3189 babuit,
1443 3120 1518 3174 nulli
1550 3121 1654 3174 maltum
1680 3130 1885 3191 praeterquam
1918 3124 1973 3176 uni

273 3209 345 3264 lech.
372 3207 420 3265 sol.
446 3213 506 3264 230.
535 3214 697 3260 sanctorum
727 3204 930 3260 invocationem
963 3223 1020 3260 non
1043 3222 1105 3258 con·
1134 3207 1262 3276 trinoque
1285 3208 1349 3260 Deo
1376 3207 1521 3276 impendit.
1557 3205 1682 3262 Censura
1702 3207 1873 3265 colomensis
1901 3224 1971 3281 pag.

273 3302 350 3348 aare
374 3311 409 3349 ea
428 3286 585 3364 Scripturis
609 3292 721 3347 fatetur.
757 3290 903 3346 'rannerus
932 3291 961 3345 in
978 3307 1106 3361 compen·
1135 3299 1193 3350 209.
1212 3294 1323 3360 fatetur,
1343 3294 1447 3348 cultum
1465 3295 1538 3347 bunc
1558 3295 1588 3348 in
1606 3295 1725 3349 molesia
1742 3313 1800 3348 non
1817 3311 1876 3349 esse
1894 3296 1970 3349 anti-

274 3381 363 3435 diaria
387 3381 520 3436 relatione
548 3379 677 3450 colloquii
702 3383 772 3448 part.
799 3383 823 3433 2.
844 3394 906 3447 cap.
925 3383 947 3433 6.
972 3394 1038 3448 pag.
1059 3383 1106 3432 37:
1134 3381 1260 3450 quierem
1285 3380 1368 3432 annis
1397 3380 1475 3433 mille
1502 3381 1636 3448 ducenta,
1667 3398 1722 3452 quo
1749 3381 1808 3451 ipso
1832 3382 1970 3452 agnoscit,

274 3468 431 3522 Faleantur
449 3483 562 3536 quaese,
579 3466 606 3519 ai
623 3466 703 3531 lubet,
726 3466 816 3518 muba
832 3466 891 3528 side
909 3464 1063 3527 infallibili
1081 3471 1107 3516 et
1133 3472 1191 3520 tres
1221 3482 1355 3521 annorum
1382 3465 1522 3521 centurias
1550 3483 1567 3519 a
1595 3472 1660 3520 nato
1682 3465 1791 3521 Christo
1818 3467 1970 3537 effluxisse,

274 3555 372 3608 divina
395 3555 631 3620 credenda-esse,
663 3569 735 3621 quae
754 3553 784 3606 in
803 3551 954 3620 Scriptura
969 3550 1033 3604 sola
1050 3567 1106 3602 non
1134 3559 1281 3623 antequam
1300 3551 1393 3606 cultus
1411 3561 1569 3606 sanctorum
1587 3551 1616 3606 in
1635 3552 1752 3607 ecclesia
1770 3553 1966 3612 innotesceret.

273 3641 482 3709 contineantur,
508 3658 558 3694 nec
578 3657 610 3693 ea
631 3656 665 3693 ea
683 3640 748 3694 sola
768 3638 1107 3713 euidenterldeducantur
1133 3638 1276 3693 Lindanus
1294 3639 1321 3692 in
1338 3637 1415 3696 tabb.
1435 3638 1581 3710 analyticis
1600 3656 1666 3710 pag.
1679 3643 1737 3694 225.
1760 3639 1788 3693 in
1805 3640 1970 3710 primaacie

273 3735 299 3781 et
317 3736 374 3781 tum
387 3728 460 3780 nibil
479 3746 540 3781 cum
560 3728 620 3780 illis
639 3727 761 3796 amplius
781 3741 949 3795 magnopere
962 3725 1105 3778 contende·
1134 3725 1252 3780 collocat
1264 3723 1446 3794 Cypriacam,
1465 3724 1514 3794 qui
1533 3724 1615 3779 tertio
1631 3731 1695 3794 post
1713 3723 1853 3780 Christum
1869 3733 1970 3782 natum

273 3832 342 3870 mus.
377 3816 551 3882 Fateantur,
570 3815 698 3883 inquiam,
717 3813 919 3866 invocationem
939 3818 1106 3865 sanctarum.
1133 3811 1202 3865 vixit
1227 3810 1334 3879 secnlc3
1364 3809 1515 3864 Duranius
1539 3809 1568 3864 in
1596 3810 1703 3865 ratione
1732 3811 1815 3865 divin.
1845 3809 1965 3868 officior.

274 3900 386 3956 Censur.
408 3898 502 3955 colon.
526 3917 590 3971 pag.
610 3904 675 3954 230:
707 3899 800 3954 Sacra
820 3897 971 3966 Scriptura
992 3897 1106 3966 quidem
1133 3915 1193 3968 cap.
1223 3902 1265 3953 38.
1291 3896 1403 3965 fatetur,
1431 3898 1508 3966 qaod
1533 3896 1651 3950 ecclesia
1673 3905 1740 3965 post
1766 3904 1873 3967 tempus
1901 3898 1970 3968 syz-

273 4004 409 4057 nusquam
431 3989 682 4042 decetsanctorum
697 3985 907 4052 invocationem,
925 3983 1107 4037 nibilominus
1132 3985 1219 4039 vestri
1245 3991 1405 4037 sanctorum
1433 3982 1625 4046 confessorum
1652 3983 1815 4036 memoriam
1835 3986 1970 4038 venerari

273 4084 365 4130 tumen
390 4082 431 4128 est
452 4074 608 4136 credenda,
633 4071 798 4140 recipienda
815 4079 842 4124 et
859 4072 1008 4124 sananda.
1044 4069 1107 4125 Sal-
1133 4070 1264 4139 eoeperit.
1302 4067 1380 4123 Vixit
1406 4076 1499 4122 autem
1523 4067 1664 4139 Sylvester
1691 4069 1772 4124 tertio
1797 4076 1861 4139 post
1888 4069 1968 4126 ebri-

272 4179 375 4218 meron.
396 4160 499 4231 disput.
523 4166 547 4214 t.
573 4159 602 4213 in
630 4163 652 4214 l.
670 4157 741 4212 Tim.
765 4163 789 4214 2.
807 4163 872 4211 tom.
902 4162 939 4213 15.
955 4173 1021 4228 pag.
1042 4161 1106 4212 459:
1133 4163 1205 4211 stum
1232 4161 1328 4210 natum
1353 4153 1455 4210 seculo.
1492 4152 1674 4208 Bellarminus
1692 4154 1727 4209 de
1752 4155 1824 4212 beat.
1844 4162 1966 4212 sanctor.

276 4251 341 4302 Cum
370 4254 434 4301 ante
459 4244 565 4300 Christi
587 4247 735 4299 adventum
760 4244 892 4297 introitus
920 4261 975 4296 non
993 4250 1106 4311 pateret
1133 4259 1194 4313 cap.
1216 4246 1254 4296 19.
1285 4239 1456 4312 cyprianum
1473 4240 1670 4310 praetermittit
1686 4256 1849 4311 agnoscens,
1867 4241 1896 4296 in
1917 4259 1968 4313 ge·

272 4334 302 4386 in
320 4333 443 4396 coelam,
461 4349 554 4386 omnes
569 4333 617 4402 pii
636 4339 662 4384 et
677 4327 777 4396 fideles
797 4333 826 4382 in
844 4329 928 4382 limbo
946 4329 1107 4381 detineban-
1132 4328 1224 4382 nuinis
1247 4329 1307 4398 eJus
1335 4326 1443 4396 scriptis
1465 4325 1572 4380 nullum
1599 4325 1683 4396 hujus
1702 4327 1840 4397 dogmatis
1859 4336 1968 4386 exstare

274 4427 329 4483 tur,
352 4436 403 4472 nec
417 4426 497 4472 nant
512 4417 635 4487 perfecti
653 4416 684 4470 in
701 4415 857 4483 sanctitate,
874 4432 924 4470 nec
943 4413 1024 4479 beati,
1040 4413 1105 4467 ideo
1132 4414 1288 4484 vestigium.
1325 4412 1449 4467 Adducit
1474 4412 1585 4483 quidem
1610 4413 1686 4467 dicta
1708 4413 1908 4484 antiquiorum,
1934 4423 1968 4471 ut

272 4523 366 4574 pauca
385 4506 469 4573 liujus
486 4504 612 4557 veritatis
630 4503 784 4556 invenimus
802 4501 969 4556 testimonia.
1010 4502 1106 4555 Euan·
1132 4500 1260 4570 Dionysii
1277 4498 1478 4570 Areopagitae,
1505 4498 1612 4553 irenaei
1631 4505 1658 4553 et
1675 4497 1837 4567 Athanasii,
1864 4501 1914 4556 sed
1932 4519 1968 4557 ea

273 4591 350 4661 palia
374 4607 482 4660 quoque
499 4591 586 4644 vitam
602 4596 628 4642 et
641 4588 804 4658 parmenam
822 4585 930 4640 Cbrieti
946 4587 1106 4641 dmaribunt
1131 4587 1234 4657 partim
1254 4603 1287 4642 ex
1308 4580 1551 4658 ψευδεπιγράφοις
1570 4585 1680 4654 scriptis
1699 4586 1796 4654 petita,
1815 4587 1917 4657 partim
1935 4589 1965 4643 in
1983 4602 2051 4644 xvm

273 4678 388 4747 ejusque
406 4677 484 4730 dicta
501 4684 528 4729 et
546 4683 632 4745 pasta.
668 4675 706 4727 Et
725 4675 792 4742 quia
807 4675 1107 4743 eotensporenondum
1133 4672 1309 4744 peregrinum
1335 4689 1444 4727 sensum
1475 4687 1536 4726 esse
1563 4671 1684 4739 detorta,
1713 4687 1763 4725 suo
1787 4673 1848 4727 loco
1875 4683 1967 4729 ortm-

273 4771 355 4820 erant
383 4764 471 4832 beati,
497 4763 571 4816 nibil
595 4764 631 4815 de
658 4763 712 4815 bac
738 4776 770 4814 re
795 4761 912 4814 habetem
937 4777 1106 4829 cupressum,
1133 4760 1238 4815 demus.

273 4852 345 4904 sicut
368 4867 417 4904 nee
439 4849 578 4901 invenitur
605 4848 635 4901 in
653 4848 779 4917 episwlir
796 4848 886 4902 Pauli
900 4847 945 4900 vel
962 4846 1106 4901 emanata
1166 4850 1225 4901 426.
1261 4847 1287 4901 2.
1319 4846 1365 4897 Ea
1392 4852 1508 4914 patrum
1540 4845 1673 4898 doctrina
1704 4854 1732 4898 et
1761 4847 1965 4911 testificatione.
1980 4862 2015 4901 aa
2031 4874 2051 4902 n

273 4939 316 4993 uel
336 4934 483 4991 embolicis
500 4935 708 5003 apostolorum,
729 4950 801 5002 qrroe
820 4933 855 4988 ob
873 4934 949 4987 alias
967 4932 1106 5002 speciales
1116 4942 1119 4975 t
1131 4931 1213 4986 Tabe
1234 4929 1307 4986 enim
1321 4931 1396 5000 apud
1412 4930 1472 5001 pios
1484 4936 1598 4999 veteres,
1613 4931 1771 5002 cumprimis
1789 4933 1965 5004 vetustiores,
1980 4914 2051 5013 {22¹3

273 5025 408 5079 munim
423 5024 540 5088 fuerunt
559 5022 749 5090 consmptae,
777 5021 808 5073 in
824 5019 942 5088 reliquis
960 5035 1026 5073 vero
1041 4981 1279 5099 mit-ioccurruut
1306 5016 1497 5088 pronuntiata,
1532 5034 1603 5089 quae
1625 5017 1770 5089 religiosae
1802 5026 1963 5077 sanctorum
1981 5021 2051 5110 ἓξ(

273 5118 334 5165 tunt
351 5128 402 5163 nos
419 5110 461 5163 ad
472 5105 663 5174 traditionem,
681 5107 712 5159 in
727 5122 783 5175 pesa
797 5114 838 5160 est
855 5106 1000 5159 thesaurus
1019 5104 1116 5167 totius,
1130 5103 1298 5160 invocationi
1316 5103 1361 5157 vel
1387 5102 1493 5158 directe
1518 5103 1563 5158 vel
1589 5103 1722 5158 indirecte
1739 5110 1804 5158 sunt
1822 5106 1960 5175 opposita
1981 5084 2051 5165 coae

274 5197 419 5251 doctrinae
447 5196 484 5250 N.
510 5195 543 5248 T.
585 5192 622 5245 In
650 5193 827 5264 Apocalypsi
855 5208 935 5259 vero,
964 5190 1014 5243 ubi
1042 5189 1377 5246 eratDistribuemusea
1391 5189 1419 5244 in
1434 5189 1646 5245 certasclasses.
1671 5189 1765 5244 Prima
1784 5188 1960 5248 classisoon·

274 5285 352 5338 locus
369 5281 510 5336 scribendi
528 5281 643 5344 stauros
659 5296 801 5333 aracaeus
818 5278 961 5343 ecclesiae,
975 5293 1029 5346 per
1047 5295 1103 5331 mo-
1114 5289 1116 5298 '
1128 5276 1200 5332 tinet
1218 5291 1252 5330 ea
1272 5275 1363 5344 dicta,
1382 5275 1411 5330 in
1430 5274 1530 5347 quibus
1545 5283 1665 5347 negant,
1683 5284 1793 5332 sandes
1810 5276 1963 5341 desunotoa

275 5372 342 5422 dum
365 5367 532 5438 prophetiae
558 5372 584 5418 et
602 5365 772 5434 mamertim
798 5372 888 5418 status
910 5364 1021 5434 pieriae
1037 5312 1117 5468 jumi
1131 5379 1189 5416 esee
1218 5361 1404 5428 invocandos,
1436 5360 1570 5433 Origenes
1602 5361 1649 5418 lib.
1682 5367 1708 5419 8.
1739 5361 1803 5421 adv.
1837 5361 1952 5421 Celsum

274 5456 421 5510 inchoatus
442 5453 487 5522 (de
507 5448 701 5509 intercessione
719 5452 887 5520 sanctorum)
907 5465 1037 5520 capream
1054 5450 1117 5520 ba,
1132 5452 1191 5506 Eat
1217 5466 1290 5503 nune
1310 5449 1407 5506 Celnss
1425 5456 1452 5504 et
1470 5465 1502 5503 se
1522 5464 1567 5518 eo,
1585 5451 1663 5519 quod
1680 5467 1738 5505 ursa
1749 5467 1810 5504 cum
1828 5453 1894 5507 Deo
1914 5453 1968 5509 Bi·
