4104 6014
860 328 913 384 uu
938 327 1078 384 uorsa.
1111 357 1114 364 ·
1487 298 1490 303 ’
1760 342 1817 400 149

119 502 160 538 ms
177 503 234 538 noa
253 491 294 540 eet
309 486 443 540 salvator.
492 483 585 539 Actor.
605 490 635 554 t,
661 500 686 540 v.
708 489 754 539 12:
781 485 847 539 Non
865 491 906 538 est
923 483 954 536 in
983 483 1092 538 Christi
1108 484 1268 552 sufficiebat
1287 485 1424 540 redimere
1448 487 1593 553 mundum,
1618 492 1647 539 et
1664 493 1756 540 mmeu
1772 505 1819 544 eo·

119 571 179 624 alio
199 587 341 640 qrsoqrsom
355 571 442 625 solra.
479 569 543 624 Esa.
562 575 610 638 63,
634 587 659 622 v.
679 575 709 625 3:
736 571 878 624 Torculor
896 569 954 623 cal·
980 570 1034 624 luit
1054 578 1140 623 totrsm
1158 570 1324 640 sarrpuiaem
1343 573 1502 640 effisadere,
1521 579 1552 624 ut
1570 580 1641 625 esset
1661 572 1818 642 copiosissi-

119 658 182 711 caos'
199 656 286 712 eolus.
315 655 402 709 Habr.
424 661 446 723 l,
464 673 490 708 v.
511 659 541 710 3:
560 656 761 724 Purpationem
773 664 955 726 peccatorum
981 675 1028 709 ma
1052 656 1203 724 redemtio,
1229 674 1284 724 quo
1308 659 1392 710 modo
1417 658 1501 710 ctiam
1521 658 1602 710 homo
1616 657 1715 726 justus
1734 659 1819 713 adul·

119 752 281 796 nostrorum
293 742 368 812 fecit
391 741 423 795 di
446 743 561 804 laurei,
578 758 630 811 per
648 759 678 795 se
697 742 796 811 ipsum.
833 757 895 812 cap.
915 745 954 807 12,
981 750 1026 795 tue
1055 742 1165 811 duplici
1190 742 1272 795 titulo
1296 742 1379 796 habet
1404 743 1457 811 jus
1483 745 1524 796 ad
1539 745 1658 797 eandm
1685 743 1818 813 pluriam,

117 845 144 881 v.
159 833 190 884 2:
209 828 337 882 Christus
349 836 389 881 est
403 826 523 899 ἀρχηγὸς
534 830 580 881 rai
592 824 730 894 celsioris
740 828 818 896 fidei
833 835 954 880 nostrae.
981 845 1035 880 uno
1050 827 1198 881 mmerits's
1214 827 1323 880 Chresti
1333 825 1388 880 sihi
1399 829 1610 881 communicatis
1619 845 1673 898 per
1684 829 1817 897 qratiam,

119 913 193 985 Ergo
213 912 288 968 solus
304 911 431 967 Christus
450 919 493 968 est
509 918 603 967 noster
620 911 740 966 salvator
757 929 791 966 ac
808 912 954 980 redemtor,
981 912 1073 965 altero
1093 927 1126 965 er
1143 914 1250 968 madh
1258 915 1398 983 propriis.
1432 913 1654 984 Respondemus:
1675 914 1818 984 Scriptum

118 998 199 1054 homo
217 1015 283 1054 raro
300 1015 355 1053 non
373 1005 416 1053 est
434 998 477 1052 sui
507 998 594 1069 ipsius
614 998 736 1053 salrator
755 1014 787 1052 ac
807 998 953 1053 redemtor.
982 1014 1038 1051 uon
1055 997 1109 1051 nisi
1128 1017 1212 1052 unam
1233 999 1426 1070 propeccatis
1445 1001 1661 1055 satisfactionem
1680 1000 1765 1066 norit,
1784 1007 1818 1056 nt

119 1085 199 1152 Quod
222 1093 243 1142 1.
262 1085 335 1140 Τίιιι.
354 1091 385 1154 4,
411 1103 437 1142 v.
461 1090 498 1141 16.
517 1083 680 1139 Timotheus
698 1101 728 1137 ss
747 1085 840 1154 ipsum
859 1092 886 1137 et
902 1102 954 1136 au·
980 1091 1144 1155 argumenta
1169 1093 1279 1140 nostrae
1299 1086 1452 1142 sentcntiae
1469 1087 1604 1157 probant,
1624 1103 1690 1157 ergo
1707 1086 1812 1142 Christi

118 1175 223 1228 ditores
254 1191 322 1226 suos
352 1172 464 1226 salvare
496 1171 612 1239 dicitur,
643 1171 672 1225 id
702 1187 757 1225 non
788 1168 954 1241 intelligitur
980 1176 1008 1224 et
1037 1177 1132 1224 nosue
1156 1171 1323 1240 satisfactio,
1351 1170 1452 1226 Christi
1479 1180 1509 1227 et
1531 1179 1656 1227 nostrum
1684 1172 1812 1227 meritum

119 1259 260 1314 meritorie
277 1258 323 1314 rel
340 1258 544 1323 satisfactorie,
561 1256 610 1312 sed
630 1255 785 1328 dpparsraie
804 1262 833 1310 et
851 1257 953 1309 instru-
979 1274 1034 1311 non
1052 1261 1118 1310 sunt
1136 1256 1333 1327 subordinate,
1351 1257 1399 1311 sed
1421 1258 1560 1329 opposita,
1581 1265 1613 1313 ut
1630 1258 1659 1314 iu
1678 1264 1756 1314 tract
1778 1259 1815 1315 de

119 1345 287 1410 mentaliter,
306 1343 374 1416 quia
384 1344 548 1399 Timotheus
566 1342 749 1415 praedicabat
767 1341 953 1413 evangelium,
979 1342 1034 1396 bon
1055 1342 1160 1412 operib.
1176 1340 1203 1415 ξ.
1218 1349 1260 1400 96.
1274 1344 1356 1398 latius
1368 1344 1545 1400 ostendimus.
1571 1344 1652 1411 Quod
1663 1361 1720 1399 una
1734 1351 1816 1416 gutta

118 1433 191 1505 qnod
218 1440 259 1486 est
279 1430 491 1502 potentia·Dei
516 1432 558 1483 ad
583 1430 702 1483 salutem
731 1430 809 1482 omni
826 1429 954 1482 medenti
980 1428 1123 1500 sanguinis
1142 1428 1244 1483 Christi
1274 1429 1416 1486 sufficiens
1444 1430 1530 1485 fuisse
1554 1430 1656 1485 dicitnr
1679 1432 1716 1486 ad
1734 1449 1813 1487 mun·

118 1519 196 1576 Rom.
221 1525 244 1583 1,
265 1536 290 1572 r.
314 1524 353 1574 16.
391 1516 503 1570 Dictum
522 1515 714 1586 propheticum
734 1514 804 1570 Dan.
821 1522 846 1584 t,
868 1533 893 1571 r.
910 1518 951 1570 24.
979 1515 1043 1568 dum
1062 1515 1268 1583 redimendum,
1294 1516 1323 1570 id
1345 1516 1368 1570 si
1395 1511 1522 1588 respectu
1543 1519 1584 1570 erl
1601 1518 1768 1588 dipsitatem
1788 1526 1815 1572 et

118 1607 177 1677 agit
202 1605 238 1660 de
254 1604 342 1675 signis
360 1619 442 1657 verae
459 1602 647 1674 poenitentiae
666 1618 700 1656 ac
717 1600 870 1657 remotione
887 1616 952 1671 poe-
979 1603 1142 1671 infinitatem
1162 1616 1302 1674 personae
1320 1602 1416 1658 habito
1436 1609 1590 1668 neaeman,
1616 1604 1756 1660 serissime
1773 1605 1815 1660 di·

118 1707 215 1745 aarum
239 1687 442 1759 temporalium.
484 1688 519 1741 In
541 1686 671 1743 Hebraeo
700 1692 743 1742 est
767 1686 881 1741 verbum
907 1689 951 1751 pt:
978 1687 1063 1754 citur,
1095 1689 1139 1742 sin
1165 1705 1229 1743 vero
1248 1687 1301 1744 Dei
1323 1692 1530 1744 ordinationem
1559 1698 1586 1744 st
1613 1692 1812 1745 vaticiniorum

117 1776 190 1847 qaod
215 1791 272 1830 non
297 1774 437 1847 signifieat
462 1776 600 1828 redimere
624 1764 874 1838 vel'eatist'accre,
901 1775 953 1826 sed
975 1775 1198 1844 praedictionem
1216 1776 1404 1845 respiciamus,
1425 1793 1480 1829 non
1498 1784 1580 1849 gutta
1599 1777 1744 1847 duntaxat,
1761 1778 1811 1833 sed

119 1863 298 1931 abrumpere,
327 1863 433 1917 sistere.
478 1859 553 1917 Vide
575 1864 658 1915 tract.
687 1859 723 1913 de
739 1858 841 1928 poenit.
861 1854 889 1929 ἕ.
909 1863 952 1912 91.
977 1860 1028 1913 riri
1062 1860 1206 1930 sanguinis
1248 1867 1363 1931 propter
1397 1867 1520 1917 nostram
1548 1863 1748 1918 redemtionem
1782 1863 1813 1918 in

117 1948 229 2002 Dictum
254 1947 436 2019 apostolicum
465 1946 538 2002 Phil.
560 1951 589 2015 t,
619 1960 645 1998 v.
667 1950 704 2000 12.
736 1961 791 1997 non
814 1944 850 1998 de
867 1959 952 1998 eausa
977 1962 1059 2000 cruce
1097 1945 1202 2001 effundi
1234 1946 1397 2002 debuerunt.
1450 1946 1531 2011 Quod
1568 1949 1659 2018 justus
1697 1949 1811 2004 adultus

117 2032 256 2090 meritoria
272 2033 378 2098 salutis,
399 2034 448 2087 sed
467 2034 502 2087 de
519 2031 657 2087 curriculo
673 2038 702 2086 et
716 2030 806 2085 stadio
826 2029 947 2084 vocabo·
977 2032 1082 2102 duplici
1098 2034 1176 2103 jure,
1201 2032 1333 2089 videlicet
1356 2040 1416 2087 tum
1434 2035 1540 2089 meritis
1556 2033 1661 2089 Christi
1681 2053 1732 2106 per
1749 2053 1812 2108 gra-

115 2119 172 2188 nis',
203 2119 232 2172 in
261 2133 317 2189 quo
343 2117 400 2174 lide
425 2119 485 2189 Jam
510 2116 657 2188 justificati
676 2122 705 2171 et
721 2115 820 2170 salvati
840 2116 951 2170 exclusa
977 2116 1045 2171 tiam
1072 2119 1295 2188 communicatis,
1330 2127 1388 2173 tum
1415 2121 1519 2174 meritis
1547 2121 1663 2191 propriis
1695 2138 1812 2193 regnum

116 2204 219 2259 carnali
242 2204 392 2260 securitate
417 2204 452 2258 sd
476 2203 650 2274 propositum
674 2201 809 2256 brabeum
836 2206 950 2255 conten-
977 2203 1116 2258 coelorum
1134 2204 1259 2260 obtinere
1274 2205 1383 2269 dicitnr,
1402 2206 1430 2259 id
1443 2205 1593 2277 Scriptnris
1607 2205 1693 2261 meris
1707 2208 1812 2263 directa

115 2291 181 2346 dere
204 2289 320 2359 debent,
353 2291 421 2361 agit.
469 2289 543 2343 Vide
575 2294 654 2345 tract.
681 2289 716 2342 de
736 2287 801 2343 bon.
820 2287 950 2358 operibus
977 2289 1153 2358 adversatur,
1176 2299 1208 2346 ut
1228 2291 1335 2361 prolixe
1358 2291 1527 2345 ostendimus
1545 2291 1574 2345 in
1592 2296 1672 2348 tract.
1691 2293 1727 2348 ds
1744 2293 1810 2349 bon.

115 2376 142 2451 ξ.
160 2382 201 2432 52.
249 2383 276 2430 Α
309 2375 417 2431 Christi
447 2375 586 2446 eanpuine
615 2381 641 2427 et
669 2374 767 2427 merito
798 2374 829 2427 iu
851 2381 950 2427 nostra
977 2375 1081 2446 operib.
1099 2372 1128 2449 ἕ.
1151 2380 1208 2431 100.
1253 2378 1363 2432 Tertiae
1388 2379 1487 2431 modus
1511 2377 1621 2433 videtur
1640 2379 1809 2435 Bellarmiuo

115 2481 201 2534 opera
227 2480 262 2516 ac
278 2471 391 2517 noemae
408 2464 560 2532 passiones
585 2461 641 2514 uim
663 2461 791 2513 mmcndi
815 2477 850 2513 ac
868 2460 949 2514 setes·
973 2463 1167 2531 probabilior,
1198 2465 1275 2534 meod
1296 2480 1355 2517 una
1384 2472 1493 2519 tautum
1519 2466 1555 2519 sit
1583 2466 1706 2519 actualia
1730 2468 1813 2520 satie·

113 2550 246 2616 faciendi
286 2551 471 2617 descendere,
512 2548 571 2602 sine
602 2546 762 2617 scripturae
795 2545 951 2601 testimonio
976 2549 1069 2616 factio
1100 2557 1127 2602 ct
1151 2566 1184 2603 ea
1212 2551 1265 2614 fiat
1287 2558 1393 2605 noema.
1442 2552 1540 2621 Neque
1562 2553 1628 2606 hinc
1655 2553 1815 2607 excluditur

116 2636 258 2692 meritur.
289 2633 464 2689 Contrarium
483 2634 539 2688 late
557 2631 805 2688 demonstravimus
819 2631 849 2685 in
868 2635 950 2685 tract.
979 2634 1107 2689 Christus
1132 2636 1177 2689 sel
1193 2637 1355 2701 satisfactio
1384 2640 1459 2708 ejsrs,
1489 2657 1555 2692 nam
1577 2655 1634 2710 per
1653 2639 1715 2707 eius
1731 2640 1814 2694 eab’e·

117 2721 234 2781 debon.
260 2720 365 2792 operib.
392 2717 419 2795 ξ.
443 2724 486 2777 96.
532 2721 559 2772 3.
578 2721 625 2773 De
649 2718 843 2788 applicatione
869 2719 950 2771 satis·
977 2723 1130 2786 factionem
1155 2722 1285 2776 habemus
1302 2724 1439 2792 pratiam,
1462 2726 1538 2778 unde
1555 2725 1762 2794 satisfacimus,
1787 2734 1815 2780 et

116 2806 251 2870 fanianu
272 2806 378 2865 Cluati
396 2822 451 2878 per
470 2812 567 2859 nostra
587 2820 675 2874 opera
702 2821 737 2857 aa
754 2810 866 2857 neuras
881 2819 950 2871 pas·
978 2809 1029 2864 hoc
1047 2810 1131 2862 modo
1150 2809 1257 2862 aldtus
1272 2809 1353 2863 notis
1366 2808 1513 2880 applicari
1523 2809 1631 2864 aristi
1641 2811 1813 2880 inassuetis,

117 2894 209 2948 aiones
228 2900 286 2946 tres
302 2899 368 2945 eunt
384 2891 500 2945 dicendi
521 2891 607 2946 modi.
647 2891 763 2944 Primae
788 2897 829 2943 est
847 2906 951 2958 eorum,
978 2913 1034 2949 non
1062 2896 1139 2963 cuod
1166 2895 1324 2948 immediate
1351 2895 1415 2964 ipso
1445 2895 1508 2963 ejus
1537 2897 1699 2964 satiefactio
1729 2896 1814 2951 tollat

117 2980 168 3048 (Ῑυί
190 2986 329 3043 detentui,
349 2992 408 3031 etta
435 2994 521 3031 tertam
546 2984 655 3030 lautum
678 2976 901 3043 satisfactionem
926 2983 951 3028 tl
973 2998 1095 3051 poenam
1114 2981 1297 3051 temporalem
1322 2981 1402 3035 nobie
1423 2980 1562 3050 debitam,
1589 2985 1641 3036 sed
1659 2984 1736 3052 quod
1757 2998 1811 3036 me-

118 3066 199 3120 illam
220 3080 279 3119 esse
301 3064 462 3122 Christian
484 3080 536 3116 noe
555 3063 675 3133 proprie
699 3080 755 3116 non
773 3062 950 3128 satisfacere,
978 3069 1056 3122 dicte
1075 3085 1134 3120 sam
1153 3068 1252 3137 tollat,
1280 3075 1415 3137 molanus
1433 3068 1564 3122 uidelicet
1583 3068 1620 3121 ab
1637 3085 1671 3122 sa
1688 3067 1812 3138 protiam

10 3147 44 3194 lll-
57 3153 102 3196 2³⁵·
117 3155 168 3206 sed
183 3153 276 3207 solum
290 3153 390 3217 secere
403 3149 525 3220 aliquid,
543 3152 624 3221 sajus
642 3150 746 3204 intuitu
759 3151 840 3203 Deus
859 3148 952 3218 appli-
978 3155 1123 3221 habsmsrs,
1151 3156 1211 3208 siue
1228 3171 1284 3224 qua
1302 3154 1375 3207 nihil
1404 3154 1509 3208 arares
1526 3161 1624 3208 nasim
1641 3153 1811 3222 satisfactio.

115 3247 161 3293 cal
184 3232 276 3292 ²¹⁰5st
291 3236 398 3290 Oltt'tit‘
409 3238 658 3306 ’Βαθὺίαθίίθπθιω
685 3239 763 3306 qvod
785 3243 826 3290 tel
856 3237 951 3288 dicere
978 3240 1201 3311 Respondemus:
1233 3240 1376 3310 Scriptura
1407 3239 1535 3309 nuspiam
1563 3239 1644 3306 dicit,
1672 3238 1813 3295 Christum

117 3333 215 3378 nemra
245 3340 333 3394 opera
350 3341 407 3377 non
436 3339 494 3378 esse
519 3324 638 3393 proprie
663 3323 874 3392 satisfactoria,
899 3324 953 3395 sed
979 3327 1031 3382 hoc
1049 3326 1105 3381 fine
1123 3343 1174 3398 pro
1194 3327 1318 3398 peccatis
1336 3326 1437 3380 nostris
1454 3325 1634 3393 satisfecisse,
1662 3332 1693 3380 ut
1712 3328 1813 3381 nostris

115 3419 223 3490 tantum
250 3410 441 3479 conditiones,
467 3410 528 3462 eins
555 3410 654 3478 quibam
681 3425 737 3463 aon
756 3409 952 3478 applicaretur
980 3411 1110 3482 operibus
1129 3429 1161 3467 ac
1174 3411 1349 3483 passionibus
1365 3410 1421 3465 rim
1435 3409 1623 3466 satisfaciendi
1642 3427 1675 3465 ac
1689 3412 1812 3468 merendi

115 3498 194 3551 nobie
210 3495 319 3551 Christi
337 3495 498 3558 satisfactio
510 3495 554 3547 orl
567 3497 608 3548 ad
624 3512 759 3549 summum
779 3510 838 3548 esee
856 3494 952 3563 dispo·
978 3497 1154 3567 conciliaret,
1178 3497 1228 3551 sed
1254 3497 1346 3567 potius
1368 3503 1400 3551 ut
1424 3512 1503 3551 suam
1529 3497 1743 3552 satisfactionem
1761 3514 1812 3568 par

117 3585 239 3638 sitiones.
284 3581 334 3634 Ita
362 3583 442 3634 docet
461 3580 589 3634 Michael
608 3581 702 3650 Bajas
724 3581 771 3638 lib.
789 3583 824 3634 de
843 3580 950 3648 iadrslp.
977 3582 1061 3636 fidem
1082 3582 1162 3637 nobis
1182 3583 1349 3654 applicaret,
1374 3583 1434 3654 ipse
1453 3582 1526 3637 enim
1545 3584 1672 3638 torcular
1689 3584 1813 3638 calcavit

115 3669 249 3739 sepult.
282 3666 361 3722 Haec
380 3666 516 3722 sententia
533 3672 576 3720 est
594 3666 766 3722 tolerabilior
784 3666 898 3738 reliquis
916 3683 950 3722 ac
978 3668 1055 3722 solus
1074 3668 1139 3724 Esa.
1164 3675 1211 3735 63,
1238 3688 1263 3724 v.
1284 3675 1308 3725 3.
1338 3669 1397 3741 ipse
1421 3669 1615 3740 purgationem
1634 3677 1812 3741 peccatorum

115 3755 196 3810 facile
216 3754 311 3809 reduci
330 3758 423 3823 potest
441 3753 476 3807 ad
497 3752 601 3807 bonum
621 3769 742 3821 sensum,
760 3751 784 3806 si
804 3753 864 3808 loeo
883 3768 949 3822 ope·
977 3762 1132 3811 nostrornm
1149 3756 1217 3812 feeit
1232 3773 1285 3826 per
1302 3774 1332 3810 se
1349 3757 1440 3826 ipsum
1456 3755 1543 3814 Hebr.
1564 3762 1592 3823 1,
1618 3762 1677 3813 ab
1706 3757 1813 3829 inipso

115 3859 176 3895 rum
194 3840 379 3894 substituatur
401 3839 471 3895 fides
498 3841 527 3894 in
548 3839 704 3908 Christum,
730 3843 849 3894 testatur
877 3839 950 3894 enim
977 3841 1035 3896 solo
1071 3843 1260 3898 remissionem
1300 3848 1477 3915 peccatorum
1514 3861 1648 3915 quaerere
1679 3844 1812 3903 debemus

116 3935 175 3982 tota
195 3926 354 3998 Scriptura,
383 3943 438 3981 non
458 3942 556 3997 opera,
582 3925 630 3980 sed
656 3925 740 3980 fidem
758 3925 950 3980 mecanicum
977 3929 1073 3986 Acter.
1095 3935 1135 3997 10,
1154 3931 1319 3984 althena
1335 3929 1452 4001 gloriam
1472 3935 1501 3984 et
1519 3928 1594 3985 hunc
1612 3930 1742 3986 honorem
1757 3947 1812 3985 nou

117 4014 187 4069 illud
208 4012 340 4080 medium,
357 4030 408 4083 per
428 4012 503 4084 qnod
522 4011 600 4067 Deus
618 4011 835 4067 satisfactionem
848 4010 951 4066 Christi
977 4014 1161 4070 communicat
1185 4016 1286 4069 uostris
1312 4015 1504 4086 passionibus,
1528 4017 1576 4069 scd
1602 4033 1664 4071 eum
1691 4016 1744 4072 sibi
1761 4015 1812 4070 soli

116 4100 197 4154 nobis
217 4099 349 4168 applicet.
382 4097 520 4153 Sedhaee
541 4096 950 4166 moderatioBajiBellarmino
978 4107 1108 4166 reservat,
1125 4108 1157 4156 ut
1174 4101 1279 4156 fiducia
1293 4102 1385 4156 cordis
1402 4102 1558 4157 nostrinon
1574 4101 1603 4156 in
1624 4107 1718 4156 nostra
1729 4117 1813 4172 opera

116 4203 171 4240 non
188 4184 328 4255 probatur,
345 4183 408 4238 ideo
420 4183 586 4239 sententiam
602 4182 680 4236 illam
695 4189 776 4237 vocat
793 4199 947 4238 emensam.
977 4205 1010 4241 ac
1029 4186 1239 4256 satisfactiones,
1256 4187 1305 4242 sed
1325 4187 1352 4240 in
1372 4186 1464 4257 ipsum
1482 4191 1510 4243 et
1528 4187 1557 4241 in
1574 4186 1662 4258 ipsius
1682 4187 1810 4242 meritum

116 4270 283 4343 argumenti
300 4270 362 4325 loco
380 4270 509 4340 producit
530 4269 585 4324 dno
606 4267 753 4339 principia,
771 4269 860 4339 primo
875 4269 950 4340 quod
977 4273 1057 4328 unice
1076 4273 1234 4329 collocetur.
1274 4272 1452 4344 Augustinus
1470 4272 1518 4328 lib.
1536 4279 1561 4330 4.
1579 4272 1615 4327 ad
1636 4272 1811 4328 Bonifacinm

118 4357 268 4429 Scriptura
286 4365 312 4410 et
334 4364 436 4426 patres
452 4356 560 4425 passim
580 4354 725 4424 appellent
744 4372 832 4424 opera
852 4363 949 4410 nostra
976 4375 1035 4430 cap.
1055 4366 1088 4414 l:
1117 4359 1194 4413 Sicut
1221 4359 1298 4412 eolus
1323 4359 1418 4412 Filius
1438 4359 1498 4412 Dei
1516 4361 1618 4428 soctrss
1645 4365 1687 4411 est
1717 4359 1812 4413 Filius

116 4444 329 4510 satisfactiones
355 4450 382 4497 cl
410 4450 588 4512 peccalorum
616 4442 818 4510 redemtionem
847 4443 950 4495 deiude
976 4446 1110 4514 hominis,
1139 4455 1169 4498 ut
1186 4463 1238 4499 uos
1260 4461 1352 4498 eccum
1370 4445 1445 4510 filios
1464 4446 1525 4498 Dei
1537 4445 1665 4514 faceret,·
1697 4447 1739 4499 ita
1754 4465 1811 4516 pro

116 4531 142 4582 si
157 4538 251 4600 potest
266 4530 346 4584 homo
368 4528 462 4597 iustus
479 4530 538 4582 suis
564 4527 696 4597 operibus
714 4527 819 4580 mereri
833 4544 867 4581 ec
884 4545 949 4581 con·
975 4533 1055 4586 nobis
1071 4532 1149 4586 solers
1171 4534 1292 4602 accepit
1314 4532 1375 4585 sine
1395 4533 1480 4587 malie
1506 4531 1613 4585 meritis
1627 4549 1766 4601 poenam,
1782 4540 1813 4587 ut

116 4617 202 4685 dipno
231 4614 317 4669 uitam
345 4622 504 4681 aeternam,
536 4631 586 4667 cur
614 4631 669 4667 noa
688 4613 868 4680 satisfaceret
892 4630 949 4682 pro
975 4636 1027 4671 nos
1052 4635 1108 4688 per
1139 4619 1231 4687 ipsum
1260 4619 1321 4672 sine
1344 4619 1422 4673 bonis
1448 4618 1556 4672 meritis
1583 4636 1812 4688 coisseqsmremur

112 4721 207 4774 poena
235 4702 400 4772 temporali,
427 4702 505 4770 quod
532 4708 573 4755 est
592 4702 691 4757 minus.
729 4700 783 4756 Sed
804 4706 949 4771 unamque
977 4704 1128 4757 indebitam
1157 4703 1288 4773 praciam.
1337 4703 1367 4758 Si
1396 4720 1453 4758 una
1477 4710 1585 4758 tantum
1617 4711 1659 4760 est
1688 4706 1811 4761 actualis

115 4788 283 4860 hypothesin
300 4805 361 4844 esse
382 4786 481 4841 falsam
506 4791 536 4840 et
553 4785 647 4842 fictam
677 4785 707 4840 in
729 4790 810 4843 tract
830 4786 865 4841 de
882 4800 948 4857 poe·
974 4789 1135 4858 satbscctio
1154 4791 1305 4860 eademque
1323 4796 1364 4843 est
1381 4797 1486 4858 noema,
1504 4795 1535 4843 nt
1552 4789 1605 4845 hoc
1623 4790 1685 4846 loco
1704 4791 1811 4846 Bellar-

115 4875 231 4931 nitentia
249 4880 277 4930 et
305 4874 385 4929 bonis
405 4872 536 4944 operibus
563 4873 619 4928 late
645 4872 862 4928 demonstratum
887 4872 948 4928 fuit.
975 4876 1065 4930 minus
1085 4876 1222 4947 disputat,
1250 4891 1316 4946 ergo
1335 4874 1437 4931 Christi
1457 4874 1627 4942 satisfactio,
1646 4892 1730 4948 quarn
1749 4875 1809 4932 sine

117 4961 262 5015 Secundus
288 4963 388 5016 modus
409 4960 519 5032 (inquit)
544 4967 585 5013 est
613 4976 723 5029 eorum,
752 4960 802 5028 qui
817 4967 949 5029 strarant,
974 4962 1054 5017 nobis
1072 4969 1101 5017 et
1121 4968 1198 5016 extra
1215 4979 1265 5016 nos
1290 4961 1318 5015 in
1343 4977 1392 5015 ara
1409 4960 1499 5015 crucis
1519 4961 1673 5032 praestitit,
1697 4965 1809 5016 nonest

115 5049 191 5116 quod
209 5047 265 5101 sint
282 5049 357 5101 duae
374 5046 600 5113 satisfactiones,
627 5063 685 5100 uua
705 5046 823 5113 Christi,
855 5047 948 5100 altera
974 5049 1073 5120 plenae
1091 5054 1120 5103 st
1140 5048 1279 5119 perfectae
1302 5047 1499 5103 satisfactionis
1523 5048 1634 5103 nomine
1659 5048 1806 5103 censenda.

114 5141 225 5199 namra,
253 5136 306 5187 sed
331 5152 452 5204 quarum
469 5151 527 5186 una
545 5134 670 5201 pendeat
693 5133 729 5186 ab
752 5133 853 5186 altera
893 5105 1085 5200 HielQuanta
1104 5151 1166 5188 cunr
1185 5134 1356 5189 absurditate
1375 5136 1567 5205 conjunctum,
1588 5133 1663 5204 quod
1682 5138 1804 5188 nostram
1822 5155 1886 5201 xm
1902 5157 1948 5202 m,

114 5219 212 5275 modus
230 5219 399 5276 Bellarmino
416 5239 472 5275 non
495 5217 604 5273 videtur
630 5219 834 5287 improbabilis.
872 5220 948 5274 Nom
974 5220 1190 5276 satisfactionem
1217 5219 1285 5273 dicit
1309 5236 1370 5274 esse
1393 5219 1481 5291 ipsius
1511 5218 1614 5273 Christi
1639 5218 1804 5274 safisfactio-

114 5308 226 5362 etiamsi
241 5325 299 5361 una
317 5309 471 5377 sufficeret,
489 5314 590 5375 tamen,
610 5306 651 5358 cd
665 5306 801 5374 majorem
815 5307 874 5360 Dei
889 5306 949 5376 plo·
974 5323 1052 5370 nem,
1079 5305 1153 5377 quod
1174 5303 1275 5358 Christi
1304 5311 1332 5359 et
1349 5313 1471 5360 nostram
1490 5305 1709 5360 satisfactionem
1726 5311 1810 5361 vocat

114 5394 201 5458 mam,
231 5394 279 5449 cui
308 5394 423 5457 amarit,
452 5401 478 5449 et
502 5392 638 5459 maiorem
670 5392 802 5445 honorem
828 5393 948 5447 hominis
975 5408 1072 5462 anam,
1095 5390 1170 5463 qued
1198 5391 1415 5461 perfectissimae
1440 5391 1620 5447 satisfactioni
1640 5390 1741 5447 Christi
1761 5409 1809 5447 no·

112 5480 318 5545 satisfacientis
340 5478 451 5548 placuit
478 5479 591 5534 Christo
625 5478 795 5548 conjunpere
824 5485 948 5533 nostram
974 5483 1060 5533 stram
1075 5477 1291 5533 satisfactionem
1309 5478 1493 5533 subordinat?
1522 5478 1560 5532 Et
1577 5483 1712 5548 quantum
1730 5478 1810 5535 abest

113 5566 339 5632 subtractionem
355 5580 438 5632 suas,
457 5583 511 5636 quo
530 5565 614 5620 modo
631 5581 689 5618 una
705 5570 784 5632 putta
801 5564 948 5632 sanpuim'e
973 5564 1044 5622 haee
1063 5563 1179 5621 arsenio
1197 5562 1357 5619 Bellarmini
1382 5562 1591 5635 ablasphemia
1610 5563 1715 5620 Ruardi
1734 5565 1809 5637 Tap-
