4104 6014
878 279 931 335 DE
948 280 1088 339 MORTE
1772 286 1830 351 157

128 435 202 490 teis
221 436 293 490 oulu
308 434 477 509 Hispaniae,
495 453 584 505 neque
598 437 628 490 iu
644 437 713 490 uulu
728 437 881 506 stancius,
902 434 968 505 quia
996 442 1076 504 paret
1107 453 1171 492 cum
1200 436 1371 509 gravissimis
1401 436 1526 501 delictis,
1564 453 1629 493 eum
1657 437 1832 510 blasphemia

128 521 416 594 quosrexHispaniae
428 539 484 577 non
496 523 616 577 absolvit
625 522 654 577 in
666 523 897 593 aulsHispaniae,
905 523 966 577 illos
994 520 1103 577 seilicet
1132 523 1161 577 in
1184 524 1302 593 Filium,
1335 539 1419 596 quam
1451 528 1561 579 constat
1596 540 1657 579 esse
1685 530 1832 595 peccatum

127 607 212 672 ctiam
225 625 282 664 non
294 606 416 663 absolvit
430 608 459 662 in
470 608 534 662 aula
544 608 688 672 Francius,
701 625 763 663 eum
777 609 805 661 in
820 625 853 662 ea
862 608 967 662 nullam
994 607 1123 671 mortale,
1145 610 1227 680 cujus
1251 608 1330 664 nulla
1358 610 1387 663 in
1405 609 1500 664 futuro
1519 609 1613 665 seeulo
1631 608 1771 680 speranda
1788 614 1832 666 est

127 693 254 750 obtineat
262 692 495 765 jurisdictionem.
524 693 570 749 Sic
584 700 659 750 recte
674 694 742 748 dicit
756 693 889 760 Christum,
903 710 965 764 pec·
993 693 1124 751 remissio.
1172 695 1283 765 Excipit
1302 695 1497 764 Bellarminus,
1522 695 1664 751 Christum
1691 695 1771 765 loqui
1794 698 1831 750 de

11 790 19 801 '
127 784 221 833 catum
239 779 268 834 in
281 779 414 851 Spiritum
428 786 621 836 sanctumnou
639 779 741 834 remitti
754 796 845 849 neque
856 779 885 833 in
905 778 965 846 boe,
990 780 1123 848 perfectu
1141 782 1312 851 remissione,
1332 798 1404 850 quae
1424 781 1621 852 complectitur
1639 782 1831 837 remissionem

127 865 266 936 usquein
283 865 378 921 futuro
395 864 498 932 seculo,
517 865 584 935 quia
597 865 669 936 quod
683 865 760 920 Deus
780 882 836 919 non
848 862 966 919 remittit
992 864 1093 933 mslpue
1111 873 1138 919 et
1154 883 1270 934 poenae,
1290 884 1344 936 quo
1363 869 1447 922 modo
1460 875 1583 937 peccatu
1598 867 1770 937 pravissimo
1787 885 1831 922 re·

127 948 158 1004 in
177 950 228 1006 boe
240 950 342 1018 seculo,
363 950 432 1005 illud
451 950 535 1004 etiem
547 968 602 1005 non
614 951 729 1005 remittit
740 951 769 1005 in
786 951 888 1010 futuro.
901 967 964 1005 cum
992 950 1140 1005 mittuntur
1164 953 1250 1005 etium
1273 953 1303 1005 irs
1322 953 1382 1008 ulio
1399 953 1508 1022 seculo,
1533 954 1602 1023 quio
1619 953 1660 1007 ibi
1677 953 1832 1022 completur

128 1035 254 1091 laturum
263 1035 388 1091 seculum
400 1037 534 1091 ecclcsiae
543 1036 730 1107 jurisdictioni
743 1042 771 1091 ct
782 1036 908 1092 claribus
921 1052 966 1091 ec·
993 1053 1090 1091 eorum
1108 1039 1243 1092 remissio.
1281 1039 1506 1109 Respondemus:
1536 1038 1622 1093 Aliud
1643 1045 1686 1094 est
1705 1038 1830 1095 remissio

130 1120 303 1188 desiuticis,
313 1138 365 1193 per
377 1139 447 1192 quas
460 1120 537 1176 Deus
549 1122 610 1175 rult
620 1126 736 1192 peecata
750 1121 898 1188 remittere,
910 1138 966 1175 non
993 1122 1101 1192 culpae,
1120 1121 1197 1176 aliud
1216 1122 1349 1180 relaxatio
1368 1140 1483 1194 poenae.
1515 1123 1557 1178 Ex
1571 1123 1718 1195 hypothesi
1732 1123 1829 1181 Ponet·

129 1207 167 1262 sit
182 1207 347 1278 subjeetum.
383 1207 474 1273 Adde,
494 1207 568 1277 quod
588 1207 625 1260 sit
640 1207 669 1260 in
687 1206 772 1262 allata
784 1207 965 1261 similitudine
992 1205 1117 1263 liciorum
1147 1224 1202 1262 non
1231 1208 1404 1278 mortalium,
1434 1210 1483 1264 sed
1516 1209 1666 1265 venialium
1695 1211 1830 1266 duntaxat

129 1292 249 1347 maxims
287 1292 443 1364 disparitas.
501 1293 565 1348 Non
593 1293 666 1348 enim
692 1293 835 1363 Hispanus
866 1299 965 1364 regnat
993 1299 1169 1363 peccatorum
1177 1293 1300 1348 remissio
1309 1294 1339 1348 in
1349 1294 1442 1349 futuro
1456 1296 1549 1351 seculo
1559 1296 1707 1366 speranda.
1737 1294 1829 1352 Bona·

129 1377 158 1431 in
183 1384 302 1450 utroquo
318 1379 384 1433 aula
401 1378 555 1450 Hispaniae
585 1386 614 1433 et
634 1378 757 1446 Galliac,
790 1378 863 1433 sicut
888 1377 966 1432 Deus
992 1385 1105 1434 rentum
1118 1385 1189 1450 part.
1209 1385 1233 1435 2.
1245 1380 1375 1451 eentiloq.
1393 1397 1418 1435 ο.
1432 1386 1461 1436 3:
1485 1382 1633 1435 Triusurtt
1649 1381 1829 1452 receptaculo

129 1469 228 1534 regnat
248 1464 278 1518 in
302 1471 420 1536 utroque
443 1465 551 1533 seculo,
582 1469 610 1519 et
630 1465 704 1536 quod
738 1465 767 1518 in
786 1464 838 1519 hoc
870 1463 964 1518 seculo
991 1466 1230 1534 posthancoitum
1243 1466 1562 1535 adpeeeatolomiuum
1571 1467 1721 1538 punienda
1734 1482 1829 1520 semu·

129 1550 258 1614 remittit,
286 1549 315 1603 in
331 1552 426 1606 futuro
443 1550 587 1604 remissum
606 1566 667 1605 esse
688 1550 848 1606 declarabit.
887 1549 963 1604 5.1n
993 1553 1059 1605 dum
1077 1551 1180 1620 triplee
1197 1568 1284 1620 penus
1303 1552 1424 1622 peceati.
1460 1553 1516 1606 Est
1537 1553 1611 1606 euim
1626 1553 1704 1607 loeus
1719 1568 1828 1624 purgu-

131 1636 222 1691 vcrbis
244 1635 330 1691 Pilati
356 1653 412 1691 non
438 1654 471 1691 cx
498 1637 646 1707 negatione
671 1635 820 1691 affirmatio
840 1634 965 1701 infertur,
993 1637 1092 1703 torius,
1110 1644 1137 1691 et
1154 1637 1200 1691 lrie
1217 1638 1334 1691 debetur
1347 1637 1598 1707 peoeutouem'uli,·
1618 1646 1658 1691 cet
1675 1637 1784 1700 limbus,
1804 1644 1830 1692 et

132 1723 179 1777 scd
205 1739 239 1777 ex
268 1721 403 1778 relatione
431 1728 460 1776 et
485 1721 643 1792 conjugatis
668 1721 853 1778 concluditur.
896 1720 966 1775 Cum
992 1722 1039 1775 liic
1055 1722 1170 1776 deletur
1188 1722 1326 1789 originali
1331 1742 1343 1790 ,·
1371 1730 1412 1776 eet
1433 1724 1578 1791 infernus,
1605 1722 1697 1776 ethic
1715 1724 1831 1778 dmum

131 1807 202 1863 enim
222 1807 349 1863 Christus
367 1824 485 1879 regnum
502 1807 555 1861 sibi
573 1806 722 1872 tribueret,
749 1806 858 1861 Pilatus
878 1823 911 1861 ex
931 1822 964 1861 eo
993 1807 1114 1862 mortali.
1140 1806 1192 1862 Oui
1211 1807 1379 1863 contradicit
1398 1807 1593 1875 Bellarminus,
1613 1807 1725 1878 quando
1745 1809 1832 1862 etium

131 1899 204 1948 recte
232 1892 341 1962 intulit,
375 1893 466 1962 ipsum
496 1907 592 1964 regem
619 1908 695 1960 esse,
735 1892 862 1962 quisquis
891 1892 964 1946 euim
993 1893 1155 1946 mortalium
1190 1901 1370 1961 peccatorum
1393 1892 1596 1948 'remissionem
1628 1910 1662 1948 cx
1693 1899 1775 1965 parte
1803 1900 1833 1950 at

130 1995 247 2050 regnum
275 1977 373 2043 habet,
404 1977 453 2033 illc
483 1995 532 2032 rex
561 1984 610 2032 est.
668 1983 691 2035 6.
718 1977 830 2048 Optima
859 1977 966 2031 ratione
992 1977 1098 2032 ratione
1125 1977 1318 2048 complementi
1350 1977 1379 2031 in
1415 1975 1510 2032 futuro
1539 1978 1633 2032 seculo
1664 1979 1831 2049 sperandam

131 2064 256 2119 Christus
275 2064 366 2118 dicere
384 2064 528 2134 potuisset,
547 2069 692 2133 peccatum
707 2063 735 2116 in
750 2062 883 2133 Spiritum
903 2078 965 2116 san·
994 2079 1054 2119 esse
1073 2061 1203 2119 hocloco
1221 2062 1328 2117 asserit.
1365 2063 1562 2134 Recognoscat
1575 2062 1762 2119 Bellarminus
1780 2082 1832 2120 sua

133 2155 206 2203 ctum
225 2165 318 2221 neque
336 2149 364 2203 in
383 2148 436 2202 hec
449 2149 515 2216 rita,
533 2165 624 2218 neque
644 2148 672 2201 in
690 2147 797 2202 inferno
814 2147 965 2202 remittiad
993 2145 1080 2203 verba
1099 2147 1147 2202 lib.
1180 2153 1201 2204 t.
1227 2146 1263 2201 de
1287 2164 1368 2219 purg.
1393 2164 1452 2219 cap.
1474 2153 1512 2203 13.
1538 2165 1610 2218 resp.
1635 2148 1672 2203 ad
1691 2156 1721 2204 2:
1741 2152 1830 2205 Nemo

131 2234 360 2307 significandum,
380 2242 555 2305 pcccatorum
575 2251 682 2296 corum,
702 2234 821 2305 quaein
839 2233 967 2288 haovita
996 2234 1205 2289 Catholicorum
1231 2236 1327 2302 docet,
1350 2234 1449 2302 culpus
1468 2233 1568 2288 letales
1592 2236 1696 2288 remitti
1713 2237 1744 2289 in
1760 2253 1831 2305 pur·

131 2337 186 2374 nou
217 2319 407 2388 remittuntur,
448 2319 636 2375 remissionem
666 2319 695 2374 in
724 2319 832 2374 inferno
862 2319 966 2396 frustra
992 2320 1113 2386 potorio.
1132 2318 1178 2374 lib.
1200 2325 1223 2375 2.
1242 2319 1278 2374 de
1295 2336 1378 2390 purg.
1402 2334 1464 2390 cap.
1489 2324 1518 2374 1:
1543 2320 1747 2389 Purgatus-ium
1771 2338 1829 2392 pro

130 2406 245 2476 sperari.
275 2406 409 2472 Quamvis
429 2406 502 2460 enim
521 2404 646 2459 infernus
664 2406 701 2458 sit
713 2406 799 2472 locus,
818 2406 862 2461 vel
875 2406 965 2475 potius
992 2404 1028 2458 iis
1045 2412 1154 2458 tontum
1168 2412 1218 2472 est,
1236 2405 1367 2474 quicum
1384 2404 1541 2458 venialibus
1553 2405 1646 2474 csslpis
1662 2406 1830 2472 moriuntur,

130 2499 237 2546 eertum
265 2491 340 2560 πού,
374 2491 402 2545 in
428 2508 483 2562 quo
511 2491 634 2545 damnati
663 2497 839 2562 torquentur,
872 2496 965 2545 tamen
993 2498 1018 2545 et
1036 2491 1086 2559 qui
1102 2492 1240 2544 &cedunt
1263 2507 1326 2542 cum
1351 2496 1433 2543 reatu
1458 2506 1567 2559 poenae
1595 2491 1689 2561 culpis
1700 2492 1766 2562 jum
1786 2507 1830 2547 re·

129 2578 270 2649 praesenti
287 2579 389 2641 seculo,
409 2577 485 2648 quod
505 2594 589 2647 super
607 2584 708 2631 terram
725 2576 869 2648 exigimur,
890 2581 965 2631 recte
992 2576 1092 2630 misss‘s.
1128 2581 1151 2630 2.
1165 2573 1303 2629 Graviora
1319 2580 1437 2645 peecata
1451 2576 1555 2630 remitti
1569 2576 1599 2631 in
1615 2576 1711 2632 tutum
1728 2576 1831 2646 seculo,

130 2663 292 2734 opponitur,
319 2664 424 2735 quippe
448 2680 511 2716 cum
536 2662 618 2717 etiam
643 2662 835 2717 damnatorum
860 2668 964 2717 statum
992 2661 1021 2716 in
1053 2661 1105 2717 hoe
1128 2666 1222 2716 autem
1247 2660 1307 2715 sola
1329 2660 1449 2725 leviora,
1479 2661 1502 2716 si
1536 2662 1632 2733 aliqua
1661 2663 1701 2719 ibi
1728 2662 1831 2719 remitti

130 2750 214 2819 hujus
232 2750 307 2804 sitae
327 2749 412 2804 statui
433 2748 591 2819 oppositum
609 2748 730 2806 denotet.
992 2749 1089 2814 vellet,
1117 2747 1222 2817 alioqui
1248 2764 1304 2802 non
1331 2747 1444 2803 diceret.
1489 2747 1589 2819 Neque
1612 2749 1643 2804 in
1661 2748 1714 2806 hoc
1731 2750 1831 2818 seculo,

164 2843 222 2893 247.
258 2842 283 2893 3.
302 2834 443 2906 Dogmata
467 2835 531 2889 fidei
555 2834 592 2888 ad
612 2834 729 2889 salutem
748 2833 875 2889 omnibus
893 2833 966 2888 scitu
993 2851 1083 2904 neque
1099 2834 1128 2887 in
1146 2834 1249 2901 tuturo,
1266 2833 1346 2888 sede
1366 2833 1504 2889 contrario
1522 2833 1645 2905 dixisset,
1664 2852 1719 2891 nou
1740 2836 1830 2891 dimit·

130 2924 288 2978 neucesaria
313 2937 368 2976 non
396 2922 501 2976 debent
528 2921 579 2974 niti
601 2921 741 2984 obscuris,
763 2920 845 2991 longe
870 2919 965 2990 petitis
992 2928 1065 2975 tetur
1094 2936 1185 2992 neque
1214 2920 1244 2974 iu
1265 2918 1374 2989 futuro,
1403 2934 1495 2990 neque
1523 2920 1552 2974 iu
1580 2920 1633 2975 hoc
1660 2922 1768 2991 seculo,
1797 2928 1830 2977 ut

131 3025 165 3062 ac
186 3007 299 3061 infirmis
318 3007 537 3076 consequentiis,
561 3007 612 3060 sed
636 3007 741 3076 apertis
758 3022 792 3059 ae
813 3005 965 3077 perspicuis
993 3007 1081 3061 oratic
1109 3013 1251 3062 cresceret
1306 3005 1419 3077 Excipit
1451 3007 1637 3062 Bellarminus
1674 3008 1829 3062 orationem

130 3094 291 3163 scripturae
318 3093 409 3147 dictis.
455 3093 519 3148 lam
549 3107 613 3146 vcro
636 3091 664 3146 in
694 3092 746 3146 hoe
765 3091 867 3146 curisti
890 3091 965 3146 dicto
992 3108 1123 3162 erescere,
1144 3092 1212 3161 quio
1231 3092 1262 3145 iu
1277 3095 1378 3160 futuro
1391 3093 1487 3162 mojue
1502 3093 1624 3162 sputisem
1642 3099 1683 3145 est
1698 3092 1831 3146 dilueuols'

130 3180 235 3234 nullum
265 3179 301 3233 de
331 3179 494 3250 purgatorio
518 3185 608 3233 exstat
633 3179 762 3246 verbum,
791 3194 843 3232 nec
874 3183 967 3247 potest
990 3185 1108 3247 peccatu
1128 3195 1212 3247 qssum
1229 3178 1283 3246 hie,
1303 3184 1330 3231 et
1344 3185 1497 3247 praeterea
1512 3177 1702 3248 praeponitur
1719 3179 1772 3232 lue
1788 3196 1829 3233 se·

129 3266 182 3320 nisi
200 3281 250 3336 per
268 3266 430 3334 obscuram,
457 3264 541 3335 longe
567 3265 683 3334 petitam
701 3271 730 3319 et
746 3261 883 3317 infirmam
901 3280 965 3318 con·
992 3264 1101 3329 culum,
1127 3264 1197 3334 quio
1222 3263 1267 3317 hic
1290 3263 1455 3333 inchoatur,
1474 3264 1515 3318 ibi
1532 3262 1681 3334 perficitur
1700 3262 1828 3317 remissio

131 3351 302 3421 sequentiam
327 3351 535 3407 dialecticorum
563 3349 668 3420 regulis
691 3350 782 3404 minus
813 3366 964 3421 congruam
992 3350 1169 3404 delicturum.
1217 3348 1443 3418 Respondemus:
1480 3348 1628 3419 utrobique
1661 3349 1828 3421 principium

131 3455 164 3491 cx
183 3437 244 3507 ipso
262 3438 298 3491 ad
320 3438 439 3506 speciem
457 3436 578 3507 probari.
612 3436 722 3490 Etenim
742 3435 766 3489 si
784 3436 829 3490 vel
847 3436 964 3490 maxime
992 3435 1104 3507 petitur,
1123 3434 1189 3505 quia
1206 3435 1235 3489 iu
1253 3435 1348 3490 futuro
1368 3434 1461 3490 seculo
1478 3435 1586 3490 nullum
1604 3435 1724 3506 amplius
1742 3440 1829 3491 restat

131 3523 357 3585 concederemus,
381 3539 414 3577 cx
441 3522 517 3577 dicto
535 3520 638 3576 Christi
656 3521 750 3575 inferri
770 3535 865 3591 posse,
890 3522 965 3592 quod
991 3522 1114 3593 spatium
1134 3520 1258 3576 diluendi
1286 3527 1417 3591 peccata,
1440 3527 1472 3575 ut
1497 3537 1530 3575 ex
1548 3520 1709 3592 Scripturas
1733 3527 1762 3576 ct
1780 3537 1829 3593 pa·

131 3609 269 3680 quaedam
288 3613 402 3679 peccata
420 3610 448 3662 in
467 3608 559 3663 futuro
580 3607 673 3662 seculo
691 3607 881 3676 remittantur,
899 3622 966 3661 nou·
993 3616 1065 3662 trum
1086 3606 1168 3662 dictis
1195 3606 1321 3677 superius
1349 3605 1404 3663 fuit
1430 3606 1662 3672 demonstratum,
1694 3606 1829 3679 usquein

131 3695 197 3748 dum
215 3701 307 3749 tamen
324 3695 418 3748 statim
432 3710 579 3748 accensum
592 3700 665 3748 essct
680 3694 880 3762 purgatorium,
900 3693 966 3762 quia
992 3694 1044 3748 hoc
1061 3692 1154 3748 seculo
1174 3693 1310 3746 duntaxat
1328 3691 1490 3759 inchoatur,
1520 3692 1569 3747 scd
1588 3692 1671 3749 etiam
1688 3692 1830 3764 perficitur

132 3780 266 3851 Origenes
283 3787 312 3834 et
329 3779 377 3834 alii
401 3782 546 3843 instauro
564 3780 660 3833 sendo
678 3785 855 3849 pcccatorum
873 3779 966 3834 remis·
992 3780 1117 3835 remissio
1147 3784 1338 3848 peccatorum,
1378 3778 1453 3849 quod
1483 3777 1579 3835 itidem
1611 3778 1740 3851 superius
1775 3778 1830 3835 fuit

10 3894 56 3936 m,
69 3890 116 3933 m,
130 3866 234 3920 sionem
255 3870 392 3932 statuunt,
412 3882 502 3936 neque
521 3872 613 3920 tamen
633 3882 683 3934 per
700 3864 792 3918 omnia
810 3882 873 3918 cum
893 3863 966 3918 Pon·
992 3864 1211 3937 comprobatum.
1253 3869 1277 3919 3.
1298 3863 1341 3918 Ea
1364 3880 1436 3935 quae
1461 3865 1496 3920 de
1513 3865 1673 3921 remissione
1694 3865 1830 3936 culpaea

130 3950 278 4006 titiciorum
292 3951 419 4005 doctrina
435 3951 471 4005 dc
488 3949 845 4021 purgatorioconscntiunt.
884 3949 967 4004 Prae·
994 3951 1102 4007 Christo
1122 3950 1261 4017 dicuntur,
1279 3950 1316 4004 ad
1336 3949 1527 4006 remissionem
1557 3965 1663 4021 poenae
1691 3949 1850 4021 applicari,

129 4042 206 4091 terea
226 4035 365 4091 Pontificii
383 4036 555 4098 existimant,
580 4035 608 4088 in
626 4034 786 4106 purgatorio
804 4050 858 4089 non
877 4035 966 4089 solum
993 4053 1089 4109 posse,
1110 4053 1173 4091 cum
1196 4041 1290 4090 tamen
1309 4036 1393 4106 culpa
1418 4040 1447 4090 et
1462 4051 1553 4106 poena
1571 4052 1604 4090 cx
1621 4034 1828 4090 Pontificiorum

130 4122 227 4193 culpas
246 4121 367 4177 veniales
385 4121 495 4189 remitti,
515 4121 564 4176 sed
579 4119 780 4190 etiampoenas
799 4120 965 4191 temporales
993 4121 1143 4194 hypothesi
1165 4122 1223 4176 sint
1240 4121 1386 4189 distinctu,
1420 4137 1452 4175 sc
1478 4137 1529 4191 per
1554 4135 1726 4192 consequens
1745 4120 1829 4176 ctiam

131 4224 182 4279 pro
199 4207 323 4279 peccatis
343 4206 505 4261 mortalibus
524 4206 651 4277 persolvi.
692 4206 767 4274 Ergo
785 4224 841 4261 non
859 4205 965 4260 suflicit
992 4209 1117 4264 remissio
1135 4209 1235 4279 culpae
1253 4225 1287 4262 ac
1303 4207 1429 4262 remissio
1445 4223 1560 4277 poenae.
1596 4206 1707 4277 Excipit
1723 4206 1828 4262 Bellar-

131 4309 164 4348 ex
193 4294 268 4349 dicto
298 4290 399 4347 Christi
431 4293 591 4361 ostendere,
626 4291 763 4362 quaedam
793 4298 908 4361 peccata
937 4292 966 4346 in
993 4295 1097 4364 minus,
1129 4293 1158 4348 irs
1171 4293 1344 4367 purgatorio
1367 4293 1473 4346 remitti
1495 4291 1580 4345 mum
1607 4291 1706 4361 usipus
1728 4294 1830 4347 saltem

130 4380 223 4436 tuturo
242 4381 337 4436 seculo
355 4379 472 4441 remitti,
493 4378 546 4432 nisi
565 4378 651 4433 etiam
669 4378 882 4445 demonstretur,
902 4394 965 4448 poe·
992 4381 1122 4434 veniales.
1162 4380 1202 4434 At
1223 4378 1349 4434 Christus
1375 4377 1422 4432 bic
1447 4392 1503 4432 non
1518 4376 1558 4432 de
1584 4376 1753 4442 venialibus,
1778 4379 1828 4434 sed

130 4481 180 4520 nas
205 4465 373 4537 temporales
408 4481 459 4533 pro
490 4463 614 4535 peccatis
642 4470 706 4535 post
736 4471 850 4517 mortem
884 4479 965 4533 posse
993 4467 1029 4521 de
1045 4464 1209 4521 mortalibus
1233 4471 1262 4520 ct
1285 4463 1456 4536 gravissimis
1473 4462 1610 4534 peccatis,
1637 4479 1699 4517 eum
1726 4464 1828 4537 quibus

129 4550 241 4608 exsolvi.
276 4551 381 4618 Quodsi
397 4550 529 4621 igiturex
550 4566 591 4619 eo,
609 4548 684 4620 quod
702 4547 828 4603 Christus
846 4565 964 4620 exagge-
992 4555 1137 4622 peccatum
1167 4551 1196 4604 in
1223 4551 1355 4620 Spiritum
1388 4553 1517 4603 sanetum
1540 4555 1674 4620 tanquam
1698 4550 1828 4621 gravissi·

130 4637 242 4692 rationis
274 4654 360 4692 causa
389 4637 424 4690 de
454 4643 569 4706 peccato
599 4636 629 4690 in
654 4635 784 4704 Spiritum
811 4652 833 4691 s.
857 4635 964 4704 asserit,
992 4654 1067 4690 mum
1098 4642 1127 4691 ct
1160 4653 1274 4708 prorsus
1303 4634 1491 4690 irremissibile
1528 4638 1680 4705 comparat.
1737 4635 1829 4692 Aliter

129 4724 199 4778 illud
211 4742 262 4779 nec
280 4725 309 4778 in
327 4722 388 4788 boe,
407 4738 458 4776 nee
473 4722 502 4776 iu
519 4722 614 4777 futuro
628 4722 722 4777 seculo
735 4721 846 4782 remitti.
862 4720 963 4775 inferre
991 4723 1077 4794 igitur
1095 4721 1199 4791 excipit
1215 4720 1416 4788 Bellarminus,
1448 4718 1590 4776 Christum
1609 4721 1655 4774 lic
1672 4739 1729 4776 uos
1748 4722 1829 4791 loqui

129 4810 207 4878 licet,
239 4810 375 4882 quaedam
397 4815 513 4879 peccata
543 4809 571 4862 iu
602 4808 696 4863 futuro
728 4809 821 4862 seculo
853 4807 964 4876 remitti,
992 4807 1109 4863 desolo
1128 4807 1223 4877 crslpu,
1240 4808 1293 4860 sed
1311 4822 1421 4860 ameum
1435 4805 1509 4859 dicti
1520 4821 1579 4862 esee
1596 4824 1666 4874 eum,
1679 4815 1827 4876 peceatum

130 4911 300 4966 consequens
321 4893 414 4957 fuerit,
437 4898 458 4947 l.
476 4893 528 4946 soli
545 4898 661 4962 peccato
679 4893 708 4947 in
725 4893 858 4963 Spiritum
878 4894 964 4948 ahoe
992 4897 1021 4948 in
1042 4893 1182 4965 Spiritum
1214 4898 1341 4946 rosetum
1369 4908 1426 4946 nors
1451 4892 1619 4962 remittitur,
1648 4908 1698 4946 nso
1720 4893 1750 4944 in
1775 4892 1827 4945 loo

130 4981 289 5046 convenire,
311 4979 385 5051 quod
406 4994 457 5034 nee
477 4978 677 5047 inpraesenti,
697 4978 963 5034 reciniuturose
992 4979 1094 5043 seculo,
1112 4994 1163 5032 see
1183 4977 1213 5030 irs
1232 4978 1349 5045 fidere,
1367 4992 1455 5047 neque
1475 4987 1611 5048 quantum
1639 4979 1681 5031 ud
1706 4977 1827 5049 culpam,

130 5065 193 5120 culo
210 5065 378 5131 remittatur,
397 5063 505 5135 reliqua
522 5076 589 5118 vero
607 5071 724 5132 peccata
742 5065 834 5119 omnia
852 5069 964 5135 praeter
989 5081 1078 5135 ucqsse
1097 5071 1231 5134 quantum
1253 5065 1294 5116 ad
1309 5078 1446 5133 poenum,
1476 5081 1538 5117 cum
1566 5062 1629 5118 ulio
1641 5069 1763 5132 percute
1781 5063 1827 5117 uel

129 5151 199 5205 illud
223 5153 251 5205 in
275 5151 411 5222 Spiritum
429 5169 450 5205 s.
477 5149 506 5204 in
534 5148 629 5203 tuturo
654 5147 748 5203 seculo
773 5149 885 5205 remitti.
924 5150 965 5204 At
989 5152 1019 5204 in
1041 5152 1094 5205 loe
1114 5148 1208 5203 sccsslo
1235 5147 1461 5203 remittuntur¹et
1479 5149 1539 5203 ulio
1562 5149 1705 5202 interdum
1730 5148 1841 5218 ᾳιιοοάι

128 5237 180 5292 boe
202 5252 373 5309 consequens
401 5242 541 5308 repugnat
557 5235 738 5304 ipsorummet
755 5235 962 5291 Pontificiorum
985 5252 1122 5307 poenam,
1143 5241 1175 5288 ut
1191 5234 1342 5298 mortaliu5
1364 5233 1410 5288 sel
1434 5241 1460 5288 et
1478 5234 1524 5288 lic
1552 5241 1578 5287 ct
1597 5233 1639 5287 ili
1655 5235 1751 5303 quood
1767 5233 1825 5288 oul-

127 5324 283 5396 hypothesi.
316 5324 450 5380 Statuunt
468 5321 549 5390 enim,
569 5319 718 5375 venialium
736 5320 887 5389 duntaxat,
906 5339 962 5377 non
985 5340 1056 5395 pum
1076 5328 1103 5376 et
1119 5321 1216 5391 quood
1228 5336 1364 5390 poenum,
1381 5326 1413 5374 ut
1430 5319 1562 5376 consutio.
1601 5319 1825 5390 Respondemus:

127 5418 220 5467 autem
245 5409 402 5464 mortalium
421 5415 597 5480 pcccatorum
614 5405 802 5462 remissionem
819 5406 962 5464 intutum
988 5408 1133 5480 Scriptura
1160 5405 1272 5461 unicam
1299 5408 1408 5461 tantum
1433 5405 1512 5462 norit
1536 5410 1712 5476 pcccatorum
1731 5406 1825 5462 remis-

127 5495 220 5553 seeulo
237 5496 408 5568 contingere.
441 5494 584 5550 connexio
602 5492 714 5563 majoris
734 5491 853 5547 stabiliri
868 5500 962 5564 posset
988 5495 1108 5563 sionem,
1127 5507 1199 5565 quae
1216 5490 1250 5546 fit
1266 5491 1296 5546 in
1313 5491 1367 5546 boc
1383 5492 1493 5559 seculo,
1519 5508 1576 5547 nou
1592 5496 1701 5546 tantum
1717 5490 1826 5547 ratione

127 5599 161 5638 cx
179 5599 220 5651 eo,
239 5582 313 5655 quod
330 5579 458 5637 Christus
475 5586 620 5651 peccatum
643 5579 672 5634 in
690 5576 825 5650 Spiritum
843 5596 865 5633 s.
885 5595 960 5635 com·
987 5582 1102 5653 culpae,
1130 5578 1287 5635 sedetiam
1319 5579 1427 5635 ratione
1451 5595 1574 5651 poenae,
1604 5577 1651 5634 cui
1680 5575 1824 5634 doctrinae
