4104 6014
831 326 882 384 nn
905 322 1046 384 nouus.
1238 304 1242 311 ’
1732 339 1790 396 oss

97 483 142 555 gis
166 486 341 543 commodum
365 488 408 545 sit.
440 488 558 559 'Cogite
582 502 638 542 non
658 503 728 559 que,
747 485 798 542 scd
815 501 870 557 quo
887 501 934 540 vo·
962 479 1083 538 dicinem
1100 483 1209 540 enimse
1230 483 1497 541 nostreesnnitetem
1508 492 1648 554 procuret·
1687 483 1791 549 Quodtl

96 570 185 639 ceris,
213 575 241 626 et
264 571 401 644 quidquid
422 573 524 629 doloris
545 578 630 644 utque
655 573 813 629 afflictionis
831 572 859 627 in
880 571 932 626 hoc
959 567 1030 624 torte
1063 571 1174 626 morbus
1205 570 1258 626 boc
1286 570 1396 626 nominc
1419 571 1577 640 contristet,
1606 572 1680 643 quod
1707 571 1797 627 solest

95 654 257 727 gymnesio,
296 658 324 712 in
351 675 407 730 quo
432 659 493 731 jem
519 660 619 729 sudes,
652 658 704 714 tibi
732 658 931 714 erentlendum
959 669 1018 709 esse
1037 655 1131 710 mortis
1151 656 1336 725 anteambulo,
1355 656 1438 725 noris,
1457 655 1560 712 Christi
1577 663 1665 713 morte
1679 662 1795 713 mortem
1878 679 1881 683 ·

95 741 296 813 patientissime
326 744 465 800 tolerabis.
499 744 571 818 Spes
603 745 719 817 preemii
749 745 855 801 minuet
884 743 932 799 do·
958 744 1080 795 nostrum
1098 742 1261 798 exstinctum
1278 748 1307 797 et
1325 743 1354 796 in
1370 760 1497 798 somnum
1513 743 1706 798 suavissimum
1718 760 1792 799 com·

95 827 180 884 iorem
197 827 310 901 flogelli.
345 829 519 887 christianus
536 849 574 900 es,
594 839 694 888 sortem
710 830 929 887 Christianorum
957 831 1106 894 mutorum,
1131 827 1154 882 si
1177 827 1279 882 dormit
1295 828 1434 897 Leserus,
1458 828 1556 884 dicunt
1573 828 1717 901 discipuli,
1735 846 1791 884 me·

93 931 131 970 ne
153 930 269 985 respue;
307 914 381 971 filius
405 916 457 971 Dei
485 934 530 986 es,
563 917 662 989 utique
686 935 753 990 ergo
784 922 813 973 et
836 916 929 985 heres3
957 911 1010 967 lius
1032 911 1154 969 hebebit
1191 913 1258 970 Veri
1275 913 1387 969 omnino
1404 914 1529 986 judices!
1560 913 1614 979 Qui
1634 915 1662 970 in
1683 914 1794 971 Christo

93 1000 230 1072 integrum
248 1000 429 1057 hereditatem
448 1003 557 1075 eccip03
579 1004 608 1059 in
625 1003 678 1059 hec
696 1005 754 1060 vite
770 1004 847 1058 Deus
865 1001 929 1057 liliis
956 996 1177 1070 obdormiscunt,
1204 999 1302 1055 melius
1329 999 1432 1055 hsbere
1463 1000 1614 1072 incipiunt,
1645 1018 1678 1057 ex
1711 1001 1795 1057 muns

92 1086 151 1142 suis
174 1087 327 1142 destinavit
353 1105 476 1153 crucem,
502 1089 531 1143 in
556 1090 651 1146 intere
669 1090 782 1147 tandem
801 1088 928 1145 coelestis
956 1083 1087 1140 fluetibus
1108 1084 1146 1140 ad
1164 1091 1261 1157 pertus
1280 1085 1519 1158 tranquillitatem,
1537 1104 1571 1142 ex
1589 1093 1727 1158 perpetue
1743 1088 1792 1143 mi·

91 1171 198 1245 glorirm
223 1172 328 1241 lucem;
361 1173 390 1229 in
414 1174 468 1230 hec
491 1175 549 1231 vite
571 1175 713 1232 distribuit
739 1176 793 1231 illis
813 1175 927 1231 culicem
955 1169 1016 1225 litis
1034 1171 1070 1225 nd
1092 1171 1227 1228 victoriae
1246 1188 1390 1238 coronam,
1418 1188 1453 1226 0¹
1479 1173 1562 1228 mlle
1586 1174 1737 1232 terroribm
1756 1174 1792 1230 td

93 1258 288 1329 tribuistionis,
313 1259 342 1315 in
359 1260 455 1315 future
474 1261 584 1316 demum
605 1262 703 1318 offeret
722 1261 837 1317 calicem
855 1262 927 1316 sulu-
954 1256 1066 1328 plenum
1083 1258 1262 1315 securitatem
1280 1257 1454 1330 perveniunt
1495 1258 1555 1316 Nec
1570 1259 1698 1316 sideetur
1714 1278 1793 1333 prse-

92 1344 161 1400 teris
186 1345 392 1401 consolationis.
427 1346 500 1402 Csro
526 1365 581 1402 non
604 1348 736 1420 intelligit
756 1349 845 1403 crucis
869 1366 927 1418 my·
953 1348 1079 1398 maturus
1100 1343 1163 1399 finis
1184 1345 1274 1411 vitec,
1297 1361 1369 1415 quse
1387 1343 1449 1402 Deo
1466 1347 1609 1404 mstnrnit.
1643 1347 1701 1403 Diu
1718 1348 1792 1405 enim

92 1430 216 1498 sterium,
247 1446 317 1486 cere
349 1449 431 1503 ergo,
460 1450 495 1488 ne
522 1433 613 1488 curuis
633 1433 770 1509 judicium
796 1433 928 1506 sequeris.
954 1429 1123 1505 peregrinati
1149 1448 1257 1503 sumus,
1287 1432 1400 1487 tendem
1421 1431 1594 1488 redeundum
1612 1439 1656 1489 est
1671 1433 1791 1490 domum.

92 1516 199 1588 Spiritu
217 1516 271 1573 Dei
297 1523 410 1573 renatus
429 1534 474 1588 ss,
502 1516 622 1589 Spiritus
641 1518 778 1593 judicium
803 1535 927 1597 sequere.
955 1514 1095 1583 emman
1115 1516 1226 1573 decedit
1244 1516 1310 1577 heio
1327 1516 1416 1587 vites,
1443 1533 1517 1588 quse
1536 1524 1579 1574 est
1597 1535 1670 1576 mors
1690 1519 1791 1589 vitulis,

93 1601 241 1667 Quodnam
266 1619 332 1658 vero
356 1603 445 1659 illud?
472 1603 548 1659 Audi
571 1603 705 1674 Spiritum
730 1605 759 1659 in
779 1602 929 1677 scripturis
954 1606 1063 1657 tentum
1086 1601 1194 1657 secedit
1215 1602 1270 1671 illi,
1295 1618 1368 1674 quse
1385 1607 1428 1658 est
1446 1602 1504 1658 vite
1519 1602 1687 1661 immundis.
1722 1605 1791 1669 Quis

92 1689 266 1760 loquentem:
289 1690 369 1751 Beeti
394 1689 442 1763 qui
463 1689 569 1765 lugent,
585 1690 716 1761 quonism
735 1689 789 1762 ipsi
806 1689 928 1751 console·
955 1687 1065 1744 dubitet
1084 1705 1193 1757 crucem
1215 1689 1289 1757 luce,
1317 1705 1402 1755 onere
1419 1689 1537 1759 honore,
1554 1688 1732 1757 efflictiousm
1748 1708 1790 1747 rc-

91 1773 196 1830 tionem
221 1774 368 1847 recipient.
404 1777 457 1831 Per
482 1776 585 1837 multus
609 1775 804 1843 tribuletioses
820 1782 930 1849 oportet
954 1774 1092 1841 creatione
1108 1775 1287 1847 permetere?
1310 1774 1382 1843 Quis
1397 1792 1452 1839 nos
1472 1774 1553 1831 uelit
1567 1774 1656 1837 victor
1673 1795 1792 1849 regnare

92 1877 144 1915 uos
166 1861 274 1933 ingredi
300 1862 329 1917 in
354 1879 471 1935 regnum
491 1864 644 1933 coelornm3
668 1862 767 1934 quodsi
784 1878 851 1934 ergo
868 1865 927 1935 plu·
954 1877 1017 1915 cum
1043 1860 1169 1931 Christo,
1196 1879 1280 1935 quem
1308 1861 1387 1917 miles
1414 1877 1539 1934 pugnsre
1568 1878 1632 1917 cum
1659 1861 1791 1922 diabolo?

91 1945 179 2002 rimus
198 1951 228 2002 te
248 1948 594 2017 exercenttribnletiones,
614 1947 715 2019 collige
732 1965 766 2003 ex
786 1965 834 2017 so,
854 1949 928 2021 quod
954 1945 1069 2002 Involre
1092 1951 1121 2002 te
1145 1948 1226 2003 morti
1251 1947 1363 2016 Christi,
1391 1947 1524 2019 ebsorpts
1552 1947 1606 2002 erit
1630 1965 1703 2004 mors
1727 1953 1791 2015 tus;
1847 1986 1850 1995 .

10 2051 78 2096 ‚m
91 2031 120 2086 in
139 2048 206 2088 vere
225 2033 261 2087 sd
279 2050 396 2105 regnum
416 2034 553 2089 coelorum
569 2033 615 2089 rie
634 2033 768 2088 smbules.
812 2034 928 2106 Pugnns
954 2032 1063 2089 involve
1095 2037 1124 2087 te
1151 2033 1279 2103 justitiae
1299 2032 1411 2103 Christi,
1445 2033 1537 2090 delete
1562 2039 1645 2089 erunt
1675 2040 1791 2106 peccate

90 2122 135 2172 set
159 2117 230 2187 scio,
265 2118 405 2191 precibus,
431 2119 563 2193 pugnabo
588 2126 695 2190 tecum,
723 2119 832 2191 vinces,
861 2120 928 2180 mibi
952 2125 1016 2188 tna;
1041 2117 1149 2174 involve
1169 2126 1196 2173 tc
1214 2118 1294 2174 leteri
1310 2117 1427 2188 Christi,
1453 2119 1490 2174 eb
1507 2118 1549 2174 irs
1564 2118 1659 2175 divine
1674 2120 1789 2181 ebsuen·

90 2203 188 2270 crede,
207 2203 344 2262 imovero
360 2204 430 2273 Deo,
450 2205 497 2276 qui
516 2205 545 2260 id
563 2204 698 2276 promisit,
717 2206 814 2261 crede:
834 2206 928 2262 vinces
952 2204 1027 2261 deris
1046 2203 1166 2275 pentum
1201 2203 1327 2261 Excedst
1345 2209 1431 2276 etque
1451 2205 1561 2263 excidet
1581 2206 1674 2263 animo
1689 2223 1789 2280 pecen-
1885 2243 1888 2247 <

89 2295 120 2345 et
135 2290 320 2348 coronaberis.
360 2291 433 2348 Vsle
452 2290 593 2347 entissime
613 2290 651 2345 mi
671 2297 699 2347 et
715 2290 805 2347 literis
824 2290 926 2347 tumul·
952 2297 1043 2348 terum
1077 2289 1205 2361 pondus,
1248 2289 1412 2347 obversetur
1446 2291 1557 2362 pondus
1591 2291 1789 2351 artemetoris

88 2374 188 2433 tueriis
209 2375 338 2448 ignosce,
367 2375 503 2432 Dominus
524 2377 607 2434 lesus
626 2375 777 2443 confond,
806 2378 926 2449 roboret¹
952 2375 1063 2436 Christi.
1097 2374 1170 2440 Quid
1186 2374 1415 2433 turnedmortem
1427 2375 1695 2448 commiseritborno,
1711 2379 1811 2450 quod·

89 2465 227 2517 sustentet
242 2468 270 2518 et
286 2462 324 2519 sd
340 2461 457 2536 glorium
474 2469 503 2518 te
522 2461 628 2519 evchst.
663 2461 763 2518 Amen.
951 2462 1040 2519 Pilius
1056 2461 1110 2519 Dei
1136 2479 1188 2521 sus
1202 2467 1291 2519 morte
1308 2478 1365 2523 nou
1384 2461 1474 2533 possit
1491 2462 1611 2521 emere?
1636 2463 1744 2537 Eriplet
1760 2470 1789 2523 te

218 2598 225 2616 ,
291 2600 299 2618 ,
550 2600 557 2616 ,
822 2601 829 2616 ,
952 2547 1788 2616 Donmmmmmorumorssvslsdhsmvolse

174 2601 250 2668 tls
269 2600 414 2687 eJusdem
436 2606 577 2667 enetous
597 2607 631 2667 ct
650 2608 841 2685 arguments.
951 2635 1066 2693 olerum
1085 2634 1179 2691 sitam
1218 2633 1360 2707 Quidquid
1375 2634 1437 2693 D„
1455 2634 1607 2708 plump,
1635 2636 1688 2695 ubi
1705 2637 1788 2695 Μ

124 2717 248 2774 Salutem
279 2725 309 2775 et
336 2717 467 2789 corporis,
495 2717 659 2789 prsesertim
689 2735 754 2774 scre
781 2718 926 2775 enimecs
950 2721 1074 2792 plseeet3
1097 2720 1259 2793 ubicunqne
1279 2720 1407 2788 visimus,
1423 2720 1544 2782 Domino
1566 2722 1694 2781 vivimus.
1729 2723 1788 2781 Ab·

158 2804 268 2862 Christe
284 2803 517 2869 incolumitatem!
950 2823 1024 2878 nege
1046 2813 1075 2864 ts
1101 2807 1193 2878 ipsum
1213 2807 1371 2878 peniteret
1389 2794 1561 2865 voluntsten
1581 2814 1659 2867 tuem
1677 2810 1789 2866 divim

124 2890 250 2946 Alistum
270 2896 313 2947 cst
335 2892 372 2946 sd
394 2907 451 2957 me,
480 2889 631 2946 reverende
652 2894 681 2944 et
700 2888 858 2946 doctissime
873 2889 925 2961 sir,
949 2892 1062 2965 resigns
1081 2892 1226 2951 voluntati.
1260 2892 1345 2950 Novit
1363 2892 1410 2951 ille
1428 2893 1538 2964 rectius,
1555 2894 1624 2967 quid
1634 2894 1695 2967 tibi,
1718 2896 1787 2969 quid

88 2977 177 3034 smine
210 2983 240 3033 et
265 2976 353 3034 freter
383 2978 412 3033 in
442 2975 552 3033 Christo
576 2975 814 3047 conjunctissimo,
845 2975 924 3046 gravi
949 2979 1006 3037 mis
1034 2978 1145 3048 utilium
1178 2980 1256 3039 novit
1286 2980 1315 3035 id
1341 2980 1545 3053 cupientissime
1571 2986 1601 3038 et
1626 2980 1787 3054 procumbit

88 3064 189 3119 iterum
210 3063 308 3119 morbo
332 3069 361 3118 te
387 3080 550 3135 oppressum
573 3078 641 3121 esse.
688 3060 777 3117 Doleo
799 3078 866 3117 sene
891 3079 924 3118 ex
950 3064 1215 3123 benevolentissime.
1253 3066 1339 3123 Peter
1370 3065 1443 3129 mim
1473 3071 1517 3123 est
1546 3073 1576 3123 et
1604 3066 1669 3125 telis
1698 3073 1786 3138 pster,

88 3149 182 3205 neimo
200 3149 289 3204 vicem
309 3152 395 3219 tunm,
414 3148 575 3220 praesertim
595 3164 661 3204 vcro
680 3153 798 3212 tuorum,
815 3147 865 3205 scd
883 3165 926 3204 so·
950 3151 1000 3224 qui
1023 3156 1055 3207 ut
1078 3157 1107 3207 te
1125 3150 1215 3222 possit
1232 3150 1338 3207 hebere
1356 3148 1458 3221 filium,
1483 3150 1629 3224 unigenito
1646 3169 1698 3209 sno
1714 3152 1787 3211 etue

88 3234 163 3291 lstnr
187 3251 232 3291 me
254 3235 345 3307 pietus
370 3240 399 3290 et
417 3232 553 3304 petieritis
572 3239 622 3289 tue
638 3232 725 3306 signis
743 3232 856 3288 minime
876 3233 926 3288 dn·
951 3252 1006 3295 uon
1034 3236 1174 3307 pepercit,
1204 3242 1238 3291 ut
1259 3239 1288 3293 te
1315 3243 1493 3295 conservaret
1516 3237 1546 3295 in
1567 3243 1657 3295 morte
1681 3239 1785 3308 sivum,

88 3320 144 3377 biis
159 3321 219 3393 jem
238 3326 304 3376 ente
319 3325 473 3392 perspecte.
516 3318 642 3375 Aiflictio
666 3319 715 3375 ille
735 3318 857 3391 corporis
874 3319 927 3376 erit
950 3321 1053 3379 Filium
1077 3338 1157 3378 suum
1181 3321 1210 3377 in
1239 3325 1355 3379 mortem
1382 3322 1506 3379 tradidit
1543 3322 1619 3380 Huic
1644 3329 1673 3380 te
1692 3325 1786 3396 crede,

88 3407 289 3463 incrementum
316 3406 445 3478 spiritus,
473 3404 614 3478 corruptio
641 3404 760 3462 bominis
783 3406 924 3461 exterioris
950 3425 1006 3464 non
1023 3407 1102 3465 fellet
1119 3406 1352 3478 exspectationem
1369 3411 1461 3476 tnsm3
1490 3409 1578 3465 virtus
1598 3409 1673 3467 illius
1688 3416 1718 3467 in
1735 3418 1786 3469 tus

87 3493 143 3548 erit
162 3491 304 3549 renovatio
326 3490 472 3548 interioris.
509 3492 715 3548 lucrementum
737 3490 924 3548 tribulstionis
950 3493 1110 3551 infirmitate
1134 3492 1307 3564 perficietur,
1333 3493 1473 3567 pugnabit
1496 3495 1525 3551 in
1551 3501 1580 3552 te
1595 3501 1625 3552 et
1641 3497 1787 3557 comuste

87 3578 143 3634 erit
166 3585 347 3652 segmentum
376 3577 581 3635 consolationis.
621 3579 666 3633 lte
688 3578 762 3634 enim
779 3577 922 3647 nobiscum
949 3586 986 3637 te
1020 3579 1212 3654 Pugmbimm
1237 3585 1267 3636 et
1287 3597 1338 3637 nos
1362 3587 1453 3638 tecum
1479 3582 1616 3653 precibus.
1658 3583 1731 3643 Vsle
1755 3585 1785 3643 in

85 3664 149 3737 egit
169 3664 321 3723 archiatros
346 3664 394 3722 ille
409 3669 517 3735 nostem
544 3681 594 3735 per
610 3679 733 3720 emerem
754 3664 846 3720 crucis
866 3682 921 3721 me·
934 3628 1078 3761 lDomino,
1096 3665 1145 3737 qni
1163 3664 1188 3720 si
1203 3664 1286 3736 volet,
1303 3665 1410 3724 velebis
1427 3666 1505 3725 brevi
1520 3667 1604 3726 etism
1619 3685 1743 3742 corpore
