4104 6014
629 316 684 384 ,us
704 314 946 374 uimruoaun
966 314 1289 375 nrsrmaac‘rnms.
1744 326 1801 384 ser

112 472 247 527 huenen
280 470 520 540 incorruptibilis,
558 489 622 523 narn
660 472 730 523 turm
762 470 944 525 induitionem
957 476 959 481 '
972 480 997 521 rt
1031 473 1165 540 quiditate
1197 482 1309 527 mutato.
1347 472 1583 536 Quemadmodum
1615 472 1688 527 idem
1723 473 1804 527 bomo

108 565 211 627 postea
229 573 284 626 per
302 556 508 624 absorptionem
529 558 665 626 explicat,
691 558 745 610 imo
758 558 879 625 probat,·
898 548 1078 625 ab·¹manet,
1104 558 1216 629 quando
1243 565 1326 614 exuta
1352 566 1428 615 reste
1452 558 1554 613 detrita
1577 574 1677 612 novam
1696 558 1802 623 induit;

111 642 222 709 eorptio
244 649 336 695 autem
354 650 394 693 en
414 642 530 695 abolitio
545 643 656 710 prioris
674 652 700 694 et
727 642 883 696 nrbetitntio
901 642 944 695 ab·
970 642 1009 696 sic
1026 644 1099 698 idern
1119 660 1219 714 eorpus
1236 643 1372 711 manebit,
1398 645 1472 713 quod
1489 650 1572 698 eruta
1592 647 1689 715 φθορᾷ
1707 643 1802 699 induet

110 729 214 790 term,
240 729 474 797 qnenradrnoslurn
492 729 578 781 ueteri
594 735 667 782 ueste
685 728 796 796 abiecta
811 747 885 782 noca
903 730 944 781 in·
970 725 1144 798 ἀφθαρσίαν.
1177 729 1240 784 Non
1258 728 1347 799 ipsum
1363 727 1542 800 viminosos,
1563 728 1612 783 sed
1629 725 1802 797 sirmiensis

110 814 217 870 αἰκίαν,
254 812 333 868 idem
356 813 383 867 in
410 830 498 870 exam.
527 818 582 868 121.
607 830 690 869 error.
717 832 782 885 pag.
801 820 848 872 ³3:
881 817 944 868 Non
969 814 1121 868 exuendam
1145 820 1173 868 et
1196 813 1270 869 illins
1296 814 1355 868 loco
1373 814 1537 884 ἀφθαρσίαν
1555 813 1723 869 induendam
1741 830 1802 868 esse

107 909 201 969 potest
236 900 402 969 Smipleoius
437 909 562 953 scrutere
591 908 733 953 namnum
762 901 856 966 illum,
889 917 943 969 qno
967 898 1106 967 apostolus
1125 900 1212 955 docet.
1252 906 1276 953 ’1.
1294 900 1374 965 Quod
1393 899 1576 954 Schmaltzius
1595 900 1669 968 dicit,
1689 908 1798 968 aposto·

108 987 246 1053 soniniat,
279 986 453 1039 immortalia
479 1003 602 1053 corpora
626 986 658 1038 in
676 986 729 1040 illo
749 987 830 1041 beato
847 984 1026 1093 seculoqlum
1042 1002 1094 1053 pier
1112 1002 1203 1041 esocem
1222 987 1360 1041 indicendi
1375 1004 1431 1038 non
1448 986 1604 1057 intelligere
1621 987 1800 1039 retentionem

101 1072 212 1138 saliua
235 1071 322 1141 talia,
356 1089 428 1140 quae
451 1089 483 1124 ee
507 1087 606 1135 corne,
636 1072 772 1138 antiquins
791 1080 817 1124 et
834 1072 942 1125 ossibus
953 1102 956 1127 r
967 1071 1159 1138 corruptibilia
1176 1081 1201 1125 el
1215 1075 1392 1143 arlcptioncrn
1406 1080 1558 1139 praetcrea
1570 1071 1800 1140 incorruptibilis,

108 1164 244 1224 comeant,
265 1175 319 1226 qua
336 1158 383 1211 σία
405 1157 518 1224 aliquid
536 1157 686 1210 abestrclius
706 1166 731 1209 et
752 1158 858 1211 ouran
874 1144 1018 1229 reti-lua
1039 1156 1101 1208 loco
1126 1158 1316 1225 corruptibilis
1334 1158 1550 1211 substitutionem
1568 1158 1799 1225 incorruptibilis,

106 1243 191 1311 orbae
220 1244 367 1312 indiqnius
400 1243 522 1311 ospitari
551 1251 650 1311 potest.
696 1243 729 1296 ln
760 1260 848 1297 exam
883 1240 1096 1311 lbl.,ambigue
1124 1241 1237 1304 dicitur,
1268 1244 1311 1295 vel
1340 1243 1413 1298 enim
1439 1243 1474 1297 de
1498 1242 1654 1296 substantia
1678 1243 1798 1312 eorporis
1814 1244 1867 1285 Ἥ·
1881 1243 1914 1286 ἃ

107 1346 192 1385 error.
217 1345 268 1383 err.
295 1334 350 1383 103.
380 1346 405 1398 p.
428 1334 476 1383 29:
508 1329 577 1381 Post
601 1328 831 1382 resurrectionem
847 1314 1099 1423 feturiiloquitu'r,
1127 1328 1170 1380 vel
1189 1328 1224 1383 de
1240 1329 1363 1397 ejusdem
1382 1328 1569 1399 qualitatibus.
1611 1329 1697 1383 Priori
1716 1347 1796 1384 sensu

105 1416 212 1469 erimus
231 1415 337 1468 similes
350 1417 412 1469 Deo
432 1415 461 1466 in
479 1421 582 1467 natura
600 1416 682 1467 uiam
701 1417 797 1483 qrsood
809 1432 938 1483 corpora
952 1428 1112 1491 {negamus
1145 1412 1218 1483 quod
1244 1413 1445 1469 aSchmaltzio
1464 1412 1633 1479 affirmatur,
1667 1416 1796 1470 videlicet

107 1518 158 1555 err.
183 1506 237 1556 trs.
267 1517 390 1568 corpora
415 1500 585 1554 immortalia
609 1501 765 1554 stonum-bos
790 1518 846 1555 nan
864 1497 1139 1573 bebi-laubstantiae
1156 1498 1278 1567 corporis
1296 1500 1483 1569 corruptibilis
1497 1499 1617 1553 abolitae
1631 1500 1797 1555 substituen-

105 1596 173 1641 turu
190 1586 296 1643 assemt.
322 1586 426 1640 Contra
444 1586 514 1656 disp.
537 1592 560 1640 ’1.
581 1592 645 1656 post
664 1585 698 1641 D.
711 1587 822 1642 Franta
837 1593 939 1657 pito:
952 1580 955 1643 Ι
967 1581 1030 1635 dam
1048 1582 1107 1637 sore
1124 1582 1207 1637 aliam
1228 1584 1409 1638 substantiam
1430 1585 1552 1653 corporis
1564 1584 1796 1656 incorruptibilis:

108 1672 207 1726 Staius
220 1690 266 1735 co,
282 1675 361 1741 quod
380 1689 501 1741 corpora
514 1680 613 1726 nostro
626 1674 796 1737 sumserint
807 1666 1109 1741 senosatposteriori
1141 1675 1232 1723 autem
1270 1686 1352 1724 seirsu
1384 1669 1574 1737 concedimus,
1610 1689 1665 1741 qua
1693 1673 1798 1729 ratione

107 1759 280 1827 tripertitus
316 1767 377 1826 eis,
422 1776 544 1826 corpora
581 1760 653 1811 solia
691 1759 758 1811 olim
796 1738 1055 1843 mariambulus
1076 1753 1115 1806 sic
1133 1753 1230 1808 luisset
1250 1755 1448 1823 informandus,
1468 1757 1622 1827 apostolum
1640 1774 1689 1827 per
1703 1775 1797 1813 vocem

105 1862 181 1916 qnae
197 1862 311 1898 carnem
328 1853 356 1897 et
368 1846 531 1913 sanquinem
546 1845 674 1911 babeant,
688 1853 744 1899 toto
759 1848 832 1899 enim
843 1838 1104 1914 qeneretindnendi
1132 1855 1187 1893 non
1220 1839 1373 1913 intelligere
1405 1844 1584 1897 retentionem
1618 1846 1659 1910 uir
1687 1847 1798 1917 absonis

105 1934 243 2002 differant
263 1949 330 1985 coro
349 1939 375 1984 et
393 1932 508 1998 sanquis
521 1941 547 1985 et
560 1933 687 2000 spiritua
719 1932 940 2002 Respondemus:
952 1923 1148 1995 {corruptionis
1163 1930 1191 1979 et
1210 1927 1456 1993 corruptibilitatis
1480 1946 1512 1982 ac
1532 1928 1706 1997 adeptionem
1718 1948 1795 2000 prae·

109 2024 133 2073 t.
152 2036 207 2072 non
224 2017 373 2089 quaeritur,
391 2017 528 2086 quomodo
547 2016 632 2071 verba
651 2017 778 2087 symboli,
797 2019 881 2069 cresto
900 2006 1041 2069 re-ltsrea
1076 2010 1236 2081 ἀφθαρσίας
1272 2017 1300 2065 st
1336 2012 1620 2084 incorruptibilitatis,
1657 2015 1706 2069 sed
1738 2016 1797 2071 looo

104 2105 305 2157 surrectionem
329 2105 438 2166 carnis,
466 2102 583 2172 intelligi
610 2103 653 2157 rel
669 2103 762 2170 potius
782 2102 940 2172 detorqueri
952 2092 955 2135 3
967 2097 1078 2168 φθορᾶς
1096 2102 1124 2151 ot
1141 2096 1379 2165 corruptibilitatis
1399 2099 1623 2154 substitutionem
1638 2100 1798 2171 ἀφθαρσίας

101 2191 228 2258 possint,
248 2189 297 2243 sed
317 2189 455 2260 quomodo
471 2191 552 2258 juxta
568 2187 633 2241 fidei
659 2187 815 2258 analogiam
832 2188 861 2240 in
878 2205 938 2257 per·
952 2200 955 2241 ζ
967 2188 995 2235 et
1012 2180 1289 2253 incorruptibilitatis,
1309 2185 1383 2254 quod
1399 2191 1462 2237 rute
1474 2182 1585 2256 ἇμψιῐν
1599 2186 1796 2256 amplectimur.

106 2274 211 2344 apianis
229 2274 387 2346 Scripturas
407 2275 474 2330 locis
493 2276 663 2345 propositam
683 2273 800 2343 intelligi
816 2275 939 2327 debeant.
951 2282 954 2329 t
967 2274 988 2324 8.
1012 2269 1223 2339 Αθαονρίίοασσι
1240 2287 1295 2322 non
1318 2270 1403 2325 refert
1420 2270 1560 2341 apostolus
1579 2271 1614 2324 ad
1632 2271 1720 2341 ipsam
1740 2290 1796 2327 cor·

106 2366 132 2415 2.
153 2361 181 2415 ui
206 2361 275 2415 illud
299 2363 389 2430 ipsum
415 2361 513 2415 iterum
533 2361 671 2427 futurum,
698 2359 772 2429 quod
793 2358 857 2412 olim
875 2334 954 2421 caroi
966 2352 1040 2423 poris
1069 2352 1255 2424 corruptibilis
1290 2356 1486 2422 substantiam,
1520 2356 1568 2411 sed
1601 2356 1637 2410 ad
1673 2358 1796 2429 ejusdem

104 2444 170 2507 init,
187 2446 284 2516 ntique
298 2444 472 2500 substantias
490 2446 597 2499 ratione
616 2445 690 2498 idem
709 2460 822 2497 numero
839 2460 938 2514 corpus
951 2428 954 2451 ¹
965 2440 1133 2511 qualitatem,
1150 2439 1186 2493 od
1205 2437 1320 2511 φθοράν
1338 2441 1443 2495 scilicet
1461 2446 1504 2494 sut
1528 2438 1660 2507 simos,
1678 2444 1714 2495 ad
1737 2459 1795 2497 cor·

103 2540 238 2603 resurget.
272 2533 329 2585 Aut
349 2532 422 2585 enim
441 2530 547 2584 ratione
567 2530 748 2596 substantiae,
769 2536 818 2583 aut
833 2532 939 2585 ratione
964 2524 1173 2594 ruptibiiitutem
1202 2531 1230 2580 et
1259 2527 1469 2594 mortalitatem,
1501 2536 1582 2585 tunc.
1615 2528 1719 2598 inquit,
1752 2530 1796 2593 rtet

103 2616 270 2689 qualitatum
289 2618 316 2670 id
336 2616 434 2670 iterum
452 2615 590 2684 futurum,
618 2615 694 2687 quod
712 2615 776 2668 olim
795 2631 860 2670 caro
876 2615 1064 2675 fuit‚,sermo,
1082 2611 1132 2678 qui
1149 2612 1271 2679 scriptus
1289 2621 1338 2679 est,
1362 2616 1495 2682 absorpta
1515 2623 1554 2667 est
1574 2632 1649 2668 more
1667 2616 1697 2667 in
1714 2617 1797 2670 aicta·

102 2702 168 2758 Non
192 2703 297 2756 ratione
324 2702 502 2772 qualitatum,
526 2708 557 2754 ut
580 2707 696 2755 constat.
734 2700 809 2771 Ergo
833 2686 1018 2755 rationaii-ta,
1037 2696 1071 2748 ici
1087 2704 1128 2748 est
1145 2698 1293 2773 uictoriose
1313 2716 1348 2751 ac
1365 2699 1496 2767 pluriora,
1516 2707 1547 2753 ut
1559 2699 1586 2752 in
1600 2701 1797 2770 sempiternum

102 2788 282 2843 substantiae.
316 2794 339 2841 3.
357 2786 507 2841 Confundit
525 2787 680 2841 haereticus
699 2785 842 2839 distinmm
855 2744 953 2856 quae-i
965 2778 1074 2833 devicta
1101 2786 1129 2834 et
1150 2789 1289 2851 prostrata
1311 2785 1402 2852 jaceat
1432 2802 1483 2840 nee
1505 2784 1623 2853 amplius
1647 2785 1675 2838 in
1701 2785 1796 2841 beatos

103 2874 214 2930 udones.
253 2873 319 2927 Alia
338 2871 410 2926 enim
429 2871 553 2939 quaestio
574 2880 630 2933 est,
651 2889 686 2925 an
704 2872 877 2926 substantiae
895 2889 937 2926 ra·
949 2844 952 2917 i
964 2864 1098 2919 dominari
1116 2868 1211 2937 possit.

103 2961 180 3015 tione
197 2960 294 3015 eadem
314 2957 371 3011 sint
388 2954 483 3010 futura
501 2950 617 3027 corpora
629 2958 799 3026 resuscitata,
819 2963 848 3012 et
859 2957 937 3012 vicis·
999 2956 1039 3005 73.
1072 2957 1112 3006 12.
1138 2952 1263 3008 Veratius
1290 2954 1513 3025 photinianizans
1533 2954 1559 3009 iu
1579 2962 1659 3013 tract.
1679 2955 1714 3011 de
1734 2955 1795 3011 Deo

104 3046 156 3100 siin
178 3046 234 3099 alia
254 3043 454 3114 quaesiisset,
481 3059 516 3095 an
536 3042 701 3113 qualitatum
719 3042 825 3097 ratione
843 3044 938 3098 eadem
964 3056 990 3107 p.
1013 3043 1076 3094 200:
1095 3040 1131 3093 In
1142 3041 1249 3106 fruare
1268 3044 1361 3097 sectile
1383 3062 1438 3097 non
1456 3043 1579 3112 omplins
1598 3061 1665 3095 coro
1686 3053 1710 3096 et
1731 3061 1795 3096 san-

105 3132 161 3187 sint
187 3131 288 3186 futura.
324 3128 368 3182 Ad
393 3128 511 3197 priorem
530 3127 677 3197 affirmate,
707 3130 742 3183 ad
761 3130 938 3199 posteriorem
964 3124 1028 3194 ouis
1055 3127 1170 3192 mimus,
1194 3131 1246 3184 sed
1271 3126 1414 3200 ἰσάγγελοι
1441 3140 1467 3183 ct
1486 3132 1662 3198 spirituales,
1692 3131 1720 3184 in
1738 3130 1795 3184 dia·

106 3227 207 3291 negate
234 3215 441 3287 respondemus.
478 3221 502 3268 t.
520 3214 640 3267 Proinde
668 3215 778 3285 quando
798 3204 1027 3285 apostotusltrib.
1047 3212 1126 3282 epist.
1145 3232 1173 3284 p.
1195 3220 1256 3270 169:
1283 3218 1387 3283 Inpares
1409 3220 1525 3269 nicetetia
1543 3217 1610 3270 olim
1626 3218 1728 3281 sutura
1748 3224 1794 3271 est.

105 3304 187 3369 dicit,
211 3307 303 3357 Deum
332 3301 563 3354 reuertentur-nn
594 3301 727 3353 mortalia
754 3310 853 3354 nostru
879 3320 939 3355 cor·
967 3299 1030 3350 Non
1055 3299 1127 3351 enirn
1154 3300 1227 3355 tales
1257 3302 1359 3355 omnus
1391 3305 1419 3354 in
1448 3303 1667 3369 ressurectione,
1699 3303 1796 3371 quales

101 3408 190 3459 poro,
220 3407 274 3443 non
297 3388 402 3441 ratione
425 3384 583 3455 qualitatis,
610 3384 738 3439 videlicet
756 3360 1012 3456 mortalitatiqfflitc
1030 3404 1138 3455 mmm,
1170 3395 1200 3439 nt
1220 3389 1357 3441 decarne
1377 3399 1401 3440 et
1421 3390 1539 3452 ossibus,
1560 3389 1794 3457 cujusmodique·-

104 3475 153 3529 sed
181 3474 287 3527 ratione
310 3471 482 3526 substantiae
502 3469 597 3525 eadem
616 3487 731 3540 corpora
748 3470 1029 3529 resuscitandstuen
1049 3490 1120 3525 nitnc
1137 3474 1276 3537 babemus,
1295 3474 1489 3543 intempestiua
1509 3475 1636 3543 qrraestio
1655 3476 1698 3528 sit.
1730 3474 1795 3532 vid.

104 3560 193 3623 docet,
213 3565 244 3612 ut
263 3559 298 3612 sit
317 3575 423 3625 sensus,
443 3557 539 3611 eadem
558 3556 737 3627 illacorpora,
757 3575 828 3629 quae
847 3522 1081 3641 inhaeisladum
1112 3559 1139 3612 in
1172 3560 1292 3628 append.
1327 3566 1346 3615 1,
1377 3560 1490 3630 discept.
1528 3567 1627 3615 contra
1652 3560 1794 3616 Vorstium

104 3646 163 3699 rita
182 3651 246 3698 sunt
264 3642 391 3698 mortalia
410 3650 435 3696 et
455 3641 653 3712 corruptibilia,
672 3644 862 3699 resuscitanda
880 3658 954 3702 esset
965 3662 992 3713 p.
1011 3650 1050 3700 64.
1091 3648 1130 3696 ts.
1156 3645 1305 3713 Weiqelius
1326 3644 1555 3700 Suencfeldianus
1577 3652 1606 3700 et
1625 3646 1795 3702 enthusiasta

104 3732 132 3785 in
157 3731 202 3785 die
226 3729 388 3798 novissimo,
413 3728 460 3782 sed
482 3727 648 3782 immortalia
666 3736 693 3782 et
712 3714 993 3817 incorruptibiliaiin
1013 3736 1091 3786 tract.
1111 3731 1145 3783 de
1164 3731 1225 3784 loco
1245 3732 1340 3785 muudi
1361 3750 1420 3803 cap.
1444 3738 1482 3788 22.
1501 3753 1528 3803 p.
1549 3740 1587 3789 m.
1612 3734 1651 3788 sic
1670 3734 1793 3789 disserit:

103 3816 286 3887 Nequaquam
310 3815 396 3885 igitur
415 3815 577 3867 mutandum
596 3820 638 3868 est
655 3816 731 3882 qnod
748 3816 776 3869 in
795 3818 1020 3887 quaternitatum
1038 3817 1096 3873 ont
1122 3822 1175 3872 aab
1194 3820 1280 3874 libant
1301 3819 1331 3887 iit
1350 3820 1416 3889 utut
1435 3822 1478 3875 ber
1498 3821 1616 3891 Ἧῖοσῑά),
1649 3836 1675 3878 et
1693 3822 1723 3888 iit
1743 3828 1795 3877 aut

104 3917 156 3956 nee
178 3900 373 3955 confundenda
400 3900 481 3954 οὐσία
506 3917 650 3969 corporum
669 3909 698 3954 et
720 3902 842 3970 ejusdem
860 3905 937 3957 norb·
949 3888 953 3983 i
966 3906 1021 3957 bem
1040 3904 1105 3956 limo
1123 3913 1214 3958 terrae
1233 3905 1344 3974 tutttiq,
1362 3906 1486 3976 iterblitb3
1507 3910 1550 3962 ber
1570 3908 1795 3965 transrotatus

103 4006 185 4055 surse.
222 3987 412 4041 Resuscitabit
439 3988 515 4040 licus
542 4001 655 4054 corpora
684 3993 779 4040 nostre
803 3989 1020 4055 mortaliajbem
1039 3990 1140 4044 uanos
1158 3990 1253 4047 baites
1273 3991 1302 4056 itt
1320 3996 1363 4045 ber
1384 3992 1500 4062 utriq,
1520 3995 1562 4047 bet
1581 3995 1643 4061 mufi
1666 3997 1738 4058 barto
1757 3996 1795 4049 bis

102 4091 160 4128 non
180 4080 271 4126 autem
293 4080 430 4142 quatenus
456 4072 583 4125 mortalia
606 4072 663 4125 sive
683 4070 734 4124 sub
753 4071 849 4125 iisdem
871 4090 935 4142 qua·
964 4092 1028 4131 usus
1053 4075 1154 4132 debari
1179 4088 1239 4131 som
1260 4078 1377 4147 peitiqen
1397 4080 1468 4145 (iiiiii
1491 4081 1650 4147 incurriset,
1685 4080 1725 4134 ein
1744 4096 1794 4135 neu

101 4157 235 4214 litatibus.
272 4168 296 4215 5.
321 4157 502 4228 Nequaquam
530 4175 594 4210 vero
625 4158 697 4229 quod
726 4158 761 4212 de
784 4158 936 4227 accidente,
963 4164 1055 4232 ¹&icitur
1077 4178 1124 4231 qen
1143 4163 1256 4233 trimetri
1275 4166 1390 4233 brinqcn,
1413 4168 1478 4219 beno
1500 4168 1526 4235 io
1544 4167 1633 4234 antire
1651 4166 1738 4222 tribu
1757 4167 1794 4221 im

101 4243 229 4299 videlicet
250 4242 427 4307 mortalitate,
447 4243 564 4297 diximus
587 4245 624 4298 ad
642 4244 837 4307 substantiam,
860 4244 1075 4318 vide-,piminii
1095 4250 1173 4315 {curn
1193 4250 1268 4317 qrcbc
1288 4252 1429 4320 interlitos
1448 4252 1722 4321 eremitarumque
1741 4257 1793 4308 unt

101 4330 167 4385 licet
181 4330 216 4382 ad
237 4346 356 4395 earnem,
377 4328 511 4398 applicari
533 4328 629 4398 debet,
661 4329 739 4400 quaa
761 4329 844 4382 verba
862 4334 1134 4415 sym-pbliebrnaieu
1159 4336 1241 4402 baben
1262 4341 1314 4389 aab
1336 4338 1391 4390 tent
1409 4337 1473 4390 limo
1495 4344 1599 4402 terrae,
1631 4340 1655 4407 io
1676 4339 1746 4393 esre
1765 4345 1793 4395 ct

101 4415 173 4481 boli,
193 4418 277 4469 oredo
295 4416 527 4468 resurrectionem
547 4417 656 4481 cerritis,
674 4415 769 4469 eodem
790 4415 870 4468 modo
890 4433 935 4470 ex·
948 4430 951 4489 j
966 4421 1045 4476 miter
1065 4423 1111 4475 ben
1131 4423 1254 4477 &turben
1275 4424 1329 4476 uno
1349 4424 1427 4478 nither
1446 4424 1485 4476 oie
1505 4424 1595 4493 qeistge
1614 4425 1722 4494 ῶῴςῐῇ,
1758 4425 1795 4480 Et

101 4501 166 4571 poni
195 4501 329 4568 debeant,
357 4501 439 4555 credo
457 4501 695 4555 resuscitationem
716 4501 790 4569 ejus,
813 4500 887 4570 quod
908 4500 1044 4578 inipaulo
1072 4513 1147 4577 post:
1180 4508 1243 4563 uos
1272 4508 1364 4578 &tritri
1393 4511 1494 4565 boanti
1520 4511 1586 4566 trito
1606 4514 1717 4568 etmsdtt
1736 4527 1794 4581 qum

100 4589 153 4642 hac
172 4589 230 4641 vita
248 4587 301 4641 fuit
322 4603 401 4654 earo,
421 4585 534 4656 quiarb
553 4586 667 4640 mortale
686 4602 745 4639 esse
763 4586 883 4655 pertinet
900 4585 1064 4673 adjaceret
1093 4595 1121 4647 in
1150 4598 1229 4661 quien
1260 4598 1313 4649 uuo
1340 4597 1416 4661 bitin
1444 4597 1583 4665 wentam.
1620 4599 1677 4654 ibit
1697 4600 1794 4668 mitten

100 4673 262 4742 ποιότητας,
287 4687 358 4743 qnae
378 4672 574 4738 mutabuntur,
599 4670 628 4724 ’ὁ
651 4688 761 4724 carnem
779 4669 880 4724 habere
898 4672 933 4724 ud
962 4682 1017 4735 etue
1040 4679 1076 4733 tm
1103 4680 1238 4747 ttbtliqsn
1258 4682 1421 4750 utentium
1440 4684 1533 4752 Tainia)
1554 4694 1602 4739 sor
1623 4686 1725 4753 uertat
1745 4686 1794 4740 mit

99 4759 213 4826 obolus,
242 4776 314 4830 (luae
338 4758 434 4813 eadem
458 4760 515 4813 erit·
555 4766 577 4810 a.
602 4758 630 4810 Si
657 4757 687 4810 τὸ
710 4755 1036 4847 φθαρῐόντοῦτοῐααία
1068 4767 1200 4831 uetustati
1229 4768 1282 4820 uno
1308 4769 1430 4832 atrurn,
1464 4771 1524 4824 abst
1551 4774 1612 4839 naq
1632 4772 1793 4840 gebellinam

100 4848 272 4901 induiturum
297 4852 338 4898 est
364 4844 543 4920 ἀφθαρσίαν,
572 4842 594 4896 si
619 4842 649 4895 ri
673 4843 777 4907 bruris
794 4844 873 4896 τοῦτο
894 4844 1063 4927 inquieti&
1082 4853 1141 4917 [61st
1162 4850 1240 4918 hister
1262 4853 1409 4921 bipomiidqe
1427 4854 1486 4910 guib
1505 4858 1551 4922 ab,
1578 4860 1631 4911 unp
1653 4858 1730 4911 αηςῐη
1751 4860 1779 4912 be

99 4934 240 4987 dnitnrum
260 4937 301 4986 est
320 4930 487 4999 ἀθανασίαν,
507 4937 540 4985 nt
559 4930 668 4984 disertis
688 4927 779 4981 verbis
794 4928 1025 5005 apostolnslneue
1045 4938 1197 5008 promititur
1216 4939 1275 4994 uuit
1293 4940 1385 4993 fommt
1405 4940 1452 4994 mit
1471 4942 1573 5011 apriti„
1592 4944 1620 4997 ῑῃ
1640 4943 1691 5008 pin
1711 4943 1792 5013 peip,

99 5021 211 5075 asserit-
239 5019 334 5087 utque
357 5018 439 5072 etiam
465 5018 532 5072 illud
554 5018 642 5087 issum
669 5031 784 5083 eorpus,
813 5017 887 5084 ruod
905 5017 995 5083 in'on
1025 5029 1071 5082 αα
1090 5027 1274 5081 surannae
1305 5025 1482 5095 stetinum
1509 5029 1793 5097 scrutinarius

98 5107 153 5160 hac
181 5106 237 5158 vita
256 5112 298 5158 est
317 5104 497 5174 corruptibile
516 5112 544 5158 et
561 5104 682 5161 mortale,
701 5113 827 5175 resurget
844 5104 932 5159 incor·
961 5114 1040 5182 nteit,
1071 5127 1096 5165 er
1118 5112 1179 5178 itini
1207 5111 1254 5177 ab,
1285 5113 1401 5181 aegeon
1428 5113 1476 5167 mit
1502 5117 1549 5168 ben
1570 5116 1718 5169 &temonem
1738 5116 1791 5170 uno

99 5192 231 5262 ruptibilo
259 5198 286 5244 ot
312 5192 471 5245 immortale.
517 5189 645 5243 Rufinus
673 5189 700 5241 iu
725 5205 816 5258 expos·
844 5191 1009 5262 erubuit
1030 5197 1103 5266 ilyrsn
1122 5197 1219 5265 traigru
1239 5197 1342 5251 iteibsru
1362 5199 1462 5254 meroen
1491 5201 1523 5268 [re
1548 5200 1676 5269 qsucrteu
1698 5201 1726 5254 in
1744 5202 1791 5255 ben

99 5296 163 5348 pag.
185 5284 246 5333 387.
273 5280 336 5332 Iloc
361 5281 437 5347 qiuari
461 5296 533 5330 nuno
560 5277 743 5345 corruptibile
764 5290 935 5351 carpsisset,
961 5285 1077 5353 isuriqsn
1101 5283 1184 5351 *iltuit
1204 5298 1233 5336 tc.
1278 5285 1319 5339 14.
1342 5283 1508 5349 Metlristae,
1534 5285 1687 5340 Ezechielis
1705 5285 1790 5341 Methi

99 5367 314 5417 ressurectionis
348 5367 445 5432 qratia
474 5362 686 5430 incorruptibile
719 5366 772 5417 erit
804 5375 829 5419 et
859 5370 935 5437 quod
959 5371 1093 5436 asseclae,
1118 5367 1376 5438 Anabaptistarum,
1403 5368 1677 5425 Suencfeldianornm
1698 5378 1726 5425 ct
1746 5389 1792 5427 en·

101 5470 172 5501 αααα
194 5452 313 5504 niortolc
330 5460 380 5514 est,
401 5453 621 5506 inamortulilatis
639 5453 785 5505 sicut-ibus
802 5456 1155 5541 infloreturjthusiastarnm
1184 5456 1292 5510 soboles
1319 5456 1413 5510 itidem
1437 5464 1554 5527 negant,
1585 5458 1657 5513 idem
1675 5476 1790 5514 numero

100 5550 148 5591 etc.
169 5557 224 5591 non
244 5547 347 5591 riatrua
369 5539 463 5591 comtes
480 5539 602 5606 objecto,
624 5539 676 5591 sed
695 5540 851 5595 conditione
871 5543 988 5621 ejsul'et
1025 5540 1182 5598 substantia
1219 5559 1320 5611 eorpus
1350 5559 1384 5595 ex
1415 5543 1529 5597 mortuis
1565 5552 1790 5600 resurrecturum.

1432 5646 1485 5701 30*
