<?xml version="1.0" encoding="UTF-8"?>
<!DOCTYPE html PUBLIC "-//W3C//DTD XHTML 1.0 Transitional//EN"
    "http://www.w3.org/TR/xhtml1/DTD/xhtml1-transitional.dtd">
<html xmlns="http://www.w3.org/1999/xhtml" xml:lang="en" lang="en">
 <head>
  <title>
</title>
<meta http-equiv="Content-Type" content="text/html;charset=utf-8" />
  <meta name='ocr-system' content='tesseract 3.04.00' />
  <meta name='ocr-capabilities' content='ocr_page ocr_carea ocr_par ocr_line ocrx_word'/>
</head>
<body>
  <div class='ocr_page' id='page_1' title='image "./locitheologicit00gerhgoog/locitheologicit00gerhgoog_0480.png"; bbox 0 0 4104 6014; ppageno 0'>
   <div class='ocr_carea' id='block_1_1' title="bbox 627 310 1800 381">
    <p class='ocr_par' dir='ltr' id='par_1_1' title="bbox 627 310 1800 381">
     <span class='ocr_line' id='line_1_1' title="bbox 627 310 1800 381; baseline 0.011 -15"><span class='ocrx_word' id='word_1_1' title='bbox 627 311 683 381; x_wconf 86' lang='lat' dir='ltr'><em>DE</em></span> <span class='ocrx_word' id='word_1_2' title='bbox 702 310 945 369; x_wconf 83' lang='lat' dir='ltr'><strong>MOR&#39;I&#39;UORUM</strong></span> <span class='ocrx_word' id='word_1_3' title='bbox 965 310 1287 370; x_wconf 68' lang='lat' dir='ltr'>RESURRECTIONE.</span> <span class='ocrx_word' id='word_1_4' title='bbox 1742 322 1800 378; x_wconf 78' lang='grc'><em>467</em></span> 
     </span>
    </p>
   </div>
   <div class='ocr_carea' id='block_1_2' title="bbox 98 466 1913 5615">
    <p class='ocr_par' dir='ltr' id='par_1_2' title="bbox 101 466 1913 2936">
     <span class='ocr_line' id='line_1_2' title="bbox 111 466 1801 537; baseline 0 -16"><span class='ocrx_word' id='word_1_5' title='bbox 111 469 245 522; x_wconf 76' lang='grc' dir='ltr'><strong><em>ίιιίίοασσι</em></strong></span> <span class='ocrx_word' id='word_1_6' title='bbox 278 466 519 537; x_wconf 80' lang='lat' dir='ltr'><em>incorruptibilis,</em></span> <span class='ocrx_word' id='word_1_7' title='bbox 556 484 620 519; x_wconf 74' lang='lat' dir='ltr'><em>naas</em></span> <span class='ocrx_word' id='word_1_8' title='bbox 658 468 729 519; x_wconf 74' lang='lat' dir='ltr'><em>lasso</em></span> <span class='ocrx_word' id='word_1_9' title='bbox 760 466 997 521; x_wconf 82' lang='lat' dir='ltr'><em>induitianens³at</em></span> <span class='ocrx_word' id='word_1_10' title='bbox 1030 469 1164 536; x_wconf 80' lang='lat' dir='ltr'><em>qualitate</em></span> <span class='ocrx_word' id='word_1_11' title='bbox 1196 477 1308 521; x_wconf 76' lang='grc' dir='ltr'><strong><em>ιααίαία.</em></strong></span> <span class='ocrx_word' id='word_1_12' title='bbox 1346 467 1581 531; x_wconf 79' lang='lat' dir='ltr'><strong>Quemadmodum</strong></span> <span class='ocrx_word' id='word_1_13' title='bbox 1614 468 1686 522; x_wconf 80' lang='lat' dir='ltr'><em>idem</em></span> <span class='ocrx_word' id='word_1_14' title='bbox 1721 467 1801 521; x_wconf 89' lang='lat' dir='ltr'><em>homo</em></span> 
     </span>
     <span class='ocr_line' id='line_1_3' title="bbox 107 553 1799 624; baseline -0.001 -17"><span class='ocrx_word' id='word_1_15' title='bbox 107 561 209 623; x_wconf 86' lang='lat' dir='ltr'><em>postea</em></span> <span class='ocrx_word' id='word_1_16' title='bbox 228 569 283 623; x_wconf 87' lang='lat' dir='ltr'><em>per</em></span> <span class='ocrx_word' id='word_1_17' title='bbox 301 553 506 620; x_wconf 73' lang='lat' dir='ltr'><em>absorptionem</em></span> <span class='ocrx_word' id='word_1_18' title='bbox 527 553 664 622; x_wconf 75' lang='lat' dir='ltr'><em>eupliaat,</em></span> <span class='ocrx_word' id='word_1_19' title='bbox 689 555 744 606; x_wconf 86' lang='lat' dir='ltr'><em>imo</em></span> <span class='ocrx_word' id='word_1_20' title='bbox 757 554 878 621; x_wconf 88' lang='lat' dir='ltr'><em>probat,·</em></span> <span class='ocrx_word' id='word_1_21' title='bbox 897 553 943 606; x_wconf 91' lang='lat' dir='ltr'><em>ab·</em></span> <span class='ocrx_word' id='word_1_22' title='bbox 969 558 1076 621; x_wconf 84' lang='lat' dir='ltr'><em>manet,</em></span> <span class='ocrx_word' id='word_1_23' title='bbox 1103 553 1214 624; x_wconf 91' lang='lat' dir='ltr'><em>quando</em></span> <span class='ocrx_word' id='word_1_24' title='bbox 1242 561 1325 610; x_wconf 85' lang='lat' dir='ltr'><em>exuta</em></span> <span class='ocrx_word' id='word_1_25' title='bbox 1350 562 1427 609; x_wconf 84' lang='lat' dir='ltr'><em>veste</em></span> <span class='ocrx_word' id='word_1_26' title='bbox 1451 553 1552 608; x_wconf 89' lang='lat' dir='ltr'><em>detritu</em></span> <span class='ocrx_word' id='word_1_27' title='bbox 1576 570 1676 607; x_wconf 86' lang='lat' dir='ltr'><em>novam</em></span> <span class='ocrx_word' id='word_1_28' title='bbox 1695 554 1799 619; x_wconf 72' lang='lat' dir='ltr'><em>induit3</em></span> 
     </span>
     <span class='ocr_line' id='line_1_4' title="bbox 111 638 1801 710; baseline 0 -19"><span class='ocrx_word' id='word_1_29' title='bbox 111 640 219 706; x_wconf 84' lang='lat' dir='ltr'><em>sorptio</em></span> <span class='ocrx_word' id='word_1_30' title='bbox 242 646 334 692; x_wconf 86' lang='lat' dir='ltr'><em>autem</em></span> <span class='ocrx_word' id='word_1_31' title='bbox 353 646 393 690; x_wconf 89' lang='lat' dir='ltr'><em>est</em></span> <span class='ocrx_word' id='word_1_32' title='bbox 413 639 529 691; x_wconf 78' lang='lat' dir='ltr'><em>abolitio</em></span> <span class='ocrx_word' id='word_1_33' title='bbox 544 639 654 706; x_wconf 84' lang='lat' dir='ltr'><em>prioris</em></span> <span class='ocrx_word' id='word_1_34' title='bbox 673 647 699 691; x_wconf 90' lang='lat' dir='ltr'><em>et</em></span> <span class='ocrx_word' id='word_1_35' title='bbox 726 638 882 691; x_wconf 71' lang='lat' dir='ltr'><em>substitutio</em></span> <span class='ocrx_word' id='word_1_36' title='bbox 900 638 943 690; x_wconf 91' lang='lat' dir='ltr'><em>al·</em></span> <span class='ocrx_word' id='word_1_37' title='bbox 969 638 1008 692; x_wconf 91' lang='lat' dir='ltr'><em>sie</em></span> <span class='ocrx_word' id='word_1_38' title='bbox 1025 639 1098 693; x_wconf 88' lang='lat' dir='ltr'><em>idem</em></span> <span class='ocrx_word' id='word_1_39' title='bbox 1118 656 1217 710; x_wconf 87' lang='lat' dir='ltr'><em>eorpus</em></span> <span class='ocrx_word' id='word_1_40' title='bbox 1235 638 1371 706; x_wconf 89' lang='lat' dir='ltr'><em>mauebit,</em></span> <span class='ocrx_word' id='word_1_41' title='bbox 1397 640 1470 709; x_wconf 91' lang='lat' dir='ltr'><em>quod</em></span> <span class='ocrx_word' id='word_1_42' title='bbox 1489 647 1571 693; x_wconf 84' lang='lat' dir='ltr'><em>exuta</em></span> <span class='ocrx_word' id='word_1_43' title='bbox 1591 642 1687 710; x_wconf 69' lang='grc' dir='ltr'><strong><em>φθορᾷ</em></strong></span> <span class='ocrx_word' id='word_1_44' title='bbox 1705 639 1801 693; x_wconf 89' lang='lat' dir='ltr'><em>induet</em></span> 
     </span>
     <span class='ocr_line' id='line_1_5' title="bbox 110 720 1800 795; baseline 0.001 -21"><span class='ocrx_word' id='word_1_45' title='bbox 110 726 213 787; x_wconf 70' lang='lat' dir='ltr'><em>taius,</em></span> <span class='ocrx_word' id='word_1_46' title='bbox 239 726 473 793; x_wconf 72' lang='lat' dir='ltr'><em>quaemadmodum</em></span> <span class='ocrx_word' id='word_1_47' title='bbox 490 725 577 777; x_wconf 87' lang='lat' dir='ltr'><em>veteri</em></span> <span class='ocrx_word' id='word_1_48' title='bbox 593 733 666 778; x_wconf 84' lang='lat' dir='ltr'><em>ueste</em></span> <span class='ocrx_word' id='word_1_49' title='bbox 684 725 795 791; x_wconf 76' lang='lat' dir='ltr'><em>abjecta</em></span> <span class='ocrx_word' id='word_1_50' title='bbox 811 742 884 778; x_wconf 86' lang='lat' dir='ltr'><em>nona</em></span> <span class='ocrx_word' id='word_1_51' title='bbox 902 725 942 777; x_wconf 89' lang='lat' dir='ltr'><em>in·</em></span> <span class='ocrx_word' id='word_1_52' title='bbox 969 721 1143 793; x_wconf 68' lang='grc' dir='ltr'><strong><em>ἀφθαρσίαν.</em></strong></span> <span class='ocrx_word' id='word_1_53' title='bbox 1176 725 1240 780; x_wconf 82' lang='grc' dir='ltr'>Νοιι</span> <span class='ocrx_word' id='word_1_54' title='bbox 1256 723 1390 795; x_wconf 79' lang='lat' dir='ltr'><em>ipsumsi</em></span> <span class='ocrx_word' id='word_1_55' title='bbox 1405 723 1541 795; x_wconf 74' lang='grc' dir='ltr'><strong><em>φθαρτόν,</em></strong></span> <span class='ocrx_word' id='word_1_56' title='bbox 1562 723 1610 778; x_wconf 91' lang='lat' dir='ltr'><em>sed</em></span> <span class='ocrx_word' id='word_1_57' title='bbox 1627 720 1800 792; x_wconf 74' lang='grc' dir='ltr'><strong><em>ιὴνφθοράν</em></strong></span> 
     </span>
     <span class='ocr_line' id='line_1_6' title="bbox 110 808 1800 883; baseline 0.001 -22"><span class='ocrx_word' id='word_1_58' title='bbox 110 811 215 866; x_wconf 70' lang='lat' dir='ltr'><em>eluitur.</em></span> <span class='ocrx_word' id='word_1_59' title='bbox 253 808 382 883; x_wconf 88' lang='lat' dir='ltr'><em>Idemin</em></span> <span class='ocrx_word' id='word_1_60' title='bbox 409 826 497 866; x_wconf 86' lang='lat' dir='ltr'><em>exam.</em></span> <span class='ocrx_word' id='word_1_61' title='bbox 526 814 581 864; x_wconf 85' lang='lat'><em>121.</em></span> <span class='ocrx_word' id='word_1_62' title='bbox 607 827 689 865; x_wconf 81' lang='lat' dir='ltr'><em>error,</em></span> <span class='ocrx_word' id='word_1_63' title='bbox 717 828 781 880; x_wconf 84' lang='lat' dir='ltr'><em>pag.</em></span> <span class='ocrx_word' id='word_1_64' title='bbox 800 816 847 867; x_wconf 82' lang='lat'><em>³3:</em></span> <span class='ocrx_word' id='word_1_65' title='bbox 879 813 943 864; x_wconf 88' lang='lat' dir='ltr'><em>Non</em></span> <span class='ocrx_word' id='word_1_66' title='bbox 967 809 1120 864; x_wconf 80' lang='lat' dir='ltr'><strong>exuendam</strong></span> <span class='ocrx_word' id='word_1_67' title='bbox 1144 816 1172 864; x_wconf 90' lang='lat' dir='ltr'><em>et</em></span> <span class='ocrx_word' id='word_1_68' title='bbox 1194 809 1268 864; x_wconf 84' lang='lat' dir='ltr'><em>illius</em></span> <span class='ocrx_word' id='word_1_69' title='bbox 1295 810 1354 864; x_wconf 62' lang='lat' dir='ltr'><em>lisso</em></span> <span class='ocrx_word' id='word_1_70' title='bbox 1372 809 1535 880; x_wconf 63' lang='grc' dir='ltr'><strong><em>ἀφθαρσίαν</em></strong></span> <span class='ocrx_word' id='word_1_71' title='bbox 1553 808 1721 864; x_wconf 86' lang='lat' dir='ltr'><em>induendam</em></span> <span class='ocrx_word' id='word_1_72' title='bbox 1739 826 1800 864; x_wconf 89' lang='lat' dir='ltr'><em>esse</em></span> 
     </span>
     <span class='ocr_line' id='line_1_7' title="bbox 108 894 1795 965; baseline 0 -15"><span class='ocrx_word' id='word_1_73' title='bbox 108 905 199 964; x_wconf 87' lang='lat' dir='ltr'><em>potest</em></span> <span class='ocrx_word' id='word_1_74' title='bbox 235 896 401 965; x_wconf 74' lang='lat' dir='ltr'><em>Smiplaeius</em></span> <span class='ocrx_word' id='word_1_75' title='bbox 436 905 561 950; x_wconf 68' lang='lat' dir='ltr'><em>assutae</em></span> <span class='ocrx_word' id='word_1_76' title='bbox 591 904 732 950; x_wconf 77' lang='lat' dir='ltr'><em>uaemrsm</em></span> <span class='ocrx_word' id='word_1_77' title='bbox 761 897 855 963; x_wconf 89' lang='lat' dir='ltr'><em>iilum,</em></span> <span class='ocrx_word' id='word_1_78' title='bbox 888 914 941 964; x_wconf 79' lang='lat' dir='ltr'><em>qno</em></span> <span class='ocrx_word' id='word_1_79' title='bbox 965 894 1105 963; x_wconf 87' lang='lat' dir='ltr'><em>apostolus</em></span> <span class='ocrx_word' id='word_1_80' title='bbox 1124 895 1211 951; x_wconf 86' lang='lat' dir='ltr'><em>docet.</em></span> <span class='ocrx_word' id='word_1_81' title='bbox 1251 902 1274 949; x_wconf 79' lang='lat'><em>7.</em></span> <span class='ocrx_word' id='word_1_82' title='bbox 1293 896 1373 960; x_wconf 80' lang='lat' dir='ltr'><em>Quod</em></span> <span class='ocrx_word' id='word_1_83' title='bbox 1392 895 1575 950; x_wconf 88' lang='lat' dir='ltr'><em>Sebmaltzius</em></span> <span class='ocrx_word' id='word_1_84' title='bbox 1594 894 1668 963; x_wconf 86' lang='lat' dir='ltr'><em>dieit,</em></span> <span class='ocrx_word' id='word_1_85' title='bbox 1688 904 1795 963; x_wconf 85' lang='lat' dir='ltr'><em>aposto·</em></span> 
     </span>
     <span class='ocr_line' id='line_1_8' title="bbox 108 980 1798 1051; baseline 0.001 -18"><span class='ocrx_word' id='word_1_86' title='bbox 108 983 245 1049; x_wconf 79' lang='lat' dir='ltr'><em>sorrsrsint,</em></span> <span class='ocrx_word' id='word_1_87' title='bbox 277 982 452 1035; x_wconf 81' lang='lat' dir='ltr'><em>immortalia</em></span> <span class='ocrx_word' id='word_1_88' title='bbox 478 999 601 1049; x_wconf 70' lang='lat' dir='ltr'><em>turpiora</em></span> <span class='ocrx_word' id='word_1_89' title='bbox 626 982 728 1036; x_wconf 85' lang='lat' dir='ltr'><em>inille</em></span> <span class='ocrx_word' id='word_1_90' title='bbox 749 983 829 1036; x_wconf 83' lang='lat' dir='ltr'><em>beato</em></span> <span class='ocrx_word' id='word_1_91' title='bbox 846 980 1025 1045; x_wconf 64' lang='lat' dir='ltr'><em>sarmatiam</em></span> <span class='ocrx_word' id='word_1_92' title='bbox 1041 998 1093 1048; x_wconf 71' lang='lat' dir='ltr'><em>pin</em></span> <span class='ocrx_word' id='word_1_93' title='bbox 1110 997 1202 1036; x_wconf 67' lang='lat' dir='ltr'><em>stacam</em></span> <span class='ocrx_word' id='word_1_94' title='bbox 1220 983 1359 1036; x_wconf 79' lang='lat' dir='ltr'><em>induendi</em></span> <span class='ocrx_word' id='word_1_95' title='bbox 1374 1000 1429 1034; x_wconf 89' lang='lat' dir='ltr'><em>non</em></span> <span class='ocrx_word' id='word_1_96' title='bbox 1446 981 1603 1051; x_wconf 74' lang='lat' dir='ltr'><em>inteitipere</em></span> <span class='ocrx_word' id='word_1_97' title='bbox 1620 982 1798 1034; x_wconf 76' lang='lat' dir='ltr'><em>retentionem</em></span> 
     </span>
     <span class='ocr_line' id='line_1_9' title="bbox 101 1048 1798 1138; baseline -0.001 -17"><span class='ocrx_word' id='word_1_98' title='bbox 101 1069 211 1134; x_wconf 79' lang='lat' dir='ltr'><em>ssstssm</em></span> <span class='ocrx_word' id='word_1_99' title='bbox 234 1068 321 1137; x_wconf 91' lang='lat' dir='ltr'><em>talia,</em></span> <span class='ocrx_word' id='word_1_100' title='bbox 355 1085 426 1136; x_wconf 81' lang='lat' dir='ltr'><em>quae</em></span> <span class='ocrx_word' id='word_1_101' title='bbox 449 1085 482 1121; x_wconf 78' lang='lat' dir='ltr'><em>aa</em></span> <span class='ocrx_word' id='word_1_102' title='bbox 505 1084 605 1132; x_wconf 83' lang='lat' dir='ltr'><em>earne,</em></span> <span class='ocrx_word' id='word_1_103' title='bbox 636 1068 772 1135; x_wconf 74' lang='lat' dir='ltr'><em>sanquine</em></span> <span class='ocrx_word' id='word_1_104' title='bbox 790 1077 816 1120; x_wconf 87' lang='lat' dir='ltr'><em>et</em></span> <span class='ocrx_word' id='word_1_105' title='bbox 833 1048 1158 1134; x_wconf 77' lang='lat' dir='ltr'><em>assibusiaorruptibslis</em></span> <span class='ocrx_word' id='word_1_106' title='bbox 1175 1077 1201 1121; x_wconf 89' lang='lat' dir='ltr'><em>et</em></span> <span class='ocrx_word' id='word_1_107' title='bbox 1213 1070 1390 1138; x_wconf 67' lang='lat' dir='ltr'><em>ostentionem</em></span> <span class='ocrx_word' id='word_1_108' title='bbox 1405 1075 1556 1135; x_wconf 86' lang='lat' dir='ltr'><em>praeterea</em></span> <span class='ocrx_word' id='word_1_109' title='bbox 1569 1067 1798 1135; x_wconf 80' lang='lat' dir='ltr'><em>incorruptibilis,</em></span> 
     </span>
     <span class='ocr_line' id='line_1_10' title="bbox 109 1138 1798 1222; baseline -0.001 -16"><span class='ocrx_word' id='word_1_110' title='bbox 109 1160 243 1222; x_wconf 75' lang='lat' dir='ltr'><em>semlant,</em></span> <span class='ocrx_word' id='word_1_111' title='bbox 264 1170 318 1222; x_wconf 78' lang='lat' dir='ltr'><em>quo</em></span> <span class='ocrx_word' id='word_1_112' title='bbox 335 1154 382 1207; x_wconf 79' lang='lat' dir='ltr'><em>oia</em></span> <span class='ocrx_word' id='word_1_113' title='bbox 404 1154 517 1220; x_wconf 77' lang='lat' dir='ltr'><em>aliquid</em></span> <span class='ocrx_word' id='word_1_114' title='bbox 536 1153 685 1206; x_wconf 77' lang='lat' dir='ltr'><em>absrrrslius</em></span> <span class='ocrx_word' id='word_1_115' title='bbox 705 1161 730 1205; x_wconf 91' lang='lat' dir='ltr'><em>et</em></span> <span class='ocrx_word' id='word_1_116' title='bbox 751 1153 857 1207; x_wconf 78' lang='lat' dir='ltr'><em>Glsrrsti</em></span> <span class='ocrx_word' id='word_1_117' title='bbox 873 1153 938 1207; x_wconf 86' lang='lat' dir='ltr'><em>reli·</em></span> <span class='ocrx_word' id='word_1_118' title='bbox 951 1138 1016 1202; x_wconf 79' lang='lat' dir='ltr'><em>issu</em></span> <span class='ocrx_word' id='word_1_119' title='bbox 1038 1151 1099 1204; x_wconf 85' lang='lat' dir='ltr'><em>loco</em></span> <span class='ocrx_word' id='word_1_120' title='bbox 1124 1154 1315 1221; x_wconf 82' lang='lat' dir='ltr'><em>corruptibilis</em></span> <span class='ocrx_word' id='word_1_121' title='bbox 1333 1153 1549 1206; x_wconf 80' lang='lat' dir='ltr'><em>substitutionem</em></span> <span class='ocrx_word' id='word_1_122' title='bbox 1567 1153 1798 1220; x_wconf 80' lang='lat' dir='ltr'><em>incorruptibilis,</em></span> 
     </span>
     <span class='ocr_line' id='line_1_11' title="bbox 107 1236 1913 1315; baseline -0.001 -22"><span class='ocrx_word' id='word_1_123' title='bbox 107 1240 189 1307; x_wconf 76' lang='lat' dir='ltr'><em>piane</em></span> <span class='ocrx_word' id='word_1_124' title='bbox 219 1240 366 1309; x_wconf 76' lang='lat' dir='ltr'><em>indipnius</em></span> <span class='ocrx_word' id='word_1_125' title='bbox 399 1239 522 1308; x_wconf 78' lang='lat' dir='ltr'><em>ospitari</em></span> <span class='ocrx_word' id='word_1_126' title='bbox 550 1247 649 1307; x_wconf 81' lang='lat' dir='ltr'><em>potest.</em></span> <span class='ocrx_word' id='word_1_127' title='bbox 695 1239 727 1292; x_wconf 91' lang='lat' dir='ltr'><em>ln</em></span> <span class='ocrx_word' id='word_1_128' title='bbox 760 1255 847 1294; x_wconf 82' lang='lat' dir='ltr'><em>exam.</em></span> <span class='ocrx_word' id='word_1_129' title='bbox 883 1236 1095 1315; x_wconf 78' lang='lat' dir='ltr'><em>157.·ambigue</em></span> <span class='ocrx_word' id='word_1_130' title='bbox 1124 1237 1236 1297; x_wconf 83' lang='lat' dir='ltr'><em>dicitur,</em></span> <span class='ocrx_word' id='word_1_131' title='bbox 1267 1239 1309 1291; x_wconf 86' lang='lat' dir='ltr'><em>vel</em></span> <span class='ocrx_word' id='word_1_132' title='bbox 1339 1239 1412 1293; x_wconf 87' lang='lat' dir='ltr'><em>enim</em></span> <span class='ocrx_word' id='word_1_133' title='bbox 1438 1239 1473 1292; x_wconf 89' lang='lat' dir='ltr'><em>de</em></span> <span class='ocrx_word' id='word_1_134' title='bbox 1497 1238 1652 1292; x_wconf 85' lang='lat' dir='ltr'><em>substantia</em></span> <span class='ocrx_word' id='word_1_135' title='bbox 1676 1238 1796 1307; x_wconf 88' lang='lat' dir='ltr'><em>eorporis</em></span> <span class='ocrx_word' id='word_1_136' title='bbox 1812 1239 1866 1280; x_wconf 66' lang='grc' dir='ltr'><em>ΠΧ·</em></span> <span class='ocrx_word' id='word_1_137' title='bbox 1880 1239 1913 1281; x_wconf 65' lang='lat'><em>³&amp;</em></span> 
     </span>
     <span class='ocr_line' id='line_1_12' title="bbox 108 1321 1794 1394; baseline -0.001 -15"><span class='ocrx_word' id='word_1_138' title='bbox 108 1343 190 1380; x_wconf 90' lang='lat' dir='ltr'><em>error.</em></span> <span class='ocrx_word' id='word_1_139' title='bbox 216 1341 266 1380; x_wconf 88' lang='lat' dir='ltr'><em>err.</em></span> <span class='ocrx_word' id='word_1_140' title='bbox 293 1330 349 1379; x_wconf 75' lang='lat'><strong>103·</strong></span> <span class='ocrx_word' id='word_1_141' title='bbox 379 1342 404 1393; x_wconf 91' lang='lat' dir='ltr'><em>p.</em></span> <span class='ocrx_word' id='word_1_142' title='bbox 427 1330 475 1379; x_wconf 82' lang='lat'><em>29:</em></span> <span class='ocrx_word' id='word_1_143' title='bbox 507 1325 576 1378; x_wconf 88' lang='lat' dir='ltr'><em>Post</em></span> <span class='ocrx_word' id='word_1_144' title='bbox 600 1324 830 1378; x_wconf 82' lang='lat' dir='ltr'><em>resurrectionem</em></span> <span class='ocrx_word' id='word_1_145' title='bbox 846 1325 942 1389; x_wconf 82' lang='lat' dir='ltr'><em>saturi</em></span> <span class='ocrx_word' id='word_1_146' title='bbox 964 1321 1098 1392; x_wconf 87' lang='lat' dir='ltr'><em>loquitur,</em></span> <span class='ocrx_word' id='word_1_147' title='bbox 1126 1324 1168 1376; x_wconf 86' lang='lat' dir='ltr'><em>vel</em></span> <span class='ocrx_word' id='word_1_148' title='bbox 1188 1323 1222 1378; x_wconf 88' lang='lat' dir='ltr'><em>de</em></span> <span class='ocrx_word' id='word_1_149' title='bbox 1239 1325 1362 1393; x_wconf 88' lang='lat' dir='ltr'><em>ejusdem</em></span> <span class='ocrx_word' id='word_1_150' title='bbox 1381 1324 1567 1394; x_wconf 89' lang='lat' dir='ltr'><em>qualitatibus.</em></span> <span class='ocrx_word' id='word_1_151' title='bbox 1608 1324 1695 1378; x_wconf 88' lang='lat' dir='ltr'><em>Priori</em></span> <span class='ocrx_word' id='word_1_152' title='bbox 1714 1342 1794 1379; x_wconf 86' lang='lat' dir='ltr'><em>seusu</em></span> 
     </span>
     <span class='ocr_line' id='line_1_13' title="bbox 106 1407 1795 1479; baseline 0 -14"><span class='ocrx_word' id='word_1_153' title='bbox 106 1413 210 1465; x_wconf 74' lang='lat' dir='ltr'><em>emmas</em></span> <span class='ocrx_word' id='word_1_154' title='bbox 230 1410 336 1464; x_wconf 84' lang='lat' dir='ltr'><em>similes</em></span> <span class='ocrx_word' id='word_1_155' title='bbox 348 1413 411 1464; x_wconf 87' lang='lat' dir='ltr'><em>Dea</em></span> <span class='ocrx_word' id='word_1_156' title='bbox 431 1411 460 1462; x_wconf 89' lang='lat' dir='ltr'><em>in</em></span> <span class='ocrx_word' id='word_1_157' title='bbox 478 1417 581 1464; x_wconf 73' lang='lat' dir='ltr'><em>natssra</em></span> <span class='ocrx_word' id='word_1_158' title='bbox 599 1411 682 1463; x_wconf 88' lang='lat' dir='ltr'><em>etiam</em></span> <span class='ocrx_word' id='word_1_159' title='bbox 700 1413 796 1478; x_wconf 81' lang='lat' dir='ltr'><em>quoad</em></span> <span class='ocrx_word' id='word_1_160' title='bbox 808 1428 937 1479; x_wconf 75' lang='grc' dir='ltr'><strong><em>αοαροαα.</em></strong></span> <span class='ocrx_word' id='word_1_161' title='bbox 965 1424 1111 1477; x_wconf 88' lang='lat' dir='ltr'><em>negamus,</em></span> <span class='ocrx_word' id='word_1_162' title='bbox 1143 1407 1217 1478; x_wconf 90' lang='lat' dir='ltr'><em>quod</em></span> <span class='ocrx_word' id='word_1_163' title='bbox 1242 1425 1259 1462; x_wconf 91' lang='lat' dir='ltr'><em>a</em></span> <span class='ocrx_word' id='word_1_164' title='bbox 1280 1409 1444 1465; x_wconf 83' lang='lat' dir='ltr'><em>Sohmaltsio</em></span> <span class='ocrx_word' id='word_1_165' title='bbox 1463 1408 1631 1474; x_wconf 86' lang='lat' dir='ltr'><em>affirmatur,</em></span> <span class='ocrx_word' id='word_1_166' title='bbox 1666 1410 1795 1465; x_wconf 85' lang='lat' dir='ltr'><em>videlieet</em></span> 
     </span>
     <span class='ocr_line' id='line_1_14' title="bbox 108 1491 1796 1565; baseline -0.001 -14"><span class='ocrx_word' id='word_1_167' title='bbox 108 1514 157 1551; x_wconf 84' lang='lat' dir='ltr'><em>err.</em></span> <span class='ocrx_word' id='word_1_168' title='bbox 182 1502 236 1552; x_wconf 78' lang='lat'><em>115.</em></span> <span class='ocrx_word' id='word_1_169' title='bbox 265 1513 389 1565; x_wconf 83' lang='lat' dir='ltr'><em>corpora</em></span> <span class='ocrx_word' id='word_1_170' title='bbox 415 1496 584 1550; x_wconf 83' lang='lat' dir='ltr'><em>immortalia</em></span> <span class='ocrx_word' id='word_1_171' title='bbox 608 1497 765 1549; x_wconf 85' lang='lat' dir='ltr'><em>stomaobos</em></span> <span class='ocrx_word' id='word_1_172' title='bbox 789 1515 845 1551; x_wconf 88' lang='lat' dir='ltr'><em>non</em></span> <span class='ocrx_word' id='word_1_173' title='bbox 863 1497 939 1550; x_wconf 80' lang='lat' dir='ltr'><em>uooi-</em></span> <span class='ocrx_word' id='word_1_174' title='bbox 965 1491 1137 1546; x_wconf 86' lang='lat' dir='ltr'><em>substantiae</em></span> <span class='ocrx_word' id='word_1_175' title='bbox 1155 1494 1276 1562; x_wconf 88' lang='lat' dir='ltr'><em>corporis</em></span> <span class='ocrx_word' id='word_1_176' title='bbox 1295 1495 1482 1564; x_wconf 85' lang='lat' dir='ltr'><em>corruptibilis</em></span> <span class='ocrx_word' id='word_1_177' title='bbox 1495 1495 1615 1549; x_wconf 84' lang='lat' dir='ltr'><em>abolitae</em></span> <span class='ocrx_word' id='word_1_178' title='bbox 1630 1495 1796 1550; x_wconf 87' lang='lat' dir='ltr'><em>substituen-</em></span> 
     </span>
     <span class='ocr_line' id='line_1_15' title="bbox 107 1577 1795 1652; baseline 0.001 -17"><span class='ocrx_word' id='word_1_179' title='bbox 107 1591 172 1636; x_wconf 87' lang='lat' dir='ltr'><em>tura</em></span> <span class='ocrx_word' id='word_1_180' title='bbox 189 1582 295 1639; x_wconf 85' lang='lat' dir='ltr'><em>asserit.</em></span> <span class='ocrx_word' id='word_1_181' title='bbox 321 1583 425 1636; x_wconf 79' lang='lat' dir='ltr'><em>Contra</em></span> <span class='ocrx_word' id='word_1_182' title='bbox 444 1581 513 1652; x_wconf 87' lang='lat' dir='ltr'><em>disp.</em></span> <span class='ocrx_word' id='word_1_183' title='bbox 537 1589 559 1636; x_wconf 83' lang='grc'><em>7.</em></span> <span class='ocrx_word' id='word_1_184' title='bbox 581 1588 643 1652; x_wconf 89' lang='lat' dir='ltr'><em>post</em></span> <span class='ocrx_word' id='word_1_185' title='bbox 662 1582 697 1637; x_wconf 92' lang='lat' dir='ltr'><em>D.</em></span> <span class='ocrx_word' id='word_1_186' title='bbox 710 1583 821 1637; x_wconf 83' lang='lat' dir='ltr'><em>Frants.</em></span> <span class='ocrx_word' id='word_1_187' title='bbox 835 1587 938 1652; x_wconf 66' lang='lat' dir='ltr'><em>pult:</em></span> <span class='ocrx_word' id='word_1_188' title='bbox 966 1577 1028 1630; x_wconf 89' lang='lat' dir='ltr'><em>dam</em></span> <span class='ocrx_word' id='word_1_189' title='bbox 1048 1577 1105 1631; x_wconf 88' lang='lat' dir='ltr'><em>iore</em></span> <span class='ocrx_word' id='word_1_190' title='bbox 1123 1577 1207 1632; x_wconf 87' lang='lat' dir='ltr'><em>aliam</em></span> <span class='ocrx_word' id='word_1_191' title='bbox 1226 1579 1408 1634; x_wconf 85' lang='lat' dir='ltr'><em>substantiam</em></span> <span class='ocrx_word' id='word_1_192' title='bbox 1429 1580 1549 1648; x_wconf 85' lang='lat' dir='ltr'><em>eorporis</em></span> <span class='ocrx_word' id='word_1_193' title='bbox 1563 1579 1795 1650; x_wconf 81' lang='lat' dir='ltr'><em>incorruptibilis:</em></span> 
     </span>
     <span class='ocr_line' id='line_1_16' title="bbox 109 1662 1797 1737; baseline 0 -14"><span class='ocrx_word' id='word_1_194' title='bbox 109 1669 360 1737; x_wconf 65' lang='lat' dir='ltr'><em>statueramus</em></span> <span class='ocrx_word' id='word_1_195' title='bbox 379 1669 939 1737; x_wconf 73' lang='lat' dir='ltr'><em>eorporanostrafuturasintoloriosa,</em></span> <span class='ocrx_word' id='word_1_196' title='bbox 965 1662 1109 1731; x_wconf 83' lang='lat' dir='ltr'><em>posteriori</em></span> <span class='ocrx_word' id='word_1_197' title='bbox 1140 1671 1232 1718; x_wconf 88' lang='lat' dir='ltr'><em>autem</em></span> <span class='ocrx_word' id='word_1_198' title='bbox 1269 1682 1351 1719; x_wconf 87' lang='lat' dir='ltr'><em>seusu</em></span> <span class='ocrx_word' id='word_1_199' title='bbox 1382 1665 1572 1730; x_wconf 86' lang='lat' dir='ltr'><em>concedimus,</em></span> <span class='ocrx_word' id='word_1_200' title='bbox 1608 1684 1663 1736; x_wconf 89' lang='lat' dir='ltr'><em>qua</em></span> <span class='ocrx_word' id='word_1_201' title='bbox 1691 1668 1797 1724; x_wconf 87' lang='lat' dir='ltr'><em>ratione</em></span> 
     </span>
     <span class='ocr_line' id='line_1_17' title="bbox 108 1748 1795 1824; baseline 0.001 -19"><span class='ocrx_word' id='word_1_202' title='bbox 108 1756 279 1824; x_wconf 65' lang='lat' dir='ltr'><em>inpossibile</em></span> <span class='ocrx_word' id='word_1_203' title='bbox 315 1763 376 1823; x_wconf 89' lang='lat' dir='ltr'><em>est,</em></span> <span class='ocrx_word' id='word_1_204' title='bbox 421 1771 543 1822; x_wconf 86' lang='lat' dir='ltr'><em>corpora</em></span> <span class='ocrx_word' id='word_1_205' title='bbox 580 1756 652 1807; x_wconf 83' lang='lat' dir='ltr'><em>talia</em></span> <span class='ocrx_word' id='word_1_206' title='bbox 690 1756 757 1808; x_wconf 81' lang='lat' dir='ltr'><em>olim</em></span> <span class='ocrx_word' id='word_1_207' title='bbox 795 1757 939 1821; x_wconf 69' lang='lat' dir='ltr'><em>meliora,</em></span> <span class='ocrx_word' id='word_1_208' title='bbox 965 1748 1054 1819; x_wconf 84' lang='lat' dir='ltr'><em>stylus</em></span> <span class='ocrx_word' id='word_1_209' title='bbox 1074 1749 1114 1802; x_wconf 86' lang='lat' dir='ltr'><em>sie</em></span> <span class='ocrx_word' id='word_1_210' title='bbox 1132 1748 1229 1803; x_wconf 87' lang='lat' dir='ltr'><em>inisset</em></span> <span class='ocrx_word' id='word_1_211' title='bbox 1249 1750 1447 1817; x_wconf 85' lang='lat' dir='ltr'><em>informandus,</em></span> <span class='ocrx_word' id='word_1_212' title='bbox 1466 1751 1620 1821; x_wconf 89' lang='lat' dir='ltr'><em>apostolum</em></span> <span class='ocrx_word' id='word_1_213' title='bbox 1639 1768 1687 1821; x_wconf 90' lang='lat' dir='ltr'><em>per</em></span> <span class='ocrx_word' id='word_1_214' title='bbox 1701 1770 1795 1807; x_wconf 81' lang='lat' dir='ltr'><em>vocem</em></span> 
     </span>
     <span class='ocr_line' id='line_1_18' title="bbox 106 1833 1796 1913; baseline -0.003 -18"><span class='ocrx_word' id='word_1_215' title='bbox 106 1859 179 1913; x_wconf 71' lang='grc' dir='ltr'>ιμιιια</span> <span class='ocrx_word' id='word_1_216' title='bbox 196 1858 310 1896; x_wconf 87' lang='lat' dir='ltr'><em>earnem</em></span> <span class='ocrx_word' id='word_1_217' title='bbox 327 1842 531 1909; x_wconf 79' lang='lat' dir='ltr'><em>etsanpninem</em></span> <span class='ocrx_word' id='word_1_218' title='bbox 545 1841 673 1907; x_wconf 84' lang='lat' dir='ltr'><em>babeant,</em></span> <span class='ocrx_word' id='word_1_219' title='bbox 687 1849 743 1894; x_wconf 87' lang='lat' dir='ltr'><em>toto</em></span> <span class='ocrx_word' id='word_1_220' title='bbox 757 1843 940 1910; x_wconf 76' lang='lat' dir='ltr'><em>enimpanere</em></span> <span class='ocrx_word' id='word_1_221' title='bbox 965 1833 1103 1888; x_wconf 69' lang='lat' dir='ltr'><em>induendi</em></span> <span class='ocrx_word' id='word_1_222' title='bbox 1130 1852 1186 1889; x_wconf 85' lang='lat' dir='ltr'><em>non</em></span> <span class='ocrx_word' id='word_1_223' title='bbox 1218 1835 1371 1907; x_wconf 81' lang='lat' dir='ltr'><em>intelligere</em></span> <span class='ocrx_word' id='word_1_224' title='bbox 1404 1838 1583 1892; x_wconf 75' lang='lat' dir='ltr'><em>retentionem</em></span> <span class='ocrx_word' id='word_1_225' title='bbox 1617 1840 1658 1904; x_wconf 67' lang='lat' dir='ltr'><em>ni,-</em></span> <span class='ocrx_word' id='word_1_226' title='bbox 1686 1842 1796 1911; x_wconf 74' lang='grc' dir='ltr'><strong><em>φθορᾶς</em></strong></span> 
     </span>
     <span class='ocr_line' id='line_1_19' title="bbox 106 1919 1794 1999; baseline 0.002 -23"><span class='ocrx_word' id='word_1_227' title='bbox 106 1931 242 1999; x_wconf 67' lang='lat' dir='ltr'><em>differunt</em></span> <span class='ocrx_word' id='word_1_228' title='bbox 262 1945 330 1983; x_wconf 83' lang='lat' dir='ltr'><em>caro</em></span> <span class='ocrx_word' id='word_1_229' title='bbox 349 1936 374 1982; x_wconf 77' lang='lat' dir='ltr'><em>at</em></span> <span class='ocrx_word' id='word_1_230' title='bbox 392 1929 507 1995; x_wconf 67' lang='lat' dir='ltr'><em>sanquis</em></span> <span class='ocrx_word' id='word_1_231' title='bbox 520 1936 546 1981; x_wconf 71' lang='lat' dir='ltr'><em>et</em></span> <span class='ocrx_word' id='word_1_232' title='bbox 560 1929 686 1996; x_wconf 58' lang='lat' dir='ltr'><em>spiritua.</em></span> <span class='ocrx_word' id='word_1_233' title='bbox 717 1927 939 1998; x_wconf 69' lang='lat' dir='ltr'><em>Respondemus:</em></span> <span class='ocrx_word' id='word_1_234' title='bbox 965 1919 1147 1988; x_wconf 73' lang='lat' dir='ltr'><em>corruptionis</em></span> <span class='ocrx_word' id='word_1_235' title='bbox 1162 1925 1189 1974; x_wconf 79' lang='lat' dir='ltr'><em>et</em></span> <span class='ocrx_word' id='word_1_236' title='bbox 1209 1922 1455 1989; x_wconf 67' lang='lat' dir='ltr'><em>corruptibilitatis</em></span> <span class='ocrx_word' id='word_1_237' title='bbox 1478 1941 1510 1977; x_wconf 75' lang='lat' dir='ltr'><em>oo</em></span> <span class='ocrx_word' id='word_1_238' title='bbox 1530 1923 1704 1992; x_wconf 77' lang='lat' dir='ltr'><em>adeptionem</em></span> <span class='ocrx_word' id='word_1_239' title='bbox 1716 1943 1794 1994; x_wconf 85' lang='lat' dir='ltr'><em>prae·</em></span> 
     </span>
     <span class='ocr_line' id='line_1_20' title="bbox 109 2005 1796 2086; baseline -0.002 -18"><span class='ocrx_word' id='word_1_240' title='bbox 109 2020 131 2069; x_wconf 82' lang='lat'><em>¹.</em></span> <span class='ocrx_word' id='word_1_241' title='bbox 151 2031 206 2069; x_wconf 90' lang='lat' dir='ltr'><em>non</em></span> <span class='ocrx_word' id='word_1_242' title='bbox 223 2014 372 2086; x_wconf 86' lang='lat' dir='ltr'><em>quaeritur,</em></span> <span class='ocrx_word' id='word_1_243' title='bbox 390 2014 528 2083; x_wconf 89' lang='lat' dir='ltr'><em>quomodo</em></span> <span class='ocrx_word' id='word_1_244' title='bbox 546 2013 631 2067; x_wconf 84' lang='lat' dir='ltr'><em>verba</em></span> <span class='ocrx_word' id='word_1_245' title='bbox 651 2012 777 2082; x_wconf 87' lang='lat' dir='ltr'><em>symboli,</em></span> <span class='ocrx_word' id='word_1_246' title='bbox 796 2014 879 2065; x_wconf 74' lang='lat' dir='ltr'><em>arado</em></span> <span class='ocrx_word' id='word_1_247' title='bbox 898 2013 1040 2075; x_wconf 71' lang='lat' dir='ltr'><em>ratores</em></span> <span class='ocrx_word' id='word_1_248' title='bbox 1075 2005 1235 2077; x_wconf 73' lang='grc' dir='ltr'><strong><em>ἀφθαρσίας</em></strong></span> <span class='ocrx_word' id='word_1_249' title='bbox 1270 2012 1299 2061; x_wconf 86' lang='lat' dir='ltr'><em>et</em></span> <span class='ocrx_word' id='word_1_250' title='bbox 1336 2007 1618 2080; x_wconf 81' lang='lat' dir='ltr'><em>incorruptibilitatis,</em></span> <span class='ocrx_word' id='word_1_251' title='bbox 1656 2010 1704 2063; x_wconf 87' lang='lat' dir='ltr'><em>sed</em></span> <span class='ocrx_word' id='word_1_252' title='bbox 1735 2011 1796 2065; x_wconf 88' lang='lat' dir='ltr'><em>loco</em></span> 
     </span>
     <span class='ocr_line' id='line_1_21' title="bbox 106 2082 1797 2169; baseline -0.002 -15"><span class='ocrx_word' id='word_1_253' title='bbox 106 2102 304 2154; x_wconf 79' lang='lat' dir='ltr'><em>surrectionem</em></span> <span class='ocrx_word' id='word_1_254' title='bbox 328 2100 437 2162; x_wconf 78' lang='lat' dir='ltr'><em>camis,</em></span> <span class='ocrx_word' id='word_1_255' title='bbox 466 2098 584 2169; x_wconf 82' lang='lat' dir='ltr'><em>intelligi</em></span> <span class='ocrx_word' id='word_1_256' title='bbox 609 2099 652 2152; x_wconf 84' lang='lat' dir='ltr'><em>vel</em></span> <span class='ocrx_word' id='word_1_257' title='bbox 668 2098 760 2166; x_wconf 88' lang='lat' dir='ltr'><em>potius</em></span> <span class='ocrx_word' id='word_1_258' title='bbox 781 2097 938 2167; x_wconf 86' lang='lat' dir='ltr'><em>detorqueri</em></span> <span class='ocrx_word' id='word_1_259' title='bbox 951 2082 954 2169; x_wconf 71' lang='lat' dir='ltr'><em>t</em></span> <span class='ocrx_word' id='word_1_260' title='bbox 965 2092 1077 2162; x_wconf 82' lang='grc' dir='ltr'><strong><em>φθορᾶς</em></strong></span> <span class='ocrx_word' id='word_1_261' title='bbox 1095 2099 1123 2146; x_wconf 91' lang='lat' dir='ltr'><em>et</em></span> <span class='ocrx_word' id='word_1_262' title='bbox 1140 2090 1378 2161; x_wconf 84' lang='lat' dir='ltr'><em>corruptibilitatis</em></span> <span class='ocrx_word' id='word_1_263' title='bbox 1398 2093 1622 2148; x_wconf 88' lang='lat' dir='ltr'><em>substitutionem</em></span> <span class='ocrx_word' id='word_1_264' title='bbox 1636 2095 1797 2167; x_wconf 73' lang='grc' dir='ltr'><strong><em>ιἰφιιαρσίας</em></strong></span> 
     </span>
     <span class='ocr_line' id='line_1_22' title="bbox 101 2175 1794 2263; baseline -0.001 -26"><span class='ocrx_word' id='word_1_265' title='bbox 101 2187 227 2254; x_wconf 82' lang='lat' dir='ltr'><em>possint,</em></span> <span class='ocrx_word' id='word_1_266' title='bbox 247 2185 296 2241; x_wconf 87' lang='lat' dir='ltr'><em>sed</em></span> <span class='ocrx_word' id='word_1_267' title='bbox 317 2186 455 2256; x_wconf 89' lang='lat' dir='ltr'><em>quomodo</em></span> <span class='ocrx_word' id='word_1_268' title='bbox 470 2187 551 2254; x_wconf 81' lang='lat' dir='ltr'><em>juxta</em></span> <span class='ocrx_word' id='word_1_269' title='bbox 568 2183 632 2238; x_wconf 80' lang='lat' dir='ltr'><em>fidei</em></span> <span class='ocrx_word' id='word_1_270' title='bbox 658 2184 814 2254; x_wconf 79' lang='lat' dir='ltr'><em>analogiam</em></span> <span class='ocrx_word' id='word_1_271' title='bbox 830 2183 859 2236; x_wconf 91' lang='lat' dir='ltr'><em>in</em></span> <span class='ocrx_word' id='word_1_272' title='bbox 877 2200 937 2252; x_wconf 82' lang='lat' dir='ltr'><em>per·</em></span> <span class='ocrx_word' id='word_1_273' title='bbox 950 2180 954 2263; x_wconf 60' lang='lat' dir='ltr'><em>t</em></span> <span class='ocrx_word' id='word_1_274' title='bbox 965 2184 993 2231; x_wconf 87' lang='lat' dir='ltr'><em>et</em></span> <span class='ocrx_word' id='word_1_275' title='bbox 1011 2175 1287 2248; x_wconf 80' lang='lat' dir='ltr'><em>incorruptibilitatis,</em></span> <span class='ocrx_word' id='word_1_276' title='bbox 1307 2180 1382 2248; x_wconf 91' lang='lat' dir='ltr'><em>quod</em></span> <span class='ocrx_word' id='word_1_277' title='bbox 1398 2186 1460 2232; x_wconf 77' lang='grc' dir='ltr'><strong><em>ταῖν</em></strong></span> <span class='ocrx_word' id='word_1_278' title='bbox 1473 2177 1583 2251; x_wconf 65' lang='grc' dir='ltr'>ιἰμιιιιῖν</span> <span class='ocrx_word' id='word_1_279' title='bbox 1597 2181 1794 2251; x_wconf 80' lang='lat' dir='ltr'><em>amplectimur.</em></span> 
     </span>
     <span class='ocr_line' id='line_1_23' title="bbox 106 2264 1794 2343; baseline -0.002 -18"><span class='ocrx_word' id='word_1_280' title='bbox 106 2270 210 2341; x_wconf 82' lang='lat' dir='ltr'><em>apionis</em></span> <span class='ocrx_word' id='word_1_281' title='bbox 228 2271 386 2343; x_wconf 87' lang='lat' dir='ltr'><em>Scripturas</em></span> <span class='ocrx_word' id='word_1_282' title='bbox 406 2271 473 2327; x_wconf 88' lang='lat' dir='ltr'><em>locis</em></span> <span class='ocrx_word' id='word_1_283' title='bbox 494 2271 662 2341; x_wconf 84' lang='lat' dir='ltr'><em>propositam</em></span> <span class='ocrx_word' id='word_1_284' title='bbox 682 2268 799 2339; x_wconf 84' lang='lat' dir='ltr'><em>intelligi</em></span> <span class='ocrx_word' id='word_1_285' title='bbox 815 2270 938 2323; x_wconf 85' lang='lat' dir='ltr'><em>debeant.</em></span> <span class='ocrx_word' id='word_1_286' title='bbox 965 2269 987 2319; x_wconf 85' lang='lat'><em>8.</em></span> <span class='ocrx_word' id='word_1_287' title='bbox 1010 2264 1222 2335; x_wconf 69' lang='lat' dir='ltr'><em>absorptionem</em></span> <span class='ocrx_word' id='word_1_288' title='bbox 1239 2281 1293 2318; x_wconf 91' lang='lat' dir='ltr'><em>non</em></span> <span class='ocrx_word' id='word_1_289' title='bbox 1317 2265 1401 2320; x_wconf 86' lang='lat' dir='ltr'><em>refert</em></span> <span class='ocrx_word' id='word_1_290' title='bbox 1418 2265 1559 2335; x_wconf 87' lang='lat' dir='ltr'><em>apostolus</em></span> <span class='ocrx_word' id='word_1_291' title='bbox 1578 2265 1719 2336; x_wconf 85' lang='lat' dir='ltr'><em>adipsum</em></span> <span class='ocrx_word' id='word_1_292' title='bbox 1738 2284 1794 2323; x_wconf 86' lang='lat' dir='ltr'><em>eor·</em></span> 
     </span>
     <span class='ocr_line' id='line_1_24' title="bbox 106 2347 1794 2428; baseline -0.004 -15"><span class='ocrx_word' id='word_1_293' title='bbox 106 2362 130 2412; x_wconf 77' lang='grc'><em>2.</em></span> <span class='ocrx_word' id='word_1_294' title='bbox 151 2358 181 2412; x_wconf 82' lang='lat' dir='ltr'><em>Si</em></span> <span class='ocrx_word' id='word_1_295' title='bbox 205 2357 275 2412; x_wconf 89' lang='lat' dir='ltr'><em>illud</em></span> <span class='ocrx_word' id='word_1_296' title='bbox 298 2359 388 2428; x_wconf 91' lang='lat' dir='ltr'><em>ipsum</em></span> <span class='ocrx_word' id='word_1_297' title='bbox 414 2357 513 2412; x_wconf 88' lang='lat' dir='ltr'><em>iterum</em></span> <span class='ocrx_word' id='word_1_298' title='bbox 532 2357 671 2423; x_wconf 87' lang='lat' dir='ltr'><em>futurum,</em></span> <span class='ocrx_word' id='word_1_299' title='bbox 697 2355 772 2425; x_wconf 93' lang='lat' dir='ltr'><em>quod</em></span> <span class='ocrx_word' id='word_1_300' title='bbox 792 2353 857 2408; x_wconf 92' lang='lat' dir='ltr'><em>olim</em></span> <span class='ocrx_word' id='word_1_301' title='bbox 874 2370 938 2408; x_wconf 87' lang='lat' dir='ltr'><em>caro</em></span> <span class='ocrx_word' id='word_1_302' title='bbox 964 2348 1039 2419; x_wconf 90' lang='lat' dir='ltr'><em>poris</em></span> <span class='ocrx_word' id='word_1_303' title='bbox 1068 2347 1253 2418; x_wconf 87' lang='lat' dir='ltr'><em>corruptibilis</em></span> <span class='ocrx_word' id='word_1_304' title='bbox 1288 2351 1484 2416; x_wconf 88' lang='lat' dir='ltr'><em>substantiam,</em></span> <span class='ocrx_word' id='word_1_305' title='bbox 1519 2350 1567 2406; x_wconf 90' lang='lat' dir='ltr'><em>sed</em></span> <span class='ocrx_word' id='word_1_306' title='bbox 1600 2351 1636 2404; x_wconf 87' lang='lat' dir='ltr'><em>ad</em></span> <span class='ocrx_word' id='word_1_307' title='bbox 1672 2352 1794 2423; x_wconf 86' lang='lat' dir='ltr'><em>ejusdem</em></span> 
     </span>
     <span class='ocr_line' id='line_1_25' title="bbox 105 2432 1794 2514; baseline -0.003 -18"><span class='ocrx_word' id='word_1_308' title='bbox 105 2441 168 2507; x_wconf 81' lang='lat' dir='ltr'><em>tuit,</em></span> <span class='ocrx_word' id='word_1_309' title='bbox 187 2443 283 2514; x_wconf 88' lang='lat' dir='ltr'><em>utique</em></span> <span class='ocrx_word' id='word_1_310' title='bbox 297 2441 471 2498; x_wconf 85' lang='lat' dir='ltr'><em>substantiae</em></span> <span class='ocrx_word' id='word_1_311' title='bbox 489 2443 596 2495; x_wconf 89' lang='lat' dir='ltr'><em>ratione</em></span> <span class='ocrx_word' id='word_1_312' title='bbox 616 2442 689 2495; x_wconf 93' lang='lat' dir='ltr'><em>idem</em></span> <span class='ocrx_word' id='word_1_313' title='bbox 708 2456 821 2494; x_wconf 89' lang='lat' dir='ltr'><em>numero</em></span> <span class='ocrx_word' id='word_1_314' title='bbox 838 2456 937 2510; x_wconf 86' lang='lat' dir='ltr'><em>eorpus</em></span> <span class='ocrx_word' id='word_1_315' title='bbox 950 2435 1132 2506; x_wconf 71' lang='lat' dir='ltr'><em>*qualitatem</em></span> <span class='ocrx_word' id='word_1_316' title='bbox 1149 2434 1184 2488; x_wconf 89' lang='lat' dir='ltr'><em>ad</em></span> <span class='ocrx_word' id='word_1_317' title='bbox 1203 2432 1318 2506; x_wconf 69' lang='grc' dir='ltr'><strong><em>φθοράν</em></strong></span> <span class='ocrx_word' id='word_1_318' title='bbox 1336 2436 1442 2490; x_wconf 85' lang='lat' dir='ltr'><em>scilieet</em></span> <span class='ocrx_word' id='word_1_319' title='bbox 1460 2441 1503 2489; x_wconf 75' lang='lat' dir='ltr'><em>sai</em></span> <span class='ocrx_word' id='word_1_320' title='bbox 1527 2432 1659 2502; x_wconf 66' lang='grc' dir='ltr'><em>θαιιιιιον,</em></span> <span class='ocrx_word' id='word_1_321' title='bbox 1677 2437 1713 2491; x_wconf 89' lang='lat' dir='ltr'><em>ad</em></span> <span class='ocrx_word' id='word_1_322' title='bbox 1735 2454 1794 2491; x_wconf 87' lang='lat' dir='ltr'><em>cor·</em></span> 
     </span>
     <span class='ocr_line' id='line_1_26' title="bbox 104 2519 1795 2601; baseline -0.004 -18"><span class='ocrx_word' id='word_1_323' title='bbox 104 2538 237 2601; x_wconf 86' lang='lat' dir='ltr'><em>resurget.</em></span> <span class='ocrx_word' id='word_1_324' title='bbox 271 2529 329 2583; x_wconf 84' lang='lat' dir='ltr'><em>Aut</em></span> <span class='ocrx_word' id='word_1_325' title='bbox 348 2528 421 2581; x_wconf 89' lang='lat' dir='ltr'><em>enim</em></span> <span class='ocrx_word' id='word_1_326' title='bbox 440 2526 547 2580; x_wconf 87' lang='lat' dir='ltr'><em>ratione</em></span> <span class='ocrx_word' id='word_1_327' title='bbox 566 2526 747 2592; x_wconf 87' lang='lat' dir='ltr'><em>substantiae,</em></span> <span class='ocrx_word' id='word_1_328' title='bbox 767 2533 817 2579; x_wconf 88' lang='lat' dir='ltr'><em>aut</em></span> <span class='ocrx_word' id='word_1_329' title='bbox 831 2528 938 2580; x_wconf 87' lang='lat' dir='ltr'><em>ratione</em></span> <span class='ocrx_word' id='word_1_330' title='bbox 963 2519 1172 2589; x_wconf 74' lang='lat' dir='ltr'><em>ruptibilitatam</em></span> <span class='ocrx_word' id='word_1_331' title='bbox 1201 2527 1228 2575; x_wconf 84' lang='lat' dir='ltr'><em>et</em></span> <span class='ocrx_word' id='word_1_332' title='bbox 1257 2522 1468 2589; x_wconf 85' lang='lat' dir='ltr'><em>mortalitatem,</em></span> <span class='ocrx_word' id='word_1_333' title='bbox 1499 2530 1581 2584; x_wconf 83' lang='lat' dir='ltr'><em>tuns,</em></span> <span class='ocrx_word' id='word_1_334' title='bbox 1613 2522 1717 2592; x_wconf 89' lang='lat' dir='ltr'><em>inquit,</em></span> <span class='ocrx_word' id='word_1_335' title='bbox 1750 2525 1795 2587; x_wconf 72' lang='lat' dir='ltr'><em>stet</em></span> 
     </span>
     <span class='ocr_line' id='line_1_27' title="bbox 103 2606 1796 2686; baseline 0.004 -27"><span class='ocrx_word' id='word_1_336' title='bbox 103 2614 269 2686; x_wconf 66' lang='lat' dir='ltr'><em>qualitatum</em></span> <span class='ocrx_word' id='word_1_337' title='bbox 288 2614 316 2667; x_wconf 82' lang='lat' dir='ltr'><em>id</em></span> <span class='ocrx_word' id='word_1_338' title='bbox 335 2613 434 2668; x_wconf 75' lang='lat' dir='ltr'><em>iterum</em></span> <span class='ocrx_word' id='word_1_339' title='bbox 452 2611 589 2680; x_wconf 79' lang='lat' dir='ltr'><em>futurum,</em></span> <span class='ocrx_word' id='word_1_340' title='bbox 617 2611 693 2683; x_wconf 78' lang='lat' dir='ltr'><em>quod</em></span> <span class='ocrx_word' id='word_1_341' title='bbox 711 2610 776 2665; x_wconf 82' lang='lat' dir='ltr'><em>olim</em></span> <span class='ocrx_word' id='word_1_342' title='bbox 794 2627 858 2666; x_wconf 70' lang='lat' dir='ltr'><em>coro</em></span> <span class='ocrx_word' id='word_1_343' title='bbox 875 2611 937 2666; x_wconf 79' lang='lat' dir='ltr'><em>fuit,</em></span> <span class='ocrx_word' id='word_1_344' title='bbox 963 2621 1063 2671; x_wconf 85' lang='lat' dir='ltr'><em>sermo,</em></span> <span class='ocrx_word' id='word_1_345' title='bbox 1081 2606 1130 2673; x_wconf 80' lang='lat' dir='ltr'><em>qui</em></span> <span class='ocrx_word' id='word_1_346' title='bbox 1148 2608 1270 2676; x_wconf 63' lang='lat' dir='ltr'><em>sanstus</em></span> <span class='ocrx_word' id='word_1_347' title='bbox 1287 2616 1336 2675; x_wconf 88' lang='lat' dir='ltr'><em>est,</em></span> <span class='ocrx_word' id='word_1_348' title='bbox 1360 2610 1493 2677; x_wconf 88' lang='lat' dir='ltr'><em>absorpta</em></span> <span class='ocrx_word' id='word_1_349' title='bbox 1513 2617 1552 2662; x_wconf 80' lang='lat' dir='ltr'><em>est</em></span> <span class='ocrx_word' id='word_1_350' title='bbox 1572 2626 1647 2662; x_wconf 88' lang='lat' dir='ltr'><em>mors</em></span> <span class='ocrx_word' id='word_1_351' title='bbox 1665 2611 1695 2661; x_wconf 87' lang='lat' dir='ltr'><em>in</em></span> <span class='ocrx_word' id='word_1_352' title='bbox 1712 2611 1796 2665; x_wconf 86' lang='lat' dir='ltr'><em>viato-</em></span> 
     </span>
     <span class='ocr_line' id='line_1_28' title="bbox 103 2690 1795 2770; baseline -0.002 -17"><span class='ocrx_word' id='word_1_353' title='bbox 103 2699 166 2754; x_wconf 91' lang='lat' dir='ltr'><em>Nou</em></span> <span class='ocrx_word' id='word_1_354' title='bbox 190 2699 296 2753; x_wconf 69' lang='lat' dir='ltr'><em>radone</em></span> <span class='ocrx_word' id='word_1_355' title='bbox 322 2698 501 2770; x_wconf 85' lang='lat' dir='ltr'><em>qualitatum,</em></span> <span class='ocrx_word' id='word_1_356' title='bbox 525 2704 557 2751; x_wconf 90' lang='lat' dir='ltr'><em>ut</em></span> <span class='ocrx_word' id='word_1_357' title='bbox 580 2702 695 2751; x_wconf 81' lang='lat' dir='ltr'><em>constat.</em></span> <span class='ocrx_word' id='word_1_358' title='bbox 733 2696 808 2767; x_wconf 83' lang='lat' dir='ltr'><em>Ergo</em></span> <span class='ocrx_word' id='word_1_359' title='bbox 832 2696 937 2751; x_wconf 78' lang='lat' dir='ltr'><em>ratione</em></span> <span class='ocrx_word' id='word_1_360' title='bbox 962 2690 1017 2747; x_wconf 85' lang='lat' dir='ltr'><em>ria.</em></span> <span class='ocrx_word' id='word_1_361' title='bbox 1036 2691 1069 2744; x_wconf 77' lang='lat' dir='ltr'><em>iel</em></span> <span class='ocrx_word' id='word_1_362' title='bbox 1086 2699 1127 2744; x_wconf 89' lang='lat' dir='ltr'><em>est</em></span> <span class='ocrx_word' id='word_1_363' title='bbox 1144 2693 1292 2747; x_wconf 83' lang='lat' dir='ltr'><em>victoriosa</em></span> <span class='ocrx_word' id='word_1_364' title='bbox 1312 2711 1346 2746; x_wconf 89' lang='lat' dir='ltr'><em>aa</em></span> <span class='ocrx_word' id='word_1_365' title='bbox 1363 2694 1494 2764; x_wconf 72' lang='lat' dir='ltr'><em>plot-iuss,</em></span> <span class='ocrx_word' id='word_1_366' title='bbox 1514 2693 1585 2748; x_wconf 90' lang='lat' dir='ltr'><em>utin</em></span> <span class='ocrx_word' id='word_1_367' title='bbox 1598 2695 1795 2764; x_wconf 88' lang='lat' dir='ltr'><em>sempiternum</em></span> 
     </span>
     <span class='ocr_line' id='line_1_29' title="bbox 102 2773 1794 2853; baseline -0.004 -13"><span class='ocrx_word' id='word_1_368' title='bbox 102 2784 282 2840; x_wconf 87' lang='lat' dir='ltr'><em>substantiae.</em></span> <span class='ocrx_word' id='word_1_369' title='bbox 315 2790 338 2838; x_wconf 83' lang='grc'><em>3.</em></span> <span class='ocrx_word' id='word_1_370' title='bbox 355 2782 507 2837; x_wconf 83' lang='lat' dir='ltr'><em>Confundit</em></span> <span class='ocrx_word' id='word_1_371' title='bbox 524 2783 678 2837; x_wconf 88' lang='lat' dir='ltr'><em>haereticus</em></span> <span class='ocrx_word' id='word_1_372' title='bbox 698 2781 936 2853; x_wconf 86' lang='lat' dir='ltr'><em>distinctasqnse-</em></span> <span class='ocrx_word' id='word_1_373' title='bbox 963 2773 1073 2829; x_wconf 74' lang='lat' dir='ltr'><em>deusta</em></span> <span class='ocrx_word' id='word_1_374' title='bbox 1100 2782 1127 2830; x_wconf 89' lang='lat' dir='ltr'><em>et</em></span> <span class='ocrx_word' id='word_1_375' title='bbox 1149 2783 1287 2847; x_wconf 87' lang='lat' dir='ltr'><em>prostrata</em></span> <span class='ocrx_word' id='word_1_376' title='bbox 1308 2780 1402 2848; x_wconf 85' lang='lat' dir='ltr'><em>jaceat</em></span> <span class='ocrx_word' id='word_1_377' title='bbox 1431 2796 1482 2834; x_wconf 89' lang='lat' dir='ltr'><em>nee</em></span> <span class='ocrx_word' id='word_1_378' title='bbox 1504 2777 1622 2848; x_wconf 86' lang='lat' dir='ltr'><em>amplius</em></span> <span class='ocrx_word' id='word_1_379' title='bbox 1645 2779 1672 2833; x_wconf 93' lang='lat' dir='ltr'><em>in</em></span> <span class='ocrx_word' id='word_1_380' title='bbox 1699 2779 1794 2835; x_wconf 87' lang='lat' dir='ltr'><em>beatos</em></span> 
     </span>
     <span class='ocr_line' id='line_1_30' title="bbox 103 2860 1209 2936; baseline -0.005 -10"><span class='ocrx_word' id='word_1_381' title='bbox 103 2871 213 2927; x_wconf 74' lang='lat' dir='ltr'><em>suones</em></span> <span class='ocrx_word' id='word_1_382' title='bbox 252 2870 318 2925; x_wconf 86' lang='lat' dir='ltr'><em>Alia</em></span> <span class='ocrx_word' id='word_1_383' title='bbox 337 2867 409 2923; x_wconf 87' lang='lat' dir='ltr'><em>enim</em></span> <span class='ocrx_word' id='word_1_384' title='bbox 428 2867 552 2936; x_wconf 87' lang='lat' dir='ltr'><em>quaestio</em></span> <span class='ocrx_word' id='word_1_385' title='bbox 572 2874 630 2929; x_wconf 85' lang='lat' dir='ltr'><em>est,</em></span> <span class='ocrx_word' id='word_1_386' title='bbox 650 2885 685 2921; x_wconf 89' lang='lat' dir='ltr'><em>an</em></span> <span class='ocrx_word' id='word_1_387' title='bbox 703 2867 876 2922; x_wconf 87' lang='lat' dir='ltr'><em>substantiae</em></span> <span class='ocrx_word' id='word_1_388' title='bbox 893 2883 936 2921; x_wconf 88' lang='lat' dir='ltr'><em>ra·</em></span> <span class='ocrx_word' id='word_1_389' title='bbox 963 2860 1098 2915; x_wconf 78' lang='lat' dir='ltr'><em>dominari</em></span> <span class='ocrx_word' id='word_1_390' title='bbox 1114 2862 1209 2932; x_wconf 81' lang='lat' dir='ltr'><em>possit.</em></span> 
     </span>
    </p>

    <p class='ocr_par' dir='ltr' id='par_1_3' title="bbox 98 2940 1795 5615">
     <span class='ocr_line' id='line_1_31' title="bbox 103 2940 1793 3023; baseline -0.006 -11"><span class='ocrx_word' id='word_1_391' title='bbox 103 2958 179 3013; x_wconf 86' lang='lat' dir='ltr'><em>tione</em></span> <span class='ocrx_word' id='word_1_392' title='bbox 196 2956 294 3011; x_wconf 88' lang='lat' dir='ltr'><em>eadem</em></span> <span class='ocrx_word' id='word_1_393' title='bbox 314 2953 370 3008; x_wconf 89' lang='lat' dir='ltr'><em>sint</em></span> <span class='ocrx_word' id='word_1_394' title='bbox 387 2952 482 3007; x_wconf 86' lang='lat' dir='ltr'><em>futura</em></span> <span class='ocrx_word' id='word_1_395' title='bbox 499 2940 616 3023; x_wconf 66' lang='lat' dir='ltr'><em>e&#39;orpora</em></span> <span class='ocrx_word' id='word_1_396' title='bbox 628 2954 798 3023; x_wconf 85' lang='lat' dir='ltr'><em>resuscitata,</em></span> <span class='ocrx_word' id='word_1_397' title='bbox 818 2959 846 3009; x_wconf 90' lang='lat' dir='ltr'><em>et</em></span> <span class='ocrx_word' id='word_1_398' title='bbox 858 2953 937 3008; x_wconf 83' lang='lat' dir='ltr'><em>sicis·</em></span> <span class='ocrx_word' id='word_1_399' title='bbox 997 2952 1038 3002; x_wconf 73' lang='lat'><em>73.</em></span> <span class='ocrx_word' id='word_1_400' title='bbox 1070 2952 1110 3002; x_wconf 85' lang='lat'><em>12.</em></span> <span class='ocrx_word' id='word_1_401' title='bbox 1136 2947 1261 3004; x_wconf 80' lang='lat' dir='ltr'><em>Veratius</em></span> <span class='ocrx_word' id='word_1_402' title='bbox 1288 2948 1511 3020; x_wconf 85' lang='lat' dir='ltr'><em>photinianizans</em></span> <span class='ocrx_word' id='word_1_403' title='bbox 1530 2949 1558 3002; x_wconf 91' lang='lat' dir='ltr'><em>in</em></span> <span class='ocrx_word' id='word_1_404' title='bbox 1577 2956 1658 3007; x_wconf 87' lang='lat' dir='ltr'><em>tract.</em></span> <span class='ocrx_word' id='word_1_405' title='bbox 1677 2951 1713 3005; x_wconf 90' lang='lat' dir='ltr'><em>de</em></span> <span class='ocrx_word' id='word_1_406' title='bbox 1732 2950 1793 3006; x_wconf 88' lang='lat' dir='ltr'><em>Deo</em></span> 
     </span>
     <span class='ocr_line' id='line_1_32' title="bbox 103 3036 1793 3112; baseline -0.004 -16"><span class='ocrx_word' id='word_1_407' title='bbox 103 3043 154 3097; x_wconf 89' lang='lat' dir='ltr'><em>sim</em></span> <span class='ocrx_word' id='word_1_408' title='bbox 176 3043 233 3096; x_wconf 85' lang='lat' dir='ltr'><em>alia</em></span> <span class='ocrx_word' id='word_1_409' title='bbox 252 3040 380 3112; x_wconf 85' lang='lat' dir='ltr'><em>quaestio</em></span> <span class='ocrx_word' id='word_1_410' title='bbox 398 3046 453 3106; x_wconf 88' lang='lat' dir='ltr'><em>est,</em></span> <span class='ocrx_word' id='word_1_411' title='bbox 480 3038 700 3109; x_wconf 81' lang='lat' dir='ltr'><em>aequalitatum</em></span> <span class='ocrx_word' id='word_1_412' title='bbox 717 3037 823 3093; x_wconf 90' lang='lat' dir='ltr'><em>ratione</em></span> <span class='ocrx_word' id='word_1_413' title='bbox 841 3039 936 3094; x_wconf 84' lang='lat' dir='ltr'><em>eadem</em></span> <span class='ocrx_word' id='word_1_414' title='bbox 963 3051 989 3103; x_wconf 87' lang='lat' dir='ltr'><em>p.</em></span> <span class='ocrx_word' id='word_1_415' title='bbox 1010 3039 1075 3090; x_wconf 77' lang='lat' dir='ltr'><em>loo:</em></span> <span class='ocrx_word' id='word_1_416' title='bbox 1093 3036 1129 3089; x_wconf 87' lang='lat' dir='ltr'><em>In</em></span> <span class='ocrx_word' id='word_1_417' title='bbox 1140 3037 1247 3102; x_wconf 69' lang='lat' dir='ltr'><em>sauro</em></span> <span class='ocrx_word' id='word_1_418' title='bbox 1266 3039 1359 3092; x_wconf 78' lang='lat' dir='ltr'><em>seasrlo</em></span> <span class='ocrx_word' id='word_1_419' title='bbox 1381 3057 1436 3092; x_wconf 86' lang='lat' dir='ltr'><em>non</em></span> <span class='ocrx_word' id='word_1_420' title='bbox 1454 3038 1577 3107; x_wconf 87' lang='lat' dir='ltr'><em>amplius</em></span> <span class='ocrx_word' id='word_1_421' title='bbox 1596 3055 1664 3090; x_wconf 85' lang='lat' dir='ltr'><em>caro</em></span> <span class='ocrx_word' id='word_1_422' title='bbox 1684 3046 1710 3090; x_wconf 84' lang='lat' dir='ltr'><em>et</em></span> <span class='ocrx_word' id='word_1_423' title='bbox 1729 3056 1793 3091; x_wconf 91' lang='lat' dir='ltr'><em>san·</em></span> 
     </span>
     <span class='ocr_line' id='line_1_33' title="bbox 103 3120 1793 3196; baseline -0.002 -14"><span class='ocrx_word' id='word_1_424' title='bbox 103 3128 160 3183; x_wconf 86' lang='lat' dir='ltr'><em>siut</em></span> <span class='ocrx_word' id='word_1_425' title='bbox 186 3128 287 3182; x_wconf 82' lang='lat' dir='ltr'><em>futura.</em></span> <span class='ocrx_word' id='word_1_426' title='bbox 323 3124 368 3178; x_wconf 84' lang='lat' dir='ltr'><em>Ad</em></span> <span class='ocrx_word' id='word_1_427' title='bbox 391 3124 511 3194; x_wconf 89' lang='lat' dir='ltr'><em>priorem</em></span> <span class='ocrx_word' id='word_1_428' title='bbox 529 3123 677 3193; x_wconf 78' lang='lat' dir='ltr'><em>affirmate,</em></span> <span class='ocrx_word' id='word_1_429' title='bbox 706 3126 741 3180; x_wconf 90' lang='lat' dir='ltr'><em>ad</em></span> <span class='ocrx_word' id='word_1_430' title='bbox 760 3126 936 3196; x_wconf 83' lang='lat' dir='ltr'><em>posteriorem</em></span> <span class='ocrx_word' id='word_1_431' title='bbox 963 3120 1027 3190; x_wconf 77' lang='lat' dir='ltr'><em>puis</em></span> <span class='ocrx_word' id='word_1_432' title='bbox 1053 3123 1168 3188; x_wconf 89' lang='lat' dir='ltr'><em>erimus,</em></span> <span class='ocrx_word' id='word_1_433' title='bbox 1192 3126 1244 3178; x_wconf 84' lang='lat' dir='ltr'><em>sed</em></span> <span class='ocrx_word' id='word_1_434' title='bbox 1269 3121 1412 3196; x_wconf 75' lang='grc' dir='ltr'><strong><em>ἰσάγγελοι</em></strong></span> <span class='ocrx_word' id='word_1_435' title='bbox 1439 3135 1465 3177; x_wconf 90' lang='lat' dir='ltr'><em>et</em></span> <span class='ocrx_word' id='word_1_436' title='bbox 1484 3127 1661 3193; x_wconf 84' lang='lat' dir='ltr'><em>spirituales,</em></span> <span class='ocrx_word' id='word_1_437' title='bbox 1690 3124 1719 3178; x_wconf 91' lang='lat' dir='ltr'><em>in</em></span> <span class='ocrx_word' id='word_1_438' title='bbox 1737 3123 1793 3179; x_wconf 92' lang='lat' dir='ltr'><em>dia·</em></span> 
     </span>
     <span class='ocr_line' id='line_1_34' title="bbox 104 3207 1793 3286; baseline -0.002 -17"><span class='ocrx_word' id='word_1_439' title='bbox 104 3221 207 3286; x_wconf 83' lang='lat' dir='ltr'><em>negate</em></span> <span class='ocrx_word' id='word_1_440' title='bbox 232 3212 440 3284; x_wconf 87' lang='lat' dir='ltr'><em>respondemus.</em></span> <span class='ocrx_word' id='word_1_441' title='bbox 477 3218 501 3265; x_wconf 78' lang='lat' dir='ltr'><em>t.</em></span> <span class='ocrx_word' id='word_1_442' title='bbox 520 3210 639 3264; x_wconf 89' lang='lat' dir='ltr'><em>Proinde</em></span> <span class='ocrx_word' id='word_1_443' title='bbox 667 3211 777 3282; x_wconf 89' lang='lat' dir='ltr'><em>quaudo</em></span> <span class='ocrx_word' id='word_1_444' title='bbox 797 3213 937 3282; x_wconf 86' lang='lat' dir='ltr'><em>apostolus</em></span> <span class='ocrx_word' id='word_1_445' title='bbox 964 3207 1026 3262; x_wconf 89' lang='lat' dir='ltr'><em>trib.</em></span> <span class='ocrx_word' id='word_1_446' title='bbox 1045 3207 1124 3278; x_wconf 89' lang='lat' dir='ltr'><em>epist.</em></span> <span class='ocrx_word' id='word_1_447' title='bbox 1144 3227 1171 3279; x_wconf 95' lang='lat' dir='ltr'><em>p.</em></span> <span class='ocrx_word' id='word_1_448' title='bbox 1193 3215 1255 3265; x_wconf 81' lang='lat'><strong>169:</strong></span> <span class='ocrx_word' id='word_1_449' title='bbox 1283 3212 1386 3279; x_wconf 74' lang='lat' dir='ltr'><em>lapsus</em></span> <span class='ocrx_word' id='word_1_450' title='bbox 1406 3213 1523 3264; x_wconf 64' lang='lat' dir='ltr'><em>multatio</em></span> <span class='ocrx_word' id='word_1_451' title='bbox 1542 3212 1608 3264; x_wconf 87' lang='lat' dir='ltr'><em>olim</em></span> <span class='ocrx_word' id='word_1_452' title='bbox 1625 3213 1726 3273; x_wconf 77' lang='lat' dir='ltr'><em>futura</em></span> <span class='ocrx_word' id='word_1_453' title='bbox 1746 3218 1793 3266; x_wconf 90' lang='lat' dir='ltr'><em>est.</em></span> 
     </span>
     <span class='ocr_line' id='line_1_35' title="bbox 104 3294 1795 3368; baseline -0.002 -14"><span class='ocrx_word' id='word_1_454' title='bbox 104 3300 187 3368; x_wconf 88' lang='lat' dir='ltr'><em>dicit,</em></span> <span class='ocrx_word' id='word_1_455' title='bbox 209 3303 302 3353; x_wconf 85' lang='lat' dir='ltr'><em>Deum</em></span> <span class='ocrx_word' id='word_1_456' title='bbox 331 3298 562 3351; x_wconf 80' lang='lat' dir='ltr'><em>resuscitatumsm</em></span> <span class='ocrx_word' id='word_1_457' title='bbox 594 3297 725 3349; x_wconf 89' lang='lat' dir='ltr'><em>mortalia</em></span> <span class='ocrx_word' id='word_1_458' title='bbox 753 3306 852 3350; x_wconf 91' lang='lat' dir='ltr'><em>nostra</em></span> <span class='ocrx_word' id='word_1_459' title='bbox 878 3316 937 3351; x_wconf 85' lang='lat' dir='ltr'><em>aor-</em></span> <span class='ocrx_word' id='word_1_460' title='bbox 965 3295 1029 3346; x_wconf 77' lang='lat' dir='ltr'><em>Nau</em></span> <span class='ocrx_word' id='word_1_461' title='bbox 1054 3294 1125 3346; x_wconf 78' lang='lat' dir='ltr'><em>cutm</em></span> <span class='ocrx_word' id='word_1_462' title='bbox 1152 3295 1225 3350; x_wconf 85' lang='lat' dir='ltr'><em>tales</em></span> <span class='ocrx_word' id='word_1_463' title='bbox 1255 3296 1357 3349; x_wconf 71' lang='lat' dir='ltr'><em>emmas</em></span> <span class='ocrx_word' id='word_1_464' title='bbox 1389 3299 1417 3349; x_wconf 79' lang='lat' dir='ltr'><em>ia</em></span> <span class='ocrx_word' id='word_1_465' title='bbox 1446 3297 1666 3364; x_wconf 84' lang='lat' dir='ltr'><em>resurrectione,</em></span> <span class='ocrx_word' id='word_1_466' title='bbox 1697 3297 1795 3365; x_wconf 79' lang='lat' dir='ltr'><em>quales</em></span> 
     </span>
     <span class='ocr_line' id='line_1_36' title="bbox 99 3381 1793 3455; baseline -0.003 -15"><span class='ocrx_word' id='word_1_467' title='bbox 99 3405 189 3455; x_wconf 86' lang='lat' dir='ltr'><em>paru,</em></span> <span class='ocrx_word' id='word_1_468' title='bbox 219 3403 274 3438; x_wconf 90' lang='lat' dir='ltr'><em>non</em></span> <span class='ocrx_word' id='word_1_469' title='bbox 295 3383 401 3437; x_wconf 86' lang='lat' dir='ltr'><em>ratione</em></span> <span class='ocrx_word' id='word_1_470' title='bbox 424 3381 582 3452; x_wconf 86' lang='lat' dir='ltr'><em>qualitatis,</em></span> <span class='ocrx_word' id='word_1_471' title='bbox 608 3381 737 3435; x_wconf 85' lang='lat' dir='ltr'><em>videlicet</em></span> <span class='ocrx_word' id='word_1_472' title='bbox 755 3384 938 3453; x_wconf 83' lang='lat' dir='ltr'><em>mortalitatis,</em></span> <span class='ocrx_word' id='word_1_473' title='bbox 965 3381 1010 3432; x_wconf 79' lang='lat' dir='ltr'><em>tte</em></span> <span class='ocrx_word' id='word_1_474' title='bbox 1028 3399 1136 3449; x_wconf 72' lang='lat' dir='ltr'><em>mmsis,</em></span> <span class='ocrx_word' id='word_1_475' title='bbox 1168 3389 1199 3434; x_wconf 88' lang='lat' dir='ltr'><em>ut</em></span> <span class='ocrx_word' id='word_1_476' title='bbox 1218 3384 1254 3435; x_wconf 83' lang='lat' dir='ltr'><em>de</em></span> <span class='ocrx_word' id='word_1_477' title='bbox 1271 3400 1356 3435; x_wconf 88' lang='lat' dir='ltr'><em>earne</em></span> <span class='ocrx_word' id='word_1_478' title='bbox 1375 3392 1400 3435; x_wconf 89' lang='lat' dir='ltr'><em>et</em></span> <span class='ocrx_word' id='word_1_479' title='bbox 1419 3385 1537 3447; x_wconf 87' lang='lat' dir='ltr'><em>ossibus,</em></span> <span class='ocrx_word' id='word_1_480' title='bbox 1558 3385 1719 3451; x_wconf 83' lang='lat' dir='ltr'><em>eujusmodi</em></span> <span class='ocrx_word' id='word_1_481' title='bbox 1735 3384 1793 3452; x_wconf 80' lang='lat' dir='ltr'><em>qui·</em></span> 
     </span>
     <span class='ocr_line' id='line_1_37' title="bbox 104 3466 1794 3538; baseline -0.001 -13"><span class='ocrx_word' id='word_1_482' title='bbox 104 3470 152 3525; x_wconf 86' lang='lat' dir='ltr'><em>sed</em></span> <span class='ocrx_word' id='word_1_483' title='bbox 179 3470 287 3523; x_wconf 87' lang='lat' dir='ltr'><em>ratione</em></span> <span class='ocrx_word' id='word_1_484' title='bbox 309 3467 481 3524; x_wconf 87' lang='lat' dir='ltr'><em>substantiae</em></span> <span class='ocrx_word' id='word_1_485' title='bbox 501 3466 596 3522; x_wconf 84' lang='lat' dir='ltr'><em>eadem</em></span> <span class='ocrx_word' id='word_1_486' title='bbox 615 3483 730 3537; x_wconf 85' lang='lat' dir='ltr'><em>corpora</em></span> <span class='ocrx_word' id='word_1_487' title='bbox 746 3470 938 3525; x_wconf 83' lang='lat' dir='ltr'><em>resuscitanda</em></span> <span class='ocrx_word' id='word_1_488' title='bbox 965 3470 1028 3520; x_wconf 83' lang='lat' dir='ltr'><em>siem</em></span> <span class='ocrx_word' id='word_1_489' title='bbox 1047 3468 1274 3532; x_wconf 75' lang='lat' dir='ltr'><em>annotabamus,</em></span> <span class='ocrx_word' id='word_1_490' title='bbox 1294 3468 1487 3538; x_wconf 82' lang='lat' dir='ltr'><em>intempestiua</em></span> <span class='ocrx_word' id='word_1_491' title='bbox 1507 3470 1635 3537; x_wconf 84' lang='lat' dir='ltr'><em>quaestio</em></span> <span class='ocrx_word' id='word_1_492' title='bbox 1653 3470 1697 3522; x_wconf 86' lang='lat' dir='ltr'><em>sit.</em></span> <span class='ocrx_word' id='word_1_493' title='bbox 1728 3468 1794 3527; x_wconf 87' lang='lat' dir='ltr'><em>vid.</em></span> 
     </span>
     <span class='ocr_line' id='line_1_38' title="bbox 103 3551 1792 3624; baseline 0.001 -15"><span class='ocrx_word' id='word_1_494' title='bbox 103 3556 192 3620; x_wconf 88' lang='lat' dir='ltr'><em>docet,</em></span> <span class='ocrx_word' id='word_1_495' title='bbox 212 3561 243 3608; x_wconf 90' lang='lat' dir='ltr'><em>ut</em></span> <span class='ocrx_word' id='word_1_496' title='bbox 262 3555 298 3608; x_wconf 89' lang='lat' dir='ltr'><em>sit</em></span> <span class='ocrx_word' id='word_1_497' title='bbox 316 3571 422 3622; x_wconf 89' lang='lat' dir='ltr'><em>sensus,</em></span> <span class='ocrx_word' id='word_1_498' title='bbox 442 3552 538 3608; x_wconf 83' lang='lat' dir='ltr'><em>eadem</em></span> <span class='ocrx_word' id='word_1_499' title='bbox 558 3553 736 3623; x_wconf 87' lang='lat' dir='ltr'><em>illacorpora‚</em></span> <span class='ocrx_word' id='word_1_500' title='bbox 755 3570 826 3624; x_wconf 88' lang='lat' dir='ltr'><em>quae</em></span> <span class='ocrx_word' id='word_1_501' title='bbox 845 3556 871 3608; x_wconf 90' lang='lat' dir='ltr'><em>iu</em></span> <span class='ocrx_word' id='word_1_502' title='bbox 885 3556 937 3610; x_wconf 89' lang='lat' dir='ltr'><em>hac</em></span> <span class='ocrx_word' id='word_1_503' title='bbox 964 3551 1079 3607; x_wconf 88' lang='lat' dir='ltr'><em>Sladum</em></span> <span class='ocrx_word' id='word_1_504' title='bbox 1110 3553 1138 3606; x_wconf 92' lang='lat' dir='ltr'><em>iu</em></span> <span class='ocrx_word' id='word_1_505' title='bbox 1170 3555 1290 3622; x_wconf 87' lang='lat' dir='ltr'><em>append.</em></span> <span class='ocrx_word' id='word_1_506' title='bbox 1325 3561 1344 3610; x_wconf 86' lang='lat'><em>1.</em></span> <span class='ocrx_word' id='word_1_507' title='bbox 1375 3555 1489 3624; x_wconf 67' lang='lat' dir='ltr'><em>discept,</em></span> <span class='ocrx_word' id='word_1_508' title='bbox 1527 3561 1625 3609; x_wconf 77' lang='lat' dir='ltr'><em>sonna</em></span> <span class='ocrx_word' id='word_1_509' title='bbox 1650 3554 1792 3610; x_wconf 89' lang='lat' dir='ltr'><em>Vorstium</em></span> 
     </span>
     <span class='ocr_line' id='line_1_39' title="bbox 103 3637 1794 3709; baseline 0 -13"><span class='ocrx_word' id='word_1_510' title='bbox 103 3641 162 3696; x_wconf 81' lang='lat' dir='ltr'><em>situ</em></span> <span class='ocrx_word' id='word_1_511' title='bbox 181 3647 246 3694; x_wconf 90' lang='lat' dir='ltr'><em>sunt</em></span> <span class='ocrx_word' id='word_1_512' title='bbox 264 3639 390 3695; x_wconf 87' lang='lat' dir='ltr'><em>mortalia</em></span> <span class='ocrx_word' id='word_1_513' title='bbox 409 3647 437 3692; x_wconf 89' lang='lat' dir='ltr'><em>et</em></span> <span class='ocrx_word' id='word_1_514' title='bbox 455 3637 652 3708; x_wconf 80' lang='lat' dir='ltr'><em>corruptibilia,</em></span> <span class='ocrx_word' id='word_1_515' title='bbox 671 3639 859 3694; x_wconf 88' lang='lat' dir='ltr'><em>resuscitanda</em></span> <span class='ocrx_word' id='word_1_516' title='bbox 878 3650 952 3697; x_wconf 83' lang='lat' dir='ltr'><em>esset</em></span> <span class='ocrx_word' id='word_1_517' title='bbox 963 3657 990 3709; x_wconf 91' lang='lat' dir='ltr'><em>p.</em></span> <span class='ocrx_word' id='word_1_518' title='bbox 1009 3645 1049 3695; x_wconf 81' lang='lat' dir='ltr'><em>ot.</em></span> <span class='ocrx_word' id='word_1_519' title='bbox 1088 3642 1129 3691; x_wconf 86' lang='grc'><em>13.</em></span> <span class='ocrx_word' id='word_1_520' title='bbox 1154 3640 1304 3708; x_wconf 75' lang='lat' dir='ltr'><em>Weiqelins</em></span> <span class='ocrx_word' id='word_1_521' title='bbox 1325 3639 1554 3695; x_wconf 86' lang='lat' dir='ltr'><em>Suencfeldianns</em></span> <span class='ocrx_word' id='word_1_522' title='bbox 1576 3647 1604 3695; x_wconf 89' lang='lat' dir='ltr'><em>et</em></span> <span class='ocrx_word' id='word_1_523' title='bbox 1623 3641 1794 3696; x_wconf 89' lang='lat' dir='ltr'><em>enthusiasta</em></span> 
     </span>
     <span class='ocr_line' id='line_1_40' title="bbox 103 3700 1792 3798; baseline -0.001 -17"><span class='ocrx_word' id='word_1_524' title='bbox 103 3727 131 3781; x_wconf 91' lang='lat' dir='ltr'><em>in</em></span> <span class='ocrx_word' id='word_1_525' title='bbox 157 3726 201 3781; x_wconf 91' lang='lat' dir='ltr'><em>die</em></span> <span class='ocrx_word' id='word_1_526' title='bbox 225 3725 387 3793; x_wconf 85' lang='lat' dir='ltr'><em>novissimo,</em></span> <span class='ocrx_word' id='word_1_527' title='bbox 412 3725 460 3778; x_wconf 91' lang='lat' dir='ltr'><em>sed</em></span> <span class='ocrx_word' id='word_1_528' title='bbox 480 3723 646 3778; x_wconf 86' lang='lat' dir='ltr'><em>immortalia</em></span> <span class='ocrx_word' id='word_1_529' title='bbox 665 3730 692 3777; x_wconf 90' lang='lat' dir='ltr'><em>et</em></span> <span class='ocrx_word' id='word_1_530' title='bbox 711 3700 991 3794; x_wconf 74' lang='lat' dir='ltr'><em>incorruptibilia&#39;in</em></span> <span class='ocrx_word' id='word_1_531' title='bbox 1010 3731 1089 3781; x_wconf 84' lang='lat' dir='ltr'><em>treet.</em></span> <span class='ocrx_word' id='word_1_532' title='bbox 1109 3726 1143 3779; x_wconf 89' lang='lat' dir='ltr'><em>de</em></span> <span class='ocrx_word' id='word_1_533' title='bbox 1163 3725 1224 3780; x_wconf 86' lang='lat' dir='ltr'><em>ioco</em></span> <span class='ocrx_word' id='word_1_534' title='bbox 1243 3726 1338 3780; x_wconf 90' lang='lat' dir='ltr'><em>muudi</em></span> <span class='ocrx_word' id='word_1_535' title='bbox 1359 3744 1418 3798; x_wconf 87' lang='lat' dir='ltr'><em>sap.</em></span> <span class='ocrx_word' id='word_1_536' title='bbox 1442 3733 1480 3783; x_wconf 78' lang='lat'><em>22.</em></span> <span class='ocrx_word' id='word_1_537' title='bbox 1500 3746 1527 3797; x_wconf 91' lang='lat' dir='ltr'><em>p.</em></span> <span class='ocrx_word' id='word_1_538' title='bbox 1548 3735 1585 3784; x_wconf 80' lang='grc'><em>74.</em></span> <span class='ocrx_word' id='word_1_539' title='bbox 1610 3727 1649 3782; x_wconf 89' lang='lat' dir='ltr'><em>sic</em></span> <span class='ocrx_word' id='word_1_540' title='bbox 1668 3728 1792 3783; x_wconf 89' lang='lat' dir='ltr'><em>disserit:</em></span> 
     </span>
     <span class='ocr_line' id='line_1_41' title="bbox 102 3809 1794 3885; baseline 0.002 -18"><span class='ocrx_word' id='word_1_541' title='bbox 102 3811 286 3882; x_wconf 86' lang='lat' dir='ltr'><em>Nequaquam</em></span> <span class='ocrx_word' id='word_1_542' title='bbox 308 3811 395 3882; x_wconf 79' lang='lat' dir='ltr'><em>igitur</em></span> <span class='ocrx_word' id='word_1_543' title='bbox 414 3809 576 3863; x_wconf 90' lang='lat' dir='ltr'><em>mutandum</em></span> <span class='ocrx_word' id='word_1_544' title='bbox 595 3815 637 3863; x_wconf 88' lang='lat' dir='ltr'><em>est</em></span> <span class='ocrx_word' id='word_1_545' title='bbox 654 3812 729 3878; x_wconf 82' lang='lat' dir='ltr'><em>quod</em></span> <span class='ocrx_word' id='word_1_546' title='bbox 746 3810 775 3864; x_wconf 90' lang='lat' dir='ltr'><em>iu</em></span> <span class='ocrx_word' id='word_1_547' title='bbox 793 3821 936 3881; x_wconf 83' lang='lat' dir='ltr'><em>quatenns,</em></span> <span class='ocrx_word' id='word_1_548' title='bbox 963 3813 1019 3869; x_wconf 72' lang='lat' dir='ltr'><em>‘titt</em></span> <span class='ocrx_word' id='word_1_549' title='bbox 1036 3812 1095 3868; x_wconf 77' lang='lat' dir='ltr'><em>aas</em></span> <span class='ocrx_word' id='word_1_550' title='bbox 1121 3818 1174 3867; x_wconf 73' lang='lat' dir='ltr'><em>aut</em></span> <span class='ocrx_word' id='word_1_551' title='bbox 1193 3815 1278 3870; x_wconf 81' lang='lat' dir='ltr'><em>utun</em></span> <span class='ocrx_word' id='word_1_552' title='bbox 1299 3814 1329 3882; x_wconf 75' lang='lat' dir='ltr'><em>iu</em></span> <span class='ocrx_word' id='word_1_553' title='bbox 1348 3815 1415 3884; x_wconf 61' lang='lat' dir='ltr'><em>uidit</em></span> <span class='ocrx_word' id='word_1_554' title='bbox 1433 3816 1476 3870; x_wconf 82' lang='lat' dir='ltr'><em>bet</em></span> <span class='ocrx_word' id='word_1_555' title='bbox 1497 3815 1615 3885; x_wconf 57' lang='lat' dir='ltr'><em>Erato,</em></span> <span class='ocrx_word' id='word_1_556' title='bbox 1647 3831 1674 3872; x_wconf 81' lang='lat' dir='ltr'><em>et</em></span> <span class='ocrx_word' id='word_1_557' title='bbox 1691 3816 1721 3882; x_wconf 77' lang='lat' dir='ltr'><em>iu</em></span> <span class='ocrx_word' id='word_1_558' title='bbox 1741 3823 1794 3871; x_wconf 76' lang='lat' dir='ltr'><em>aut</em></span> 
     </span>
     <span class='ocr_line' id='line_1_42' title="bbox 103 3895 1793 3972; baseline 0.003 -21"><span class='ocrx_word' id='word_1_559' title='bbox 103 3914 155 3953; x_wconf 84' lang='lat' dir='ltr'><em>nec</em></span> <span class='ocrx_word' id='word_1_560' title='bbox 177 3895 373 3952; x_wconf 84' lang='lat' dir='ltr'><em>confundenda</em></span> <span class='ocrx_word' id='word_1_561' title='bbox 398 3895 480 3949; x_wconf 79' lang='grc' dir='ltr'><strong><em>οὐσία</em></strong></span> <span class='ocrx_word' id='word_1_562' title='bbox 505 3912 649 3963; x_wconf 86' lang='lat' dir='ltr'><em>corporum</em></span> <span class='ocrx_word' id='word_1_563' title='bbox 668 3903 696 3949; x_wconf 88' lang='lat' dir='ltr'><em>et</em></span> <span class='ocrx_word' id='word_1_564' title='bbox 718 3896 840 3966; x_wconf 88' lang='lat' dir='ltr'><em>ejusdem</em></span> <span class='ocrx_word' id='word_1_565' title='bbox 859 3899 936 3952; x_wconf 75' lang='grc' dir='ltr'><strong><em>αοιό·</em></strong></span> <span class='ocrx_word' id='word_1_566' title='bbox 964 3899 1019 3952; x_wconf 82' lang='lat' dir='ltr'><em>bem</em></span> <span class='ocrx_word' id='word_1_567' title='bbox 1039 3898 1105 3951; x_wconf 86' lang='lat' dir='ltr'><em>limo</em></span> <span class='ocrx_word' id='word_1_568' title='bbox 1122 3905 1212 3954; x_wconf 87' lang='lat' dir='ltr'><em>terrae</em></span> <span class='ocrx_word' id='word_1_569' title='bbox 1231 3899 1342 3969; x_wconf 77' lang='lat' dir='ltr'><em>teutria,</em></span> <span class='ocrx_word' id='word_1_570' title='bbox 1360 3900 1484 3972; x_wconf 49' lang='lat' dir='ltr'><em>{terbum</em></span> <span class='ocrx_word' id='word_1_571' title='bbox 1505 3906 1548 3956; x_wconf 83' lang='lat' dir='ltr'><em>tet</em></span> <span class='ocrx_word' id='word_1_572' title='bbox 1567 3902 1656 3956; x_wconf 83' lang='lat' dir='ltr'><em>iuuere</em></span> <span class='ocrx_word' id='word_1_573' title='bbox 1668 3902 1727 3959; x_wconf 74' lang='lat' dir='ltr'><em>orit</em></span> <span class='ocrx_word' id='word_1_574' title='bbox 1741 3907 1793 3957; x_wconf 76' lang='lat' dir='ltr'><em>aut</em></span> 
     </span>
     <span class='ocr_line' id='line_1_43' title="bbox 102 3981 1793 4055; baseline 0.003 -18"><span class='ocrx_word' id='word_1_575' title='bbox 102 4002 184 4051; x_wconf 70' lang='grc' dir='ltr'><strong><em>παις.</em></strong></span> <span class='ocrx_word' id='word_1_576' title='bbox 220 3981 411 4036; x_wconf 81' lang='lat' dir='ltr'><em>Resuscitabit</em></span> <span class='ocrx_word' id='word_1_577' title='bbox 437 3983 514 4035; x_wconf 87' lang='lat' dir='ltr'><em>Deus</em></span> <span class='ocrx_word' id='word_1_578' title='bbox 540 3995 655 4050; x_wconf 86' lang='lat' dir='ltr'><em>corpora</em></span> <span class='ocrx_word' id='word_1_579' title='bbox 683 3987 777 4034; x_wconf 86' lang='lat' dir='ltr'><em>nostra</em></span> <span class='ocrx_word' id='word_1_580' title='bbox 801 3983 950 4053; x_wconf 64' lang='lat' dir='ltr'><em>mortalis„</em></span> <span class='ocrx_word' id='word_1_581' title='bbox 965 3986 1018 4038; x_wconf 81' lang='lat' dir='ltr'><em>bem</em></span> <span class='ocrx_word' id='word_1_582' title='bbox 1037 3985 1138 4040; x_wconf 69' lang='lat' dir='ltr'><em>otuubs</em></span> <span class='ocrx_word' id='word_1_583' title='bbox 1156 3984 1251 4042; x_wconf 71' lang='lat' dir='ltr'><em>(buttes</em></span> <span class='ocrx_word' id='word_1_584' title='bbox 1270 3985 1300 4052; x_wconf 76' lang='lat' dir='ltr'><em>or</em></span> <span class='ocrx_word' id='word_1_585' title='bbox 1318 3988 1360 4040; x_wconf 80' lang='lat' dir='ltr'><em>brt</em></span> <span class='ocrx_word' id='word_1_586' title='bbox 1381 3987 1498 4055; x_wconf 66' lang='lat' dir='ltr'><em>Etenim,</em></span> <span class='ocrx_word' id='word_1_587' title='bbox 1519 3989 1561 4042; x_wconf 80' lang='lat' dir='ltr'><em>ter</em></span> <span class='ocrx_word' id='word_1_588' title='bbox 1579 3989 1641 4054; x_wconf 67' lang='lat' dir='ltr'><em>mut</em></span> <span class='ocrx_word' id='word_1_589' title='bbox 1664 3990 1737 4053; x_wconf 73' lang='lat' dir='ltr'><em>turm</em></span> <span class='ocrx_word' id='word_1_590' title='bbox 1755 3989 1793 4042; x_wconf 84' lang='lat' dir='ltr'><em>tie</em></span> 
     </span>
     <span class='ocr_line' id='line_1_44' title="bbox 102 4060 1792 4142; baseline 0.002 -18"><span class='ocrx_word' id='word_1_591' title='bbox 102 4087 158 4124; x_wconf 91' lang='lat' dir='ltr'><em>uon</em></span> <span class='ocrx_word' id='word_1_592' title='bbox 178 4076 270 4123; x_wconf 86' lang='lat' dir='ltr'><em>autem</em></span> <span class='ocrx_word' id='word_1_593' title='bbox 292 4074 429 4139; x_wconf 86' lang='lat' dir='ltr'><em>quatenus</em></span> <span class='ocrx_word' id='word_1_594' title='bbox 455 4067 581 4121; x_wconf 84' lang='lat' dir='ltr'><em>mortalis</em></span> <span class='ocrx_word' id='word_1_595' title='bbox 605 4067 662 4120; x_wconf 85' lang='lat' dir='ltr'><em>sive</em></span> <span class='ocrx_word' id='word_1_596' title='bbox 681 4065 733 4119; x_wconf 87' lang='lat' dir='ltr'><em>sub</em></span> <span class='ocrx_word' id='word_1_597' title='bbox 750 4065 848 4119; x_wconf 90' lang='lat' dir='ltr'><em>iisdem</em></span> <span class='ocrx_word' id='word_1_598' title='bbox 869 4060 1027 4137; x_wconf 76' lang='lat' dir='ltr'><em>qua-lusus</em></span> <span class='ocrx_word' id='word_1_599' title='bbox 1051 4070 1153 4127; x_wconf 75' lang='lat' dir='ltr'><em>dictust</em></span> <span class='ocrx_word' id='word_1_600' title='bbox 1177 4082 1237 4126; x_wconf 83' lang='lat' dir='ltr'><em>tom</em></span> <span class='ocrx_word' id='word_1_601' title='bbox 1258 4073 1376 4142; x_wconf 59' lang='lat' dir='ltr'><em>,tritiora</em></span> <span class='ocrx_word' id='word_1_602' title='bbox 1395 4075 1465 4141; x_wconf 72' lang='lat' dir='ltr'><em>oniti</em></span> <span class='ocrx_word' id='word_1_603' title='bbox 1490 4075 1648 4141; x_wconf 80' lang='lat' dir='ltr'><em>incamiret,</em></span> <span class='ocrx_word' id='word_1_604' title='bbox 1683 4074 1724 4128; x_wconf 83' lang='lat' dir='ltr'><em>ein</em></span> <span class='ocrx_word' id='word_1_605' title='bbox 1743 4089 1792 4128; x_wconf 84' lang='lat' dir='ltr'><em>neu</em></span> 
     </span>
     <span class='ocr_line' id='line_1_45' title="bbox 101 4152 1793 4228; baseline 0.004 -20"><span class='ocrx_word' id='word_1_606' title='bbox 101 4153 234 4210; x_wconf 81' lang='lat' dir='ltr'><em>litatibus.</em></span> <span class='ocrx_word' id='word_1_607' title='bbox 271 4163 295 4211; x_wconf 77' lang='lat'><em>5,</em></span> <span class='ocrx_word' id='word_1_608' title='bbox 319 4153 502 4224; x_wconf 85' lang='lat' dir='ltr'><em>Nequaquam</em></span> <span class='ocrx_word' id='word_1_609' title='bbox 528 4169 592 4206; x_wconf 85' lang='lat' dir='ltr'><em>vero</em></span> <span class='ocrx_word' id='word_1_610' title='bbox 624 4152 696 4223; x_wconf 92' lang='lat' dir='ltr'><em>quod</em></span> <span class='ocrx_word' id='word_1_611' title='bbox 724 4153 759 4206; x_wconf 90' lang='lat' dir='ltr'><em>de</em></span> <span class='ocrx_word' id='word_1_612' title='bbox 783 4153 934 4221; x_wconf 83' lang='lat' dir='ltr'><em>assidente,</em></span> <span class='ocrx_word' id='word_1_613' title='bbox 961 4159 1053 4228; x_wconf 55' lang='lat' dir='ltr'><em>x&amp;isitii</em></span> <span class='ocrx_word' id='word_1_614' title='bbox 1075 4158 1254 4228; x_wconf 68' lang='lat' dir='ltr'><em>qeaipimmei</em></span> <span class='ocrx_word' id='word_1_615' title='bbox 1273 4161 1389 4228; x_wconf 77' lang='lat' dir='ltr'><em>ttiuqsn,</em></span> <span class='ocrx_word' id='word_1_616' title='bbox 1411 4164 1477 4213; x_wconf 84' lang='lat' dir='ltr'><em>tenu</em></span> <span class='ocrx_word' id='word_1_617' title='bbox 1498 4161 1737 4228; x_wconf 68' lang='lat' dir='ltr'><em>trentenaires</em></span> <span class='ocrx_word' id='word_1_618' title='bbox 1756 4160 1793 4215; x_wconf 84' lang='lat' dir='ltr'><em>tus</em></span> 
     </span>
     <span class='ocr_line' id='line_1_46' title="bbox 100 4238 1791 4315; baseline 0.006 -23"><span class='ocrx_word' id='word_1_619' title='bbox 100 4239 229 4294; x_wconf 87' lang='lat' dir='ltr'><em>videlieet</em></span> <span class='ocrx_word' id='word_1_620' title='bbox 248 4238 426 4304; x_wconf 81' lang='lat' dir='ltr'><em>mortalitate,</em></span> <span class='ocrx_word' id='word_1_621' title='bbox 446 4239 564 4293; x_wconf 85' lang='lat' dir='ltr'><em>diximus</em></span> <span class='ocrx_word' id='word_1_622' title='bbox 586 4238 621 4294; x_wconf 89' lang='lat' dir='ltr'><em>ad</em></span> <span class='ocrx_word' id='word_1_623' title='bbox 640 4238 836 4304; x_wconf 85' lang='lat' dir='ltr'><em>substantiam,</em></span> <span class='ocrx_word' id='word_1_624' title='bbox 858 4238 933 4293; x_wconf 87' lang='lat' dir='ltr'><em>vide·</em></span> <span class='ocrx_word' id='word_1_625' title='bbox 961 4244 1073 4314; x_wconf 66' lang='lat' dir='ltr'><em>oimmei</em></span> <span class='ocrx_word' id='word_1_626' title='bbox 1093 4244 1171 4311; x_wconf 71' lang='lat' dir='ltr'><em>[suen</em></span> <span class='ocrx_word' id='word_1_627' title='bbox 1191 4245 1267 4313; x_wconf 77' lang='lat' dir='ltr'><em>orote</em></span> <span class='ocrx_word' id='word_1_628' title='bbox 1286 4246 1428 4314; x_wconf 62' lang='lat' dir='ltr'><em>inpertitis</em></span> <span class='ocrx_word' id='word_1_629' title='bbox 1446 4247 1592 4314; x_wconf 69' lang='lat' dir='ltr'><em>Ebomitqr</em></span> <span class='ocrx_word' id='word_1_630' title='bbox 1605 4247 1721 4315; x_wconf 66' lang='lat' dir='ltr'><em>insum</em></span> <span class='ocrx_word' id='word_1_631' title='bbox 1739 4249 1791 4302; x_wconf 82' lang='lat' dir='ltr'><em>unt</em></span> 
     </span>
     <span class='ocr_line' id='line_1_47' title="bbox 100 4324 1792 4400; baseline 0.005 -20"><span class='ocrx_word' id='word_1_632' title='bbox 100 4326 166 4382; x_wconf 87' lang='lat' dir='ltr'><em>licet</em></span> <span class='ocrx_word' id='word_1_633' title='bbox 180 4325 215 4379; x_wconf 89' lang='lat' dir='ltr'><em>ad</em></span> <span class='ocrx_word' id='word_1_634' title='bbox 235 4341 355 4393; x_wconf 73' lang='lat' dir='ltr'><em>earnem</em></span> <span class='ocrx_word' id='word_1_635' title='bbox 376 4324 510 4395; x_wconf 82' lang='lat' dir='ltr'><em>applicari</em></span> <span class='ocrx_word' id='word_1_636' title='bbox 532 4324 628 4393; x_wconf 88' lang='lat' dir='ltr'><em>debet,</em></span> <span class='ocrx_word' id='word_1_637' title='bbox 659 4324 738 4395; x_wconf 84' lang='lat' dir='ltr'><em>quasi</em></span> <span class='ocrx_word' id='word_1_638' title='bbox 758 4324 844 4378; x_wconf 86' lang='lat' dir='ltr'><em>verbs</em></span> <span class='ocrx_word' id='word_1_639' title='bbox 861 4341 934 4393; x_wconf 87' lang='lat' dir='ltr'><em>sym·</em></span> <span class='ocrx_word' id='word_1_640' title='bbox 962 4329 1133 4399; x_wconf 67' lang='lat' dir='ltr'><em>oiistmabsn</em></span> <span class='ocrx_word' id='word_1_641' title='bbox 1157 4331 1239 4398; x_wconf 71' lang='lat' dir='ltr'><em>tabeo</em></span> <span class='ocrx_word' id='word_1_642' title='bbox 1260 4335 1313 4384; x_wconf 77' lang='lat' dir='ltr'><em>aut</em></span> <span class='ocrx_word' id='word_1_643' title='bbox 1334 4332 1389 4385; x_wconf 84' lang='lat' dir='ltr'><em>bem</em></span> <span class='ocrx_word' id='word_1_644' title='bbox 1407 4331 1472 4384; x_wconf 88' lang='lat' dir='ltr'><em>limo</em></span> <span class='ocrx_word' id='word_1_645' title='bbox 1493 4338 1597 4389; x_wconf 86' lang='lat' dir='ltr'><em>terrae.</em></span> <span class='ocrx_word' id='word_1_646' title='bbox 1629 4334 1654 4400; x_wconf 72' lang='lat' dir='ltr'><em>[o</em></span> <span class='ocrx_word' id='word_1_647' title='bbox 1674 4333 1745 4387; x_wconf 77' lang='lat' dir='ltr'><em>tutte</em></span> <span class='ocrx_word' id='word_1_648' title='bbox 1762 4340 1792 4389; x_wconf 72' lang='lat' dir='ltr'><em>st</em></span> 
     </span>
     <span class='ocr_line' id='line_1_48' title="bbox 101 4409 1793 4488; baseline -0.001 -23"><span class='ocrx_word' id='word_1_649' title='bbox 101 4411 172 4478; x_wconf 89' lang='lat' dir='ltr'><em>boli,</em></span> <span class='ocrx_word' id='word_1_650' title='bbox 191 4413 277 4465; x_wconf 84' lang='lat' dir='ltr'><em>eredo</em></span> <span class='ocrx_word' id='word_1_651' title='bbox 294 4411 525 4463; x_wconf 83' lang='lat' dir='ltr'><em>resurrectionem</em></span> <span class='ocrx_word' id='word_1_652' title='bbox 546 4411 654 4475; x_wconf 70' lang='lat' dir='ltr'><em>carreis,</em></span> <span class='ocrx_word' id='word_1_653' title='bbox 673 4409 768 4464; x_wconf 87' lang='lat' dir='ltr'><em>eodem</em></span> <span class='ocrx_word' id='word_1_654' title='bbox 787 4409 869 4464; x_wconf 91' lang='lat' dir='ltr'><em>modo</em></span> <span class='ocrx_word' id='word_1_655' title='bbox 888 4429 949 4485; x_wconf 57' lang='lat' dir='ltr'><em>eir-q</em></span> <span class='ocrx_word' id='word_1_656' title='bbox 965 4417 1044 4470; x_wconf 80' lang='lat' dir='ltr'><em>uita</em></span> <span class='ocrx_word' id='word_1_657' title='bbox 1063 4417 1110 4470; x_wconf 77' lang='lat' dir='ltr'><em>oen</em></span> <span class='ocrx_word' id='word_1_658' title='bbox 1130 4418 1252 4473; x_wconf 64' lang='lat' dir='ltr'><em>&amp;leuben</em></span> <span class='ocrx_word' id='word_1_659' title='bbox 1274 4418 1327 4471; x_wconf 78' lang='lat' dir='ltr'><em>unt</em></span> <span class='ocrx_word' id='word_1_660' title='bbox 1348 4418 1425 4472; x_wconf 71' lang='lat' dir='ltr'><em>mitet</em></span> <span class='ocrx_word' id='word_1_661' title='bbox 1444 4417 1483 4471; x_wconf 73' lang='lat' dir='ltr'><em>oie</em></span> <span class='ocrx_word' id='word_1_662' title='bbox 1504 4418 1594 4488; x_wconf 51' lang='lat' dir='ltr'><em>mitigo</em></span> <span class='ocrx_word' id='word_1_663' title='bbox 1613 4419 1721 4488; x_wconf 61' lang='grc' dir='ltr'><em>ῶῴτίῇ,</em></span> <span class='ocrx_word' id='word_1_664' title='bbox 1756 4418 1793 4474; x_wconf 75' lang='lat' dir='ltr'><em>Et</em></span> 
     </span>
     <span class='ocr_line' id='line_1_49' title="bbox 101 4488 1792 4576; baseline 0.004 -24"><span class='ocrx_word' id='word_1_665' title='bbox 101 4497 165 4568; x_wconf 91' lang='lat' dir='ltr'><em>poni</em></span> <span class='ocrx_word' id='word_1_666' title='bbox 194 4496 328 4564; x_wconf 82' lang='lat' dir='ltr'><em>debeant,</em></span> <span class='ocrx_word' id='word_1_667' title='bbox 356 4496 438 4551; x_wconf 87' lang='lat' dir='ltr'><em>eredo</em></span> <span class='ocrx_word' id='word_1_668' title='bbox 456 4496 693 4551; x_wconf 82' lang='lat' dir='ltr'><em>resuscitationem</em></span> <span class='ocrx_word' id='word_1_669' title='bbox 714 4495 788 4565; x_wconf 87' lang='lat' dir='ltr'><em>ejus,</em></span> <span class='ocrx_word' id='word_1_670' title='bbox 812 4494 887 4567; x_wconf 91' lang='lat' dir='ltr'><em>quod</em></span> <span class='ocrx_word' id='word_1_671' title='bbox 907 4488 1043 4573; x_wconf 75' lang='lat' dir='ltr'><em>ialpaulo</em></span> <span class='ocrx_word' id='word_1_672' title='bbox 1071 4509 1146 4573; x_wconf 88' lang='lat' dir='ltr'><em>post:</em></span> <span class='ocrx_word' id='word_1_673' title='bbox 1178 4502 1241 4557; x_wconf 63' lang='lat' dir='ltr'><em>Eat</em></span> <span class='ocrx_word' id='word_1_674' title='bbox 1270 4501 1362 4572; x_wconf 53' lang='lat' dir='ltr'><em>&amp;tuidi</em></span> <span class='ocrx_word' id='word_1_675' title='bbox 1391 4505 1492 4560; x_wconf 62' lang='lat' dir='ltr'><em>ibant</em></span> <span class='ocrx_word' id='word_1_676' title='bbox 1519 4505 1585 4559; x_wconf 79' lang='lat' dir='ltr'><em>mitt</em></span> <span class='ocrx_word' id='word_1_677' title='bbox 1605 4508 1715 4562; x_wconf 76' lang='lat' dir='ltr'><em>etmeoet</em></span> <span class='ocrx_word' id='word_1_678' title='bbox 1735 4522 1792 4576; x_wconf 66' lang='lat' dir='ltr'><em>pum</em></span> 
     </span>
     <span class='ocr_line' id='line_1_50' title="bbox 100 4568 1792 4668; baseline 0.005 -30"><span class='ocrx_word' id='word_1_679' title='bbox 100 4584 152 4638; x_wconf 88' lang='lat' dir='ltr'><em>hae</em></span> <span class='ocrx_word' id='word_1_680' title='bbox 170 4584 229 4637; x_wconf 82' lang='lat' dir='ltr'><em>vita</em></span> <span class='ocrx_word' id='word_1_681' title='bbox 246 4582 301 4637; x_wconf 86' lang='lat' dir='ltr'><em>fuit</em></span> <span class='ocrx_word' id='word_1_682' title='bbox 321 4598 400 4650; x_wconf 87' lang='lat' dir='ltr'><em>earo,</em></span> <span class='ocrx_word' id='word_1_683' title='bbox 420 4581 486 4654; x_wconf 89' lang='lat' dir='ltr'><em>quia</em></span> <span class='ocrx_word' id='word_1_684' title='bbox 502 4583 533 4634; x_wconf 83' lang='lat' dir='ltr'><em>rb</em></span> <span class='ocrx_word' id='word_1_685' title='bbox 552 4580 666 4635; x_wconf 75' lang='lat' dir='ltr'><em>momnis</em></span> <span class='ocrx_word' id='word_1_686' title='bbox 684 4596 744 4635; x_wconf 89' lang='lat' dir='ltr'><em>esse</em></span> <span class='ocrx_word' id='word_1_687' title='bbox 761 4580 882 4650; x_wconf 87' lang='lat' dir='ltr'><em>pertinet</em></span> <span class='ocrx_word' id='word_1_688' title='bbox 899 4568 1063 4668; x_wconf 72' lang='lat' dir='ltr'><em>adiurati</em></span> <span class='ocrx_word' id='word_1_689' title='bbox 1091 4589 1119 4642; x_wconf 83' lang='lat' dir='ltr'><em>in</em></span> <span class='ocrx_word' id='word_1_690' title='bbox 1148 4592 1227 4656; x_wconf 72' lang='lat' dir='ltr'><em>qutun</em></span> <span class='ocrx_word' id='word_1_691' title='bbox 1258 4591 1311 4643; x_wconf 82' lang='lat' dir='ltr'><em>aab</em></span> <span class='ocrx_word' id='word_1_692' title='bbox 1338 4591 1414 4655; x_wconf 75' lang='lat' dir='ltr'><em>bilta</em></span> <span class='ocrx_word' id='word_1_693' title='bbox 1442 4591 1581 4661; x_wconf 62' lang='lat' dir='ltr'><em>tisuidum.</em></span> <span class='ocrx_word' id='word_1_694' title='bbox 1618 4593 1675 4649; x_wconf 71' lang='lat' dir='ltr'><em>ibit</em></span> <span class='ocrx_word' id='word_1_695' title='bbox 1695 4594 1792 4663; x_wconf 70' lang='lat' dir='ltr'><em>militen</em></span> 
     </span>
     <span class='ocr_line' id='line_1_51' title="bbox 101 4664 1792 4759; baseline 0.002 -30"><span class='ocrx_word' id='word_1_696' title='bbox 101 4669 261 4738; x_wconf 77' lang='grc' dir='ltr'><strong><em>ποιότητας,</em></strong></span> <span class='ocrx_word' id='word_1_697' title='bbox 286 4682 357 4739; x_wconf 85' lang='lat' dir='ltr'><em>quae</em></span> <span class='ocrx_word' id='word_1_698' title='bbox 377 4666 572 4735; x_wconf 85' lang='lat' dir='ltr'><em>mutabuntur,</em></span> <span class='ocrx_word' id='word_1_699' title='bbox 598 4664 627 4720; x_wconf 75' lang='lat' dir='ltr'><em>sb</em></span> <span class='ocrx_word' id='word_1_700' title='bbox 650 4682 760 4719; x_wconf 79' lang='lat' dir='ltr'><em>emnem</em></span> <span class='ocrx_word' id='word_1_701' title='bbox 777 4665 879 4719; x_wconf 84' lang='lat' dir='ltr'><em>habers</em></span> <span class='ocrx_word' id='word_1_702' title='bbox 897 4667 931 4720; x_wconf 83' lang='lat' dir='ltr'><em>ad</em></span> <span class='ocrx_word' id='word_1_703' title='bbox 946 4676 1016 4759; x_wconf 59' lang='lat' dir='ltr'><em>{itis</em></span> <span class='ocrx_word' id='word_1_704' title='bbox 1039 4675 1075 4728; x_wconf 87' lang='lat' dir='ltr'><em>im</em></span> <span class='ocrx_word' id='word_1_705' title='bbox 1101 4674 1236 4744; x_wconf 74' lang='lat' dir='ltr'><em>tottiittsn</em></span> <span class='ocrx_word' id='word_1_706' title='bbox 1256 4676 1420 4744; x_wconf 70' lang='lat' dir='ltr'><em>tttsmitqsn</em></span> <span class='ocrx_word' id='word_1_707' title='bbox 1438 4678 1531 4748; x_wconf 57' lang='lat' dir='ltr'><em>pistico</em></span> <span class='ocrx_word' id='word_1_708' title='bbox 1553 4688 1601 4734; x_wconf 85' lang='lat' dir='ltr'><em>tur</em></span> <span class='ocrx_word' id='word_1_709' title='bbox 1621 4679 1724 4747; x_wconf 59' lang='lat' dir='ltr'><em>onisii</em></span> <span class='ocrx_word' id='word_1_710' title='bbox 1744 4680 1792 4734; x_wconf 85' lang='lat' dir='ltr'><em>nit</em></span> 
     </span>
     <span class='ocr_line' id='line_1_52' title="bbox 100 4750 1791 4834; baseline 0.005 -23"><span class='ocrx_word' id='word_1_711' title='bbox 100 4756 211 4823; x_wconf 79' lang='lat' dir='ltr'><em>obolas,</em></span> <span class='ocrx_word' id='word_1_712' title='bbox 241 4771 313 4827; x_wconf 89' lang='lat' dir='ltr'><em>quae</em></span> <span class='ocrx_word' id='word_1_713' title='bbox 336 4754 432 4809; x_wconf 89' lang='lat' dir='ltr'><em>eadem</em></span> <span class='ocrx_word' id='word_1_714' title='bbox 456 4755 514 4808; x_wconf 86' lang='lat' dir='ltr'><em>erit.</em></span> <span class='ocrx_word' id='word_1_715' title='bbox 553 4759 576 4807; x_wconf 86' lang='lat'><em>6.</em></span> <span class='ocrx_word' id='word_1_716' title='bbox 601 4752 631 4806; x_wconf 85' lang='lat' dir='ltr'><em>Si</em></span> <span class='ocrx_word' id='word_1_717' title='bbox 656 4751 686 4805; x_wconf 77' lang='lat' dir='ltr'><em>rb</em></span> <span class='ocrx_word' id='word_1_718' title='bbox 708 4750 1035 4830; x_wconf 59' lang='lat' dir='ltr'><em>proprietatisque</em></span> <span class='ocrx_word' id='word_1_719' title='bbox 1067 4762 1199 4828; x_wconf 72' lang='lat' dir='ltr'><em>ustuanti</em></span> <span class='ocrx_word' id='word_1_720' title='bbox 1227 4763 1280 4815; x_wconf 82' lang='lat' dir='ltr'><em>unt</em></span> <span class='ocrx_word' id='word_1_721' title='bbox 1307 4763 1429 4828; x_wconf 65' lang='lat' dir='ltr'><em>oinurn,</em></span> <span class='ocrx_word' id='word_1_722' title='bbox 1462 4765 1523 4819; x_wconf 83' lang='lat' dir='ltr'><em>stes</em></span> <span class='ocrx_word' id='word_1_723' title='bbox 1550 4767 1611 4834; x_wconf 69' lang='lat' dir='ltr'><em>uari</em></span> <span class='ocrx_word' id='word_1_724' title='bbox 1631 4767 1791 4834; x_wconf 76' lang='lat' dir='ltr'><em>qroaitsnun</em></span> 
     </span>
     <span class='ocr_line' id='line_1_53' title="bbox 101 4837 1778 4916; baseline 0.008 -24"><span class='ocrx_word' id='word_1_725' title='bbox 101 4843 270 4897; x_wconf 82' lang='lat' dir='ltr'><em>induiturum</em></span> <span class='ocrx_word' id='word_1_726' title='bbox 296 4848 338 4894; x_wconf 86' lang='lat' dir='ltr'><em>est</em></span> <span class='ocrx_word' id='word_1_727' title='bbox 363 4840 542 4915; x_wconf 74' lang='grc' dir='ltr'><strong><em>ιάιθαρσίαν,</em></strong></span> <span class='ocrx_word' id='word_1_728' title='bbox 571 4838 593 4891; x_wconf 84' lang='lat' dir='ltr'><em>si</em></span> <span class='ocrx_word' id='word_1_729' title='bbox 618 4837 647 4891; x_wconf 59' lang='grc' dir='ltr'><em>τ)</em></span> <span class='ocrx_word' id='word_1_730' title='bbox 672 4838 776 4902; x_wconf 68' lang='grc' dir='ltr'><strong><em>θνητὸν</em></strong></span> <span class='ocrx_word' id='word_1_731' title='bbox 793 4839 872 4891; x_wconf 71' lang='grc' dir='ltr'><em>τοῦτο</em></span> <span class='ocrx_word' id='word_1_732' title='bbox 893 4839 933 4892; x_wconf 81' lang='lat' dir='ltr'><em>in·</em></span> <span class='ocrx_word' id='word_1_733' title='bbox 961 4847 1062 4916; x_wconf 73' lang='lat' dir='ltr'><em>ouidi</em></span> <span class='ocrx_word' id='word_1_734' title='bbox 1080 4848 1141 4913; x_wconf 74' lang='lat' dir='ltr'><em>tout</em></span> <span class='ocrx_word' id='word_1_735' title='bbox 1161 4845 1239 4914; x_wconf 73' lang='lat' dir='ltr'><em>bisin</em></span> <span class='ocrx_word' id='word_1_736' title='bbox 1260 4848 1408 4916; x_wconf 67' lang='lat' dir='ltr'><em>utamiidp</em></span> <span class='ocrx_word' id='word_1_737' title='bbox 1426 4849 1485 4905; x_wconf 75' lang='lat' dir='ltr'><em>orit</em></span> <span class='ocrx_word' id='word_1_738' title='bbox 1504 4852 1549 4916; x_wconf 82' lang='lat' dir='ltr'><em>ab,</em></span> <span class='ocrx_word' id='word_1_739' title='bbox 1576 4853 1630 4906; x_wconf 81' lang='lat' dir='ltr'><em>unt</em></span> <span class='ocrx_word' id='word_1_740' title='bbox 1651 4853 1729 4905; x_wconf 78' lang='lat' dir='ltr'><em>sinu</em></span> <span class='ocrx_word' id='word_1_741' title='bbox 1748 4852 1778 4907; x_wconf 82' lang='lat' dir='ltr'><em>ts</em></span> 
     </span>
     <span class='ocr_line' id='line_1_54' title="bbox 99 4922 1791 5045; baseline 0.004 -62"><span class='ocrx_word' id='word_1_742' title='bbox 99 4930 239 4983; x_wconf 89' lang='lat' dir='ltr'><em>duiturum</em></span> <span class='ocrx_word' id='word_1_743' title='bbox 259 4933 299 4982; x_wconf 86' lang='lat' dir='ltr'><em>est</em></span> <span class='ocrx_word' id='word_1_744' title='bbox 319 4926 486 4995; x_wconf 76' lang='grc' dir='ltr'><strong><em>ἀθανασίαν,</em></strong></span> <span class='ocrx_word' id='word_1_745' title='bbox 505 4932 538 4981; x_wconf 87' lang='lat' dir='ltr'><em>ut</em></span> <span class='ocrx_word' id='word_1_746' title='bbox 557 4925 667 4979; x_wconf 86' lang='lat' dir='ltr'><em>disertis</em></span> <span class='ocrx_word' id='word_1_747' title='bbox 686 4922 778 4977; x_wconf 88' lang='lat' dir='ltr'><em>verbis</em></span> <span class='ocrx_word' id='word_1_748' title='bbox 793 4924 933 4993; x_wconf 88' lang='lat' dir='ltr'><em>apostolus</em></span> <span class='ocrx_word' id='word_1_749' title='bbox 945 4938 948 5045; x_wconf 68' lang='lat' dir='ltr'><em>q</em></span> <span class='ocrx_word' id='word_1_750' title='bbox 960 4950 1024 4990; x_wconf 68' lang='lat' dir='ltr'><em>neue</em></span> <span class='ocrx_word' id='word_1_751' title='bbox 1044 4933 1195 5004; x_wconf 64' lang='lat' dir='ltr'><em>qimmiiitos</em></span> <span class='ocrx_word' id='word_1_752' title='bbox 1215 4933 1274 4989; x_wconf 68' lang='lat' dir='ltr'><em>osio</em></span> <span class='ocrx_word' id='word_1_753' title='bbox 1292 4934 1384 4989; x_wconf 85' lang='lat' dir='ltr'><em>lommt</em></span> <span class='ocrx_word' id='word_1_754' title='bbox 1404 4935 1451 4990; x_wconf 86' lang='lat' dir='ltr'><em>mit</em></span> <span class='ocrx_word' id='word_1_755' title='bbox 1470 4937 1619 5006; x_wconf 67' lang='lat' dir='ltr'><em>obstitum</em></span> <span class='ocrx_word' id='word_1_756' title='bbox 1638 4937 1689 5005; x_wconf 72' lang='lat' dir='ltr'><em>itin</em></span> <span class='ocrx_word' id='word_1_757' title='bbox 1709 4936 1791 5007; x_wconf 60' lang='lat' dir='ltr'><em>itudo,</em></span> 
     </span>
     <span class='ocr_line' id='line_1_55' title="bbox 100 5011 1791 5091; baseline -0.001 -12"><span class='ocrx_word' id='word_1_758' title='bbox 100 5016 211 5081; x_wconf 69' lang='lat' dir='ltr'><em>asserit,</em></span> <span class='ocrx_word' id='word_1_759' title='bbox 238 5014 333 5083; x_wconf 66' lang='lat' dir='ltr'><em>utique</em></span> <span class='ocrx_word' id='word_1_760' title='bbox 356 5013 437 5067; x_wconf 64' lang='lat' dir='ltr'><em>etiam</em></span> <span class='ocrx_word' id='word_1_761' title='bbox 463 5014 531 5067; x_wconf 69' lang='lat' dir='ltr'><em>illud</em></span> <span class='ocrx_word' id='word_1_762' title='bbox 551 5013 641 5082; x_wconf 82' lang='lat' dir='ltr'><em>ipsum</em></span> <span class='ocrx_word' id='word_1_763' title='bbox 667 5026 782 5079; x_wconf 68' lang='lat' dir='ltr'><em>⁰0ro¹¹⁵s</em></span> <span class='ocrx_word' id='word_1_764' title='bbox 811 5011 994 5089; x_wconf 69' lang='lat' dir='ltr'><em>q¹¹0di11mn</em></span> <span class='ocrx_word' id='word_1_765' title='bbox 1024 5022 1273 5076; x_wconf 73' lang='lat' dir='ltr'><em>imitatuturum</em></span> <span class='ocrx_word' id='word_1_766' title='bbox 1303 5020 1395 5075; x_wconf 82' lang='lat' dir='ltr'><em>tisibet</em></span> <span class='ocrx_word' id='word_1_767' title='bbox 1419 5022 1480 5090; x_wconf 74' lang='lat' dir='ltr'><em>auct</em></span> <span class='ocrx_word' id='word_1_768' title='bbox 1507 5024 1549 5076; x_wconf 81' lang='lat' dir='ltr'><em>tet</em></span> <span class='ocrx_word' id='word_1_769' title='bbox 1568 5023 1713 5091; x_wconf 65' lang='lat' dir='ltr'><em>titumque</em></span> <span class='ocrx_word' id='word_1_770' title='bbox 1733 5023 1791 5078; x_wconf 73' lang='lat' dir='ltr'><em>osii</em></span> 
     </span>
     <span class='ocr_line' id='line_1_56' title="bbox 99 5092 1790 5176; baseline -0.002 -20"><span class='ocrx_word' id='word_1_771' title='bbox 99 5102 152 5156; x_wconf 87' lang='lat' dir='ltr'><em>hae</em></span> <span class='ocrx_word' id='word_1_772' title='bbox 180 5100 237 5154; x_wconf 83' lang='lat' dir='ltr'><em>vita</em></span> <span class='ocrx_word' id='word_1_773' title='bbox 255 5108 297 5154; x_wconf 88' lang='lat' dir='ltr'><em>est</em></span> <span class='ocrx_word' id='word_1_774' title='bbox 317 5099 496 5169; x_wconf 86' lang='lat' dir='ltr'><em>corruptibile</em></span> <span class='ocrx_word' id='word_1_775' title='bbox 515 5107 542 5153; x_wconf 89' lang='lat' dir='ltr'><em>et</em></span> <span class='ocrx_word' id='word_1_776' title='bbox 560 5099 681 5156; x_wconf 81' lang='lat' dir='ltr'><em>mortale,</em></span> <span class='ocrx_word' id='word_1_777' title='bbox 700 5106 825 5170; x_wconf 84' lang='lat' dir='ltr'><em>resurget</em></span> <span class='ocrx_word' id='word_1_778' title='bbox 843 5099 931 5155; x_wconf 88' lang='lat' dir='ltr'><em>incor-</em></span> <span class='ocrx_word' id='word_1_779' title='bbox 945 5092 1039 5176; x_wconf 56' lang='lat' dir='ltr'><em>inient,</em></span> <span class='ocrx_word' id='word_1_780' title='bbox 1070 5122 1095 5161; x_wconf 71' lang='lat' dir='ltr'><em>et</em></span> <span class='ocrx_word' id='word_1_781' title='bbox 1117 5106 1178 5174; x_wconf 66' lang='lat' dir='ltr'><em>faut</em></span> <span class='ocrx_word' id='word_1_782' title='bbox 1205 5108 1253 5173; x_wconf 72' lang='lat' dir='ltr'><em>ab,</em></span> <span class='ocrx_word' id='word_1_783' title='bbox 1283 5107 1400 5174; x_wconf 63' lang='lat' dir='ltr'><em>serpetri</em></span> <span class='ocrx_word' id='word_1_784' title='bbox 1427 5108 1474 5161; x_wconf 74' lang='lat' dir='ltr'><em>mit</em></span> <span class='ocrx_word' id='word_1_785' title='bbox 1500 5110 1790 5164; x_wconf 59' lang='lat' dir='ltr'><em>immemoremque</em></span> 
     </span>
     <span class='ocr_line' id='line_1_57' title="bbox 99 5184 1790 5263; baseline 0.001 -15"><span class='ocrx_word' id='word_1_786' title='bbox 99 5187 230 5258; x_wconf 81' lang='lat' dir='ltr'><em>mptibile</em></span> <span class='ocrx_word' id='word_1_787' title='bbox 257 5193 285 5240; x_wconf 77' lang='lat' dir='ltr'><em>tt</em></span> <span class='ocrx_word' id='word_1_788' title='bbox 311 5186 470 5241; x_wconf 67' lang='lat' dir='ltr'><em>immortale·</em></span> <span class='ocrx_word' id='word_1_789' title='bbox 515 5184 643 5239; x_wconf 86' lang='lat' dir='ltr'><em>Ruifinus</em></span> <span class='ocrx_word' id='word_1_790' title='bbox 671 5184 700 5237; x_wconf 88' lang='lat' dir='ltr'><em>in</em></span> <span class='ocrx_word' id='word_1_791' title='bbox 724 5200 815 5253; x_wconf 68' lang='lat' dir='ltr'><em>exim·</em></span> <span class='ocrx_word' id='word_1_792' title='bbox 842 5187 930 5257; x_wconf 67' lang='lat' dir='ltr'><em>symb.</em></span> <span class='ocrx_word' id='word_1_793' title='bbox 960 5196 1008 5248; x_wconf 86' lang='lat' dir='ltr'><em>mit</em></span> <span class='ocrx_word' id='word_1_794' title='bbox 1028 5194 1101 5262; x_wconf 71' lang='lat' dir='ltr'><em>ibren</em></span> <span class='ocrx_word' id='word_1_795' title='bbox 1121 5191 1217 5260; x_wconf 74' lang='lat' dir='ltr'><em>emigra</em></span> <span class='ocrx_word' id='word_1_796' title='bbox 1238 5192 1340 5247; x_wconf 71' lang='lat' dir='ltr'><em>tritten</em></span> <span class='ocrx_word' id='word_1_797' title='bbox 1360 5194 1460 5248; x_wconf 79' lang='lat' dir='ltr'><em>maten</em></span> <span class='ocrx_word' id='word_1_798' title='bbox 1489 5195 1521 5263; x_wconf 74' lang='lat' dir='ltr'><em>sn</em></span> <span class='ocrx_word' id='word_1_799' title='bbox 1547 5194 1675 5263; x_wconf 63' lang='lat' dir='ltr'><em>gementu</em></span> <span class='ocrx_word' id='word_1_800' title='bbox 1696 5195 1724 5249; x_wconf 85' lang='lat' dir='ltr'><em>iu</em></span> <span class='ocrx_word' id='word_1_801' title='bbox 1743 5196 1790 5249; x_wconf 80' lang='lat' dir='ltr'><em>ten</em></span> 
     </span>
     <span class='ocr_line' id='line_1_58' title="bbox 99 5273 1789 5349; baseline 0.002 -21"><span class='ocrx_word' id='word_1_802' title='bbox 99 5290 162 5344; x_wconf 81' lang='lat' dir='ltr'><em>pag.</em></span> <span class='ocrx_word' id='word_1_803' title='bbox 183 5278 245 5329; x_wconf 80' lang='lat'>387:</span> <span class='ocrx_word' id='word_1_804' title='bbox 271 5275 335 5328; x_wconf 83' lang='lat' dir='ltr'><em>llos</em></span> <span class='ocrx_word' id='word_1_805' title='bbox 359 5277 436 5343; x_wconf 83' lang='lat' dir='ltr'><em>quod</em></span> <span class='ocrx_word' id='word_1_806' title='bbox 460 5291 532 5326; x_wconf 83' lang='lat' dir='ltr'><em>nune</em></span> <span class='ocrx_word' id='word_1_807' title='bbox 558 5273 741 5340; x_wconf 74' lang='lat' dir='ltr'><em>aomuptibile</em></span> <span class='ocrx_word' id='word_1_808' title='bbox 763 5290 864 5346; x_wconf 72' lang='lat' dir='ltr'><em>empus</em></span> <span class='ocrx_word' id='word_1_809' title='bbox 885 5280 1076 5349; x_wconf 48' lang='lat' dir='ltr'><em>sitientique</em></span> <span class='ocrx_word' id='word_1_810' title='bbox 1100 5278 1183 5347; x_wconf 64' lang='lat' dir='ltr'><em>iiiut!</em></span> <span class='ocrx_word' id='word_1_811' title='bbox 1202 5293 1232 5331; x_wconf 81' lang='lat' dir='ltr'><em>sc.</em></span> <span class='ocrx_word' id='word_1_812' title='bbox 1277 5280 1317 5334; x_wconf 75' lang='lat' dir='ltr'><em>lt.</em></span> <span class='ocrx_word' id='word_1_813' title='bbox 1340 5279 1506 5345; x_wconf 78' lang='lat' dir='ltr'><em>Mathistaa,</em></span> <span class='ocrx_word' id='word_1_814' title='bbox 1533 5278 1686 5335; x_wconf 78' lang='lat' dir='ltr'><em>Ezechielis</em></span> <span class='ocrx_word' id='word_1_815' title='bbox 1704 5280 1789 5336; x_wconf 79' lang='lat' dir='ltr'><em>Metui</em></span> 
     </span>
     <span class='ocr_line' id='line_1_59' title="bbox 98 5342 1791 5437; baseline 0.005 -25"><span class='ocrx_word' id='word_1_816' title='bbox 98 5362 313 5414; x_wconf 70' lang='lat' dir='ltr'><em>resurrectionis</em></span> <span class='ocrx_word' id='word_1_817' title='bbox 346 5362 443 5428; x_wconf 79' lang='lat' dir='ltr'><em>pratia</em></span> <span class='ocrx_word' id='word_1_818' title='bbox 473 5357 685 5427; x_wconf 84' lang='lat' dir='ltr'><em>incorruptibile</em></span> <span class='ocrx_word' id='word_1_819' title='bbox 718 5361 771 5412; x_wconf 86' lang='lat' dir='ltr'><em>erit</em></span> <span class='ocrx_word' id='word_1_820' title='bbox 803 5370 828 5414; x_wconf 86' lang='lat' dir='ltr'><em>et</em></span> <span class='ocrx_word' id='word_1_821' title='bbox 857 5342 1092 5437; x_wconf 56' lang='lat' dir='ltr'><em>qsmdiasseclae,</em></span> <span class='ocrx_word' id='word_1_822' title='bbox 1117 5362 1374 5433; x_wconf 78' lang='lat' dir='ltr'><em>Anabaptistarnm,</em></span> <span class='ocrx_word' id='word_1_823' title='bbox 1401 5363 1676 5420; x_wconf 86' lang='lat' dir='ltr'><em>Suencieldisuorum</em></span> <span class='ocrx_word' id='word_1_824' title='bbox 1697 5372 1725 5420; x_wconf 91' lang='lat' dir='ltr'><em>et</em></span> <span class='ocrx_word' id='word_1_825' title='bbox 1744 5383 1791 5422; x_wconf 87' lang='lat' dir='ltr'><em>eu·</em></span> 
     </span>
     <span class='ocr_line' id='line_1_60' title="bbox 100 5444 1788 5535; baseline 0.005 -38"><span class='ocrx_word' id='word_1_826' title='bbox 100 5464 171 5497; x_wconf 73' lang='grc' dir='ltr'><strong><em>αιαια</em></strong></span> <span class='ocrx_word' id='word_1_827' title='bbox 193 5447 312 5500; x_wconf 88' lang='lat' dir='ltr'><em>mortale</em></span> <span class='ocrx_word' id='word_1_828' title='bbox 328 5455 377 5510; x_wconf 89' lang='lat' dir='ltr'><em>est,</em></span> <span class='ocrx_word' id='word_1_829' title='bbox 399 5447 620 5502; x_wconf 83' lang='lat' dir='ltr'><em>immortalitatis</em></span> <span class='ocrx_word' id='word_1_830' title='bbox 637 5448 784 5501; x_wconf 69' lang='lat' dir='ltr'><em>viminibus</em></span> <span class='ocrx_word' id='word_1_831' title='bbox 800 5444 1154 5535; x_wconf 57' lang='lat' dir='ltr'><em>inelueturithusiestarum</em></span> <span class='ocrx_word' id='word_1_832' title='bbox 1183 5449 1291 5506; x_wconf 88' lang='lat' dir='ltr'><em>soboles</em></span> <span class='ocrx_word' id='word_1_833' title='bbox 1316 5450 1411 5505; x_wconf 89' lang='lat' dir='ltr'><em>itidem</em></span> <span class='ocrx_word' id='word_1_834' title='bbox 1436 5458 1553 5522; x_wconf 87' lang='lat' dir='ltr'><em>negant,</em></span> <span class='ocrx_word' id='word_1_835' title='bbox 1583 5451 1656 5507; x_wconf 90' lang='lat' dir='ltr'><em>idem</em></span> <span class='ocrx_word' id='word_1_836' title='bbox 1674 5470 1788 5509; x_wconf 88' lang='lat' dir='ltr'><em>numero</em></span> 
     </span>
     <span class='ocr_line' id='line_1_61' title="bbox 99 5534 1789 5615; baseline 0.005 -29"><span class='ocrx_word' id='word_1_837' title='bbox 99 5544 147 5588; x_wconf 85' lang='lat' dir='ltr'><em>eta.</em></span> <span class='ocrx_word' id='word_1_838' title='bbox 168 5551 223 5587; x_wconf 81' lang='lat' dir='ltr'><em>nors</em></span> <span class='ocrx_word' id='word_1_839' title='bbox 242 5543 346 5587; x_wconf 75' lang='lat' dir='ltr'><em>amara</em></span> <span class='ocrx_word' id='word_1_840' title='bbox 367 5534 461 5584; x_wconf 78' lang='lat' dir='ltr'><em>samiis</em></span> <span class='ocrx_word' id='word_1_841' title='bbox 478 5534 601 5603; x_wconf 66' lang='lat' dir='ltr'><em>abjecta,</em></span> <span class='ocrx_word' id='word_1_842' title='bbox 622 5535 675 5587; x_wconf 83' lang='lat' dir='ltr'><em>sed</em></span> <span class='ocrx_word' id='word_1_843' title='bbox 694 5535 850 5590; x_wconf 79' lang='lat' dir='ltr'><em>conclitiona</em></span> <span class='ocrx_word' id='word_1_844' title='bbox 870 5537 986 5615; x_wconf 51' lang='lat' dir='ltr'><em>ejsujet</em></span> <span class='ocrx_word' id='word_1_845' title='bbox 1024 5535 1181 5592; x_wconf 87' lang='lat' dir='ltr'><em>substantia</em></span> <span class='ocrx_word' id='word_1_846' title='bbox 1218 5553 1319 5606; x_wconf 86' lang='lat' dir='ltr'><em>eorpus</em></span> <span class='ocrx_word' id='word_1_847' title='bbox 1349 5554 1382 5591; x_wconf 86' lang='lat' dir='ltr'><em>ex</em></span> <span class='ocrx_word' id='word_1_848' title='bbox 1414 5538 1528 5593; x_wconf 88' lang='lat' dir='ltr'><em>mortuis</em></span> <span class='ocrx_word' id='word_1_849' title='bbox 1563 5547 1789 5595; x_wconf 87' lang='lat' dir='ltr'><em>resurrecturum.</em></span> 
     </span>
    </p>
   </div>
   <div class='ocr_carea' id='block_1_3' title="bbox 1431 5642 1483 5696">
    <p class='ocr_par' dir='ltr' id='par_1_4' title="bbox 1431 5642 1483 5696">
     <span class='ocr_line' id='line_1_62' title="bbox 1431 5642 1483 5696; baseline 0.019 -1"><span class='ocrx_word' id='word_1_850' title='bbox 1431 5642 1483 5696; x_wconf 70' lang='lat'><em>30*</em></span> 
     </span>
    </p>
   </div>
   <div class='ocr_carea' id='block_1_4' title="bbox 0 0 2056 6008">
    <p class='ocr_par' dir='ltr' id='par_1_5' title="bbox 0 0 2056 6008">
     <span class='ocr_line' id='line_1_63' title="bbox 0 0 2056 6008; baseline 0 0"><span class='ocrx_word' id='word_1_851' title='bbox 0 0 2056 6008; x_wconf 95' lang='lat' dir='ltr'><em> </em></span> 
     </span>
    </p>
   </div>
  </div>
 </body>
</html>
