4104 6014
594 276 646 334 DE
664 271 908 336 MOBTUORUM
928 268 1252 334 RESURRECTIONE.
1717 282 1777 339 tet

89 431 192 502 scunt,
210 433 277 500 quio
296 448 348 502 epo
363 434 509 490 Dominus.
548 435 649 490 Postea
667 433 782 489 additur
800 429 920 501 comple·
932 436 934 503 l
948 430 1008 499 pari
1035 446 1102 503 ergo
1129 431 1236 487 ratione
1252 430 1389 498 iliberatio
1415 430 1602 485 Israiilitarum
1630 447 1662 486 ex
1692 428 1779 499 capti·

89 522 211 573 mentm
229 536 255 572 v.
275 525 298 574 7.
319 525 342 575 8.
360 526 385 577 9.
402 527 431 576 et
451 526 490 577 10.
536 522 656 588 Quidam
673 538 706 576 ex
725 517 920 590 interpretibus
946 516 1032 571 vitate
1066 517 1240 587 Babylonica
1269 524 1297 574 st
1324 517 1448 573 reductio
1474 518 1503 572 in
1535 523 1636 572 terram
1663 515 1779 572 Oanaan

87 602 161 658 hauc
186 606 318 661 visionem
346 608 533 678 propheticam
556 609 713 663 existimant
736 606 823 661 fuisse
849 600 999 659 dnn-‘fuit
1028 607 1113 675 typus
1143 604 1234 660 finalis
1266 605 1437 660 liberationis
1469 604 1654 676 spiritualium
1686 603 1777 658 Isi-aii·

88 694 166 745 taxat
192 698 286 765 typum
308 693 478 749 liberationis
504 712 537 749 er
560 694 719 762 captivitate
742 690 918 762 Babylonica
945 691 1054 746 litatum
1078 692 1114 747 ab
1132 692 1259 747 omnihus
1278 692 1395 748 miseriis
1414 699 1443 748 et
1464 691 1668 748 calamitatibus
1686 689 1715 744 in
1734 706 1776 745 re·

87 792 120 830 ac
131 778 311 835 restitutionis
323 781 351 835 in
365 786 466 837 urtam
479 784 599 837 canaan.
631 780 759 837 Sanctius
778 780 806 833 iu
820 794 917 833 comm.
944 777 1113 834 surrectione
1126 785 1295 835 monitorum
1306 784 1461 847 secuturae,
1476 779 1590 849 proinde
1599 794 1656 833 una
1667 777 1776 834 endem·

88 864 151 921 Esa.
162 870 210 920 66:
232 866 288 928 Qui
304 871 332 920 in
353 869 453 923 easih’e
472 878 544 935 runt,
561 886 616 939 pro
633 867 752 922 mortius
765 873 917 932 censentur,
944 881 999 935 que
1024 863 1094 919 visio
1120 865 1155 920 ad
1181 872 1329 938 utrumque
1353 865 1517 922 beneficium
1534 863 1776 936 praefigurandum

87 951 156 1019 quea
182 969 202 1004 o
229 961 325 1020 matre,
352 955 377 1010 ii.
396 971 418 1007 e.
445 956 480 1009 ol
498 955 579 1023 rorte,
602 956 644 1008 sic
667 955 760 1009 omisi
781 955 918 1019 ridentur,
944 950 1049 1021 optima
1073 952 1181 1006 ratione
1204 952 1299 1007 referri
1326 958 1426 1024 potest.
1467 952 1646 1007 Particularia
1672 951 1720 1006 illa
1744 968 1778 1006 ac

86 1037 159 1090 aaut
188 1056 299 1104 ramos,
340 1042 390 1110 qni
425 1061 445 1095 o
472 1043 571 1095 radice
599 1058 648 1095 seu
675 1049 774 1095 tminco
807 1022 1092 1106 aoulnnicorporalis
1116 1036 1244 1092 liberatio
1272 1056 1305 1094 ex
1328 1039 1489 1110 captivitate
1511 1038 1686 1111 Babylonica
1710 1055 1776 1094 non·

86 1124 180 1177 atatim
207 1127 310 1179 orarit
334 1135 359 1181 ct
383 1131 509 1187 moritur.
549 1128 642 1191 Quare
665 1129 788 1197 Jodoei,
815 1128 865 1196 qui
888 1124 1010 1180 indum
1034 1124 1126 1194 potuit
1150 1125 1266 1181 solidam
1291 1143 1325 1182 ao
1343 1126 1450 1183 murem
1468 1127 1684 1183 consolationem
1702 1124 1774 1181 affli-

87 1211 188 1265 eaeeilio
214 1213 333 1282 opchont
352 1216 536 1284 Babylonico,
567 1218 596 1270 in
626 1215 763 1284 imulerit
789 1230 847 1268 esee
875 1184 995 1285 oli-ictis
1018 1209 1207 1265 Ismilitarum
1238 1212 1414 1268 conscientiis
1440 1218 1595 1284 praestaro,
1624 1219 1684 1268 tum
1710 1212 1778 1285 quia

86 1306 187 1352 amtor
203 1307 231 1353 et
249 1318 314 1355 osso
331 1306 467 1357 emoneo
487 1307 575 1359 arido
595 1309 646 1359 etc.
684 1305 757 1357 Sane
776 1319 831 1357 nou
844 1298 918 1355 diiii·
943 1295 1023 1350 multi
1041 1296 1070 1350 in
1089 1296 1184 1352 exsilio
1201 1304 1281 1352 eraut
1306 1299 1415 1362 mortni,
1445 1298 1524 1354 multi
1545 1300 1629 1355 etiam
1643 1299 1775 1366 morituri,

85 1390 188 1450 temer,
217 1386 269 1442 heo
298 1389 404 1444 visione
430 1390 591 1461 prophetica
620 1389 808 1445 confirmatam
831 1387 917 1442 fuisse
944 1382 1105 1453 priusquam
1132 1382 1224 1454 cyrus
1247 1401 1339 1439 rerum
1363 1384 1500 1456 potiretur
1523 1402 1626 1457 eosque
1649 1385 1778 1442 libertate

86 1471 221 1527 Isre'elitis
241 1475 449 1544 promissionem
468 1477 503 1531 de
520 1476 684 1532 liberatione
696 1492 730 1529 ex
744 1473 918 1544 Babylonica
944 1468 1071 1538 donaret3
1093 1474 1154 1524 turn
1178 1470 1244 1541 quia
1270 1470 1300 1524 in
1317 1471 1383 1542 :ipsa
1401 1476 1476 1527 terra
1493 1472 1607 1528 canaan
1627 1472 1710 1527 variis
1728 1472 1777 1527 mi·

85 1559 246 1629 captivitate
277 1566 306 1615 et
337 1561 446 1632 pristini
470 1562 573 1634 vigoris
592 1561 817 1632 recuperatione,
852 1556 1021 1679 quia'seriie
1047 1561 1076 1610 et
1097 1557 1233 1626 pressuris
1258 1558 1350 1614 adhuc
1371 1558 1489 1627 subjecti
1511 1575 1544 1614 ac
1566 1559 1647 1614 morti
1664 1559 1777 1614 taudem
1791 1554 1921 1598 '‘Vm-³¹¹·

85 1645 153 1700 haec
186 1647 404 1702 accommodatio
435 1647 472 1702 ah
502 1648 564 1718 ipso
595 1646 731 1718 propheta
754 1646 917 1714 ostenditur,
944 1640 1055 1696 obnoxii
1067 1641 1159 1712 fuere3
1179 1647 1238 1698 tum
1256 1644 1323 1716 quia
1340 1645 1403 1716 piae
1420 1653 1525 1703 mentes
1543 1662 1598 1700 uon
1616 1646 1731 1702 haerent
1748 1645 1776 1698 in

84 1751 109 1788 r.
141 1738 186 1790 ll:
220 1735 283 1788 Fili
311 1734 443 1802 laminis,
474 1752 539 1789 osso
566 1735 634 1787 llaec
662 1735 794 1787 univesa
820 1686 1129 1801 domusicorpcralibus
1152 1730 1308 1796 beneficiis,
1330 1732 1393 1788 ideo
1417 1738 1531 1789 revocet
1556 1733 1616 1787 illos
1642 1732 1776 1788 Dominus

85 1821 181 1874 lacti
203 1828 258 1887 cst,
279 1821 351 1890 ipsi
377 1823 488 1876 dicunt:
518 1823 663 1875 Anserem
686 1838 751 1874 orso
778 1828 875 1874 nostm
893 1828 918 1873 et
943 1815 1093 1886 praecipue
1128 1817 1164 1870 ad
1202 1818 1411 1889 promissionem
1440 1819 1474 1875 de
1505 1819 1653 1876 universali
1687 1835 1775 1875 meur

83 1908 171 1977 periit
187 1924 252 1977 spes
268 1915 366 1963 nosne
384 1917 411 1963 et
429 1908 516 1962 eccisi
535 1924 643 1977 samm,
662 1926 689 1961 v.
709 1912 749 1963 12.
763 1915 918 1978 propterea
943 1903 1065 1957 rectione
1083 1902 1190 1973 piorum
1208 1904 1244 1958 ad
1264 1905 1350 1961 uitam
1367 1923 1401 1961 ac
1421 1906 1555 1961 laetitiam
1574 1906 1775 1978 sempiternam.

84 1995 240 2049 vaticinare
271 2003 299 2049 et
322 1996 400 2049 dices
429 1997 471 2049 ad
496 2012 560 2049 eos:
591 1997 671 2048 Haec
689 1995 759 2048 dicit
778 1995 918 2049 Dominus
944 1988 1072 2052 Quinimo
1096 1990 1241 2061 promissio
1266 1991 1301 2046 de
1327 1994 1527 2049 resurrectione
1552 1994 1581 2047 in
1599 1992 1654 2049 hac
1670 1993 1776 2048 vitione

85 2081 183 2134 Deus:
202 2082 286 2146 ane,
300 2097 351 2150 ⁰9⁰
369 2081 746 2153 aperiamtumuioaueatros
760 2089 785 2134 el
799 2082 917 2134 edricum
943 2074 1077 2130 Ieraiilitie
1103 2075 1139 2130 ob
1164 2076 1259 2132 ocllloe
1284 2078 1374 2149 posita
1397 2079 1559 2136 confirmare
1586 2079 1660 2151 ipset
1679 2080 1778 2135 debuit

83 2185 132 2221 oos
150 2169 185 2221 ds
203 2168 341 2236 sepulm'e
357 2169 474 2236 vestus,
491 2168 612 2238 populere
627 2167 913 2235 mecaenatem
943 2160 972 2215 in
997 2160 1052 2217 tide
1072 2161 1231 2217 adhihenda
1250 2165 1423 2235 promissioni
1442 2166 1478 2221 de
1495 2166 1657 2223 reductione
1674 2167 1703 2221 in
1722 2170 1775 2221 ter-

82 2271 132 2309 eos
159 2255 190 2307 in
216 2261 321 2309 mnam
344 2256 446 2309 locet.
488 2254 542 2311 Sed
571 2271 720 2327 negamus,
749 2262 857 2308 motum
880 2253 916 2308 cd
943 2264 1002 2302 ram
1023 2246 1146 2305 Oanaau.
1191 2248 1246 2315 Qui
1265 2249 1338 2304 enim
1357 2251 1452 2306 divina
1470 2271 1521 2308 sna
1538 2253 1641 2308 virtute
1660 2268 1776 2324 corpora

83 2339 273 2396 liberationem
304 2358 337 2395 ex
363 2341 535 2413 Babylonica
565 2341 727 2413 captivitate
759 2346 915 2410 respectum
943 2333 971 2389 iu
1002 2335 1144 2405 pulverem
1175 2354 1208 2391 ac
1239 2336 1359 2392 cinerem
1393 2339 1507 2394 redacta
1539 2340 1575 2394 ad
1608 2339 1694 2395 vitam
1723 2338 1774 2392 ali·

81 2427 168 2481 fnisse
192 2425 334 2493 habitum,
359 2426 494 2498 siquidem
511 2427 595 2483 etiam
614 2426 778 2482 universalis
796 2431 915 2482 mortuo-
942 2422 1052 2493 quando
1083 2437 1213 2477 revocare
1237 2424 1339 2493 poterit
1374 2425 1397 2479 is
1422 2425 1506 2481 etiam
1531 2426 1632 2498 poterit
1655 2425 1771 2488 exsules,

81 2530 142 2567 rom
166 2513 372 2569 resurrectionis
401 2514 480 2585 quasi
509 2513 650 2584 quoddam
677 2512 852 2583 praeludium
881 2529 915 2568 ac
942 2509 988 2579 qni
1014 2508 1098 2562 aridis
1123 2508 1232 2563 ossibus
1256 2527 1311 2565 uon
1337 2517 1402 2566 sunt
1427 2512 1581 2582 absimiles,
1609 2513 1637 2567 in
1657 2511 1775 2583 patriam

82 2598 224 2671 speculum
246 2600 275 2654 in
297 2599 350 2654 hac
367 2599 470 2654 visione
487 2599 658 2671 proponitur,
678 2599 707 2652 id
723 2599 797 2670 quod
816 2599 914 2669 proba·
941 2595 1073 2650 reducere
1096 2611 1129 2650 ac
1152 2595 1299 2667 pristinum
1324 2596 1459 2653 libertatis
1486 2599 1609 2671 vigorem
1626 2599 1680 2655 illis
1697 2601 1774 2655 resti·

83 2703 153 2755 mus,
178 2689 201 2738 1.
221 2703 254 2740 cr
268 2687 425 2755 cespitatico
447 2686 645 2756 descriptione.
682 2684 737 2740 Vix
756 2685 827 2740 enim
845 2685 915 2740 alius
941 2689 1026 2737 tuere.
1066 2682 1113 2738 Sic
1137 2698 1203 2754 ergo
1228 2684 1263 2738 de
1289 2683 1424 2740 beneficio
1450 2687 1595 2757 temporali
1623 2691 1652 2742 et
1680 2686 1774 2742 leviori

82 2773 166 2828 datur
186 2772 345 2843 Scripturas
371 2775 460 2842 locus,
486 2774 514 2828 iu
544 2790 599 2844 quo
630 2776 726 2839 formo
755 2790 789 2825 oc
817 2774 915 2825 mortue
942 2769 1108 2839 praestando
1136 2769 1210 2840 ipsos
1229 2769 1373 2827 confirmat
1390 2790 1439 2843 per
1459 2774 1684 2828 resurrectionem
1704 2790 1772 2827 mor·

82 2859 297 2913 rerurrectionis
322 2864 379 2914 tam
404 2858 566 2930 emphaticis
592 2858 684 2914 verbis
708 2875 742 2913 ac
767 2857 914 2929 phrasibus
941 2862 1066 2919 tuorum,
1091 2872 1162 2927 quae
1187 2859 1230 2912 est
1253 2856 1419 2914 beneficium
1439 2859 1522 2931 longe
1540 2863 1630 2932 majus
1648 2876 1681 2915 ac
1699 2860 1774 2915 vide·

83 2945 268 3011 describatur,
296 2963 346 3014 cqc
371 2946 499 3014 operiam
524 2946 643 2999 tumulos
661 2953 776 2999 vestroe.
816 2946 914 2998 Acces-
941 2948 987 2996 tur
1009 2942 1110 2997 rationi
1136 2941 1283 2997 difficilior.
1324 2943 1455 3009 Quamvis
1479 2946 1551 3000 enim
1574 2947 1708 3002 articulus
1731 2964 1772 3002 re-

82 3040 179 3087 cerunt
203 3049 268 3086 orso
294 3034 336 3085 od
360 3050 425 3086 orso
454 3033 668 3101 unumquodque
692 3032 734 3083 od
749 3032 916 3099 juncturam
941 3029 1118 3085 surrectionis
1137 3029 1174 3083 sit
1189 3037 1294 3084 umaro
1312 3031 1430 3099 iunctm,
1455 3049 1489 3087 ac
1507 3033 1623 3104 proinde
1643 3034 1679 3089 ad
1697 3033 1773 3088 aliud

83 3136 164 3173 mom
196 3127 223 3171 et
252 3135 313 3172 eece
339 3134 423 3189 nuper
453 3135 488 3172 eo
515 3118 595 3171 nerei
619 3124 647 3171 et
672 3133 770 3171 comes
799 3119 915 3172 odacro·
941 3114 1107 3171 beneficium
1127 3115 1302 3187 probandum
1324 3134 1380 3173 non
1400 3118 1528 3175 videatur
1545 3120 1612 3176 satis
1631 3121 1773 3176 commode

80 3208 184 3259 Muri
207 3212 232 3259 et
255 3213 362 3259 alento
391 3212 431 3260 est
455 3205 486 3258 in
511 3204 552 3257 eie
573 3205 645 3257 cratis
668 3205 789 3274 ἄπυρον
814 3211 841 3257 et
857 3205 914 3274 spi-
941 3202 1066 3259 adhiberi
1098 3220 1194 3274 posse,
1222 3210 1315 3259 tamen
1346 3205 1449 3259 lumine
1472 3207 1548 3273 fidei
1577 3208 1665 3280 magis
1691 3213 1773 3263 notua

79 3293 153 3346 ritas
172 3293 313 3362 inpressas
331 3299 371 3344 cot
390 3292 420 3343 in
438 3307 485 3355 eo,
507 3297 534 3343 et
550 3291 709 3344 revicerunt
727 3297 914 3359 clamantque
939 3296 999 3344 erat
1036 3306 1119 3361 quam
1146 3289 1283 3346 restitutio
1309 3290 1497 3346 Ismeniam
1536 3294 1564 3347 in
1591 3301 1694 3351 terram
1719 3294 1773 3350 Ca·

79 3394 164 3448 srrper
179 3380 268 3447 peso
286 3396 351 3431 suos
371 3383 420 3431 etc.
469 3383 494 3433 t.
522 3379 569 3430 Ec
587 3377 707 3444 nsbjeeti
727 3377 913 3446 ampliatione
939 3392 1025 3445 uaan,
1051 3392 1114 3430 cnm
1141 3377 1255 3448 publica
1278 3376 1387 3448 piorum
1407 3378 1584 3435 'confessione
1609 3398 1642 3436 ex
1668 3382 1772 3437 revela·

81 3465 189 3519 Dicitur
208 3464 296 3532 mim,
321 3464 396 3535 quod
416 3462 444 3518 in
464 3463 566 3518 ossium
585 3461 693 3517 illorum
713 3462 853 3518 aridorum
869 3463 908 3518 ri·
938 3463 1013 3517 tione
1043 3462 1120 3516 rerhi
1149 3463 1185 3518 ab
1214 3464 1342 3519 omuibus
1374 3463 1458 3519 fuerit
1488 3472 1623 3538 receptus.
1669 3473 1693 3524 4,
1726 3470 1772 3523 Eo

78 3550 235 3607 sificatioue
258 3551 370 3621 spiritus
395 3549 502 3604 renent
525 3567 543 3602 a
569 3550 814 3618 quatuorcentis,
840 3550 866 3604 h.
888 3567 911 3604 e.
939 3549 1062 3602 oliorum
1090 3549 1118 3604 V.
1143 3567 1178 3603 ac
1196 3550 1231 3604 N.
1256 3551 1287 3604 T.
1315 3549 1455 3604 dicionem
1474 3551 1641 3622 collatione,
1664 3555 1692 3608 iu
1711 3556 1771 3628 qui·

78 3657 97 3694 a
127 3644 246 3710 quatuor
270 3636 366 3692 mnndi
397 3636 496 3707 plagis,
530 3641 558 3690 et
587 3635 770 3690 insufflaverit
790 3642 912 3690 mortuos
938 3633 991 3688 bus
1023 3635 1119 3690 iisdem
1146 3635 1204 3690 iere
1231 3634 1381 3705 phrasibus
1409 3642 1577 3693 monueram
1608 3641 1771 3697 resurrectio

78 3728 149 3794 illos,
170 3723 454 3779 remiserimus.
484 3722 570 3793 Atqui
586 3721 687 3776 iudaei
709 3722 737 3776 in
751 3721 912 3777 reductione
937 3722 1109 3785 describitur,
1129 3728 1160 3776 ut
1178 3727 1294 3780 constat,
1331 3728 1357 3777 5.
1373 3726 1417 3777 Er.
1434 3726 1579 3780 saniorum
1596 3729 1771 3784 Rohinorum

77 3813 115 3868 ad
143 3817 244 3867 terram
270 3809 384 3865 Censen
413 3824 467 3862 non
494 3807 602 3862 collecti
629 3815 693 3862 suut
721 3824 753 3862 er
782 3808 911 3862 omnihus
937 3808 1116 3876 expositione.
1153 3807 1300 3863 Galatinus
1326 3809 1386 3864 lihr.
1415 3816 1454 3866 lt.
1481 3811 1516 3867 de
1538 3828 1630 3868 arcau.
1655 3830 1714 3883 cap.
1745 3823 1768 3871 2.

76 3898 174 3953 mundi
188 3897 287 3968 plagis,
306 3896 354 3950 sed
374 3895 402 3950 in
420 3893 570 3948 universali
583 3894 783 3949 resurreetione
796 3895 906 3950 demum
936 3894 1050 3948 adducit
1071 3894 1175 3949 dictum
1188 3894 1258 3949 Rab.
1275 3895 1361 3949 Simai
1381 3896 1409 3949 in
1422 3896 1492 3952 libro
1504 3898 1566 3953 Ello
1579 3898 1768 3967 haddevarim,

76 3984 130 4040 hoc
147 3983 285 4051 futurum,
314 3981 453 4052 ataugeli
473 3982 574 4036 electos
593 3980 741 4035 emortuis
760 3970 962 4035 suscitates'h.
988 3995 1011 4033 e.
1043 3981 1072 4034 in
1103 3986 1247 4035 comment.
1280 3981 1482 4037 Deuteronom:
1519 3984 1597 4037 Unde
1628 3987 1769 4056 tammus,

75 4075 247 4144 congregent
273 4085 292 4121 o
321 4076 441 4138 msatuor
465 4068 562 4136 uentis,
582 4084 601 4120 o
629 4068 744 4121 cummis
767 4068 908 4122 coelorum
936 4068 1011 4136 quod
1031 4084 1085 4120 non
1107 4067 1146 4120 sit
1169 4068 1281 4119 verbim
1306 4066 1427 4136 aliquod
1450 4067 1482 4121 in
1503 4068 1667 4140 Scriptura,
1692 4076 1770 4141 quod

76 4173 163 4228 usque
180 4158 222 4210 cd
237 4155 370 4209 tamisae
387 4172 483 4209 eorum
500 4153 907 4219 aucentesimum,
934 4168 990 4204 non
1023 4154 1154 4223 loquatur
1189 4155 1224 4207 de
1254 4154 1458 4209 rerurrectione
1489 4162 1684 4212 mmtuormnt
1721 4162 1770 4214 odi

75 4263 100 4303 r,
120 4250 161 4301 et.
198 4243 242 4298 De
267 4242 437 4299 resuscitatis
464 4242 581 4307 dicitur,
608 4245 686 4311 qsrocl
712 4259 805 4297 eorum
833 4259 906 4297 eoem·
934 4239 1040 4292 dietum
1065 4248 1122 4308 est,
1149 4258 1168 4292 o
1193 4248 1315 4309 quotuor
1331 4241 1420 4295 reum
1436 4241 1527 4296 nenia
1544 4245 1675 4312 spiritua,
1701 4264 1767 4317 quo-

75 4333 149 4387 citus
166 4329 256 4396 riserit
274 4329 394 4400 prandit
415 4329 499 4382 nimir
516 4329 607 4384 ualde.
645 4326 700 4383 Sed
718 4327 907 4383 Israiilitarum
933 4327 1008 4379 nium
1026 4343 1126 4379 nomen
1145 4327 1200 4380 Dei
1219 4327 1363 4384 invocabo.
1399 4330 1426 4385 6⁹.
1444 4330 1491 4383 Ea
1508 4330 1637 4384 unanimi
1649 4343 1767 4402 potrum

74 4416 254 4489 eBehylone
276 4416 305 4470 in
321 4415 434 4470 canaan
456 4414 634 4470 reductorum
662 4430 717 4468 non
742 4413 796 4468 tuit
813 4420 906 4468 tantm
933 4411 1131 4469 notificatione.
1188 4411 1378 4469 Tertullianus
1416 4414 1452 4468 de
1491 4422 1634 4473 rmurrect
1678 4421 1769 4475 camis

75 4520 213 4562 uumerus.
259 4501 398 4558 Promittit
423 4501 513 4568 Deus,
542 4516 571 4554 se
598 4508 761 4572 operarum
785 4501 907 4554 amalos
932 4514 994 4567 cap.
1012 4502 1052 4552 29.
1078 4514 1142 4570 pag.
1163 4504 1209 4555 28:
1240 4500 1275 4554 Si
1298 4507 1325 4554 et
1351 4501 1522 4570 allecoricoe
1547 4502 1714 4576 Scripturas
1740 4516 1768 4562 et

74 4591 278 4657 Israilitarnm,
301 4592 359 4660 jam
389 4604 455 4644 vero
479 4603 542 4643 orsa
561 4587 610 4641 illa
632 4587 758 4657 jamdum
780 4594 858 4642 erant
876 4587 905 4641 in
932 4592 1098 4653 ornamento
1122 4602 1216 4640 remim
1234 4594 1260 4640 et
1280 4587 1422 4657 simplices
1439 4604 1519 4643 acces
1535 4592 1766 4648 resurrectionem

73 4693 173 4749 eampo
207 4677 333 4746 dispersa
362 4690 395 4730 ac
425 4673 541 4745 proinde
571 4673 654 4728 etiam
684 4673 782 4728 tumuli
809 4674 898 4744 aperti
933 4667 1045 4738 cornu,
1071 4689 1232 4742 quanquam
1248 4672 1308 4726 nae
1327 4674 1517 4728 nominatione
1535 4676 1625 4744 ipsius
1641 4679 1766 4733 adamn-

73 4764 151 4836 Ergo
165 4763 329 4818 deducimur
346 4762 383 4816 ad
398 4760 562 4815 beneficium
577 4759 904 4816 resumentiouisnniver·
932 4758 989 4811 tiae
1008 4758 1186 4823 subradiant,
1206 4766 1310 4828 quomo
1329 4762 1433 4829 moqis,
1462 4778 1534 4829 quoe
1551 4762 1622 4816 lonc
1639 4782 1716 4834 spem
1735 4766 1765 4819 in

75 4851 142 4906 salis
161 4851 190 4905 in
209 4847 543 4905 dienovissimoiuturae.
576 4854 601 4903 e.
617 4847 866 4915 Eobeneficiorum
880 4856 906 4902 et
931 4844 1010 4915 ipsas
1038 4844 1211 4898 salmantica
1235 4846 1384 4913 spirituali
1407 4848 1543 4902 mentione
1572 4851 1764 4915 determinant,

74 4954 191 5009 operum
231 4937 390 4990 divinorum
424 4935 659 4989 subordinatione.
719 4933 906 5005 Quaecunque
931 4950 988 4986 non
1023 4940 1105 4986 amnt
1144 4933 1326 4985 deducendae
1361 4934 1392 4985 in
1428 4934 1633 5003 quaestionem,
1669 4939 1765 5008 occilm

74 5023 229 5094 corporalia
265 5020 399 5077 beneficia
432 5019 509 5074 Deus
538 5019 566 5073 in
597 5020 630 5075 V.
660 5020 694 5074 Τ.
723 5020 828 5091 populo
855 5038 905 5076 suo
933 5019 1113 5073 Ezechielem.
1150 5019 1189 5070 Et
1205 5019 1288 5081 iacto
1306 5027 1354 5082 eat,
1377 5019 1476 5089 inquit,
1501 5038 1585 5090 super
1603 5039 1646 5075 me
1665 5041 1764 5078 monuo

74 5109 230 5166 Israilitice
248 5105 395 5180 praestitit,
413 5122 447 5161 ea
464 5105 542 5160 inere
562 5105 642 5176 quasi
662 5106 775 5176 quidam
793 5106 855 5177 typi
872 5122 905 5161 ac
932 5106 1052 5159 Domini
1069 5110 1113 5160 etc
1139 5120 1200 5173 cap.
1222 5109 1264 5160 30.
1295 5105 1378 5159 Hanc
1398 5122 1505 5176 quoque
1520 5109 1763 5176 praedicationem

73 5195 221 5270 praeludia
245 5193 400 5265 spiritualia
419 5192 615 5248 beneficiorum
633 5194 663 5246 in
682 5210 768 5264 reguo
787 5193 905 5247 Messiae
931 5193 989 5245 seio
1015 5192 1136 5261 quolimr
1162 5190 1320 5244 concutiant
1350 5191 1380 5243 in
1404 5192 1561 5263 alleporioe
1585 5204 1762 5264 areuncula-

73 5282 330 5355 exspectandorum.
365 5280 411 5337 Sic
430 5279 557 5335 liberatio
576 5297 609 5335 er
629 5279 804 5350 Aegyptiace
821 5279 905 5334 serri-
930 5279 1041 5345 tionem,
1060 5278 1128 5346 quio
1148 5276 1276 5344 dicendo,
1295 5294 1361 5330 caso
1380 5278 1437 5331 icto
1457 5279 1656 5334 contencione
1668 5282 1763 5338 Isroil

74 5377 135 5427 tute
159 5369 213 5423 fuit
238 5375 322 5439 typus
347 5366 516 5423 liberationis
534 5382 567 5421 er
587 5365 729 5422 infernalis
751 5365 904 5421 Pharaonis
931 5373 988 5434 est,
1016 5366 1046 5418 in
1070 5364 1221 5434 imopinem
1242 5379 1277 5417 eo
1302 5364 1404 5426 feccrit
1427 5366 1521 5420 Iaratl
1548 5374 1573 5420 et
1600 5385 1619 5421 a
1639 5370 1762 5438 proprio

71 5462 226 5531 potestate,
251 5454 355 5510 cibatio
377 5470 427 5525 per
450 5468 551 5508 manna
575 5454 602 5507 in
621 5453 729 5508 deserte
748 5452 802 5507 fuit
819 5458 904 5524 typus
930 5452 1089 5505 conditione
1107 5450 1292 5515 transtulerit,
1311 5456 1395 5520 atque
1413 5450 1455 5504 ito
1472 5453 1626 5522 iipurotam
1637 5471 1695 5509 csse
1707 5474 1762 5509 noe

72 5541 227 5617 spiritualis
253 5539 399 5597 aliumne
429 5555 480 5610 per
502 5538 632 5595 liessiam
655 5537 826 5595 mhibeudae
851 5544 902 5595 etc.
928 5554 1024 5594 roam
1041 5538 1254 5593 resurrectionis
1269 5537 1518 5608 praedicationem.
1559 5538 1670 5596 Statum
1689 5543 1762 5596 enim
