4104 6014
866 271 919 328 DE
945 269 1085 331 MORTE.
1764 284 1825 343 337

127 443 190 484 eom
208 430 332 499 aliquem
349 437 375 483 et
394 430 517 500 leporem
536 430 673 483 adhibens
692 430 886 499 spiritualem,
909 443 963 480 me·
994 426 1085 482 Deum
1103 428 1297 497 perveniunt‘i)
1317 428 1470 486 Salmeron.
1490 429 1560 501 disp.
1581 436 1603 484 7.
1622 430 1650 484 in
1672 437 1693 487 1.
1712 430 1783 484 Tim
1804 438 1826 487 2.

125 517 241 571 minisse
267 533 329 571 eom
350 517 460 586 jubeat,
488 525 604 571 matrem
630 533 660 570 se
680 533 752 584 esse,
779 524 861 587 atque
880 532 914 569 ea
935 531 966 568 re
993 532 1057 585 pag.
1074 521 1140 570 467:
1167 515 1223 577 Qui
1247 515 1354 569 diceret
1369 517 1458 569 Pater
1482 523 1577 571 noster
1601 524 1627 569 et
1646 517 1704 570 Ace
1726 516 1827 569 Maria

125 603 173 671 ius
192 602 249 656 sibi
265 604 409 672 quoddam
428 620 486 657 esse
503 605 618 673 imperii
635 604 664 657 in
682 605 772 671 filium
792 620 826 656 ao
846 603 964 669 deniqrte
994 603 1034 653 ad
1057 609 1216 655 sanctarum
1234 602 1382 670 honorem,
1403 611 1433 655 ut
1450 603 1507 672 apsi
1523 604 1588 657 Deo
1606 605 1740 673 offerant,
1762 602 1828 655 hene

106 683 325 745 ¹ssttstn'ssimum
350 690 379 743 in
398 691 510 744 modum
530 690 639 758 stipat,
657 698 687 743 ut
699 692 769 759 jure
790 707 841 743 suo
859 695 964 754 utatur,
992 687 1109 754 sacerd,
1128 688 1196 756 quia
1214 688 1354 757 quidquid
1375 696 1414 742 ast
1432 690 1475 742 ad
1492 689 1624 742 honorem
1640 689 1704 759 Dei,
1722 691 1763 742 ad
1780 689 1827 742 bo-

127 777 241 832 noeane
263 782 314 830 aut
330 777 417 845 impie
435 777 550 844 dicitur,
569 784 620 830 aut
637 776 837 848 impudenter!
854 792 891 827 an
910 791 966 827 non
994 791 1088 826 norem
1112 790 1220 842 quoque
1243 782 1404 827 sannorum
1429 782 1543 844 spectat.
1582 776 1685 828 Suarez
1712 779 1777 830 tom.
1799 779 1825 828 2.

128 862 179 916 r‘tts
208 862 307 932 potius
336 877 442 916 sumnse
474 870 500 915 et
529 863 632 932 impius
657 862 770 931 pariter
798 869 838 914 est
865 867 892 912 et
916 861 965 913 im·
992 875 1089 913 comm.
1108 859 1180 929 disp.
1201 864 1242 914 23.
1261 876 1285 930 q.
1305 864 1346 917 31.
1365 865 1472 917 scot.3:
1491 861 1658 930 Angelieam
1677 861 1825 914 salinatic-

125 951 251 1018 pudens,
281 948 331 1018 qui
358 948 391 1002 id
415 947 627 1017 reprehendat?
652 947 716 1002 Huc
733 945 829 1001 referri
849 951 966 1017 possunt
991 962 1053 998 nens
1073 945 1141 999 aliis
1159 946 1264 999 sanetis
1281 947 1446 1010 recitamus,
1466 956 1496 1000 ut
1512 964 1573 1001 eam
1589 966 1645 1016 pra
1665 947 1744 999 nobes
1767 947 1826 1000 Vir·

128 1035 272 1091 clausulae
291 1034 491 1091 eucharisticae
509 1041 537 1089 et
555 1034 729 1104 doxssticae,
752 1049 822 1105 quas
840 1032 966 1088 Jesuitae
992 1033 1054 1100 pini
1079 1039 1296 1101 repraesentent.
1336 1037 1360 1088 9.
1385 1032 1508 1104 Singulis
1531 1033 1704 1103 septimanae
1729 1032 1827 1087 diebus

129 1122 263 1178 librorum
303 1139 416 1177 suorum
457 1121 527 1177 calci
564 1121 748 1192 subjungunt.
781 1118 965 1173 Bellarminus
994 1118 1145 1190 peculiares
1164 1119 1294 1173 invocant
1313 1125 1431 1176 sanctos.
1469 1121 1527 1174 Die
1546 1120 1623 1174 Solis
1647 1119 1760 1173 ordines
1779 1136 1828 1173 an·

130 1209 177 1266 lib.
202 1215 226 1265 3.
256 1207 292 1264 de
323 1209 401 1263 cultu
432 1214 519 1263 sanct.
549 1206 690 1262 concludit
720 1206 773 1261 hac
797 1206 965 1276 doioioytu:
993 1207 1117 1277 getarum
1139 1213 1165 1261 et
1183 1206 1313 1278 angelum
1333 1207 1489 1275 custodem
1523 1208 1570 1261 die
1590 1209 1688 1261 Lnrrae
1706 1207 1822 1277 patriar·

129 1299 208 1352 lum
237 1298 301 1351 Deo
337 1296 504 1366 Vispinique
535 1295 664 1364 Mariae,
700 1297 762 1347 Deo
798 1294 862 1346 item
896 1293 966 1345 desa
993 1295 1072 1361 chas,
1095 1293 1258 1364 prophetas,
1277 1293 1432 1364 apostolos,
1454 1295 1639 1364 evangelistas
1657 1300 1685 1348 et
1704 1293 1822 1364 discipu·

131 1383 244 1438 Christe
264 1391 375 1437 aeterm
394 1384 455 1437 Dei
478 1383 576 1448 Filia;
602 1379 771 1436 Benedictus
790 1379 919 1435 Peresius
936 1380 965 1432 in
994 1382 1046 1450 loa3
1067 1381 1113 1434 die
1133 1379 1242 1432 Martie
1259 1385 1369 1435 sanctos
1388 1385 1532 1450 martyres,
1550 1378 1730 1450 Stephanum,
1751 1378 1823 1432 Lau·

130 1469 185 1525 fine
207 1470 271 1526 libri
295 1470 330 1527 dc
355 1476 445 1526 motus
467 1475 496 1525 et
516 1468 612 1523 muudi
629 1467 807 1522 aeternitate:
832 1468 896 1520 Dea
917 1467 967 1518 uni
993 1467 1125 1530 rentium,
1147 1465 1302 1536 Ignatium,
1328 1466 1537 1530 Sebastianum,
1564 1465 1737 1530 iohannem,
1757 1465 1828 1518 Pau·

130 1559 161 1612 in
189 1558 331 1612 Trinitate
353 1565 380 1611 et
398 1556 459 1610 Dei
479 1554 611 1625 penitriei
628 1555 747 1608 Mariae
772 1570 881 1623 semper
905 1552 965 1605 Vir·
994 1554 1059 1621 lum,
1079 1553 1215 1616 Cosmum,
1233 1552 1411 1618 Damianum,
1427 1551 1593 1622 Dionysium
1612 1560 1663 1606 etc.
1686 1552 1828 1605 diodonis

131 1646 194 1715 pini
216 1645 312 1713 pieria
336 1652 362 1698 et
382 1643 540 1712 pretiorum
560 1644 635 1697 aetio
653 1643 684 1695 in
704 1648 864 1708 aeternum,·
899 1637 966 1694 Gre·
994 1645 1103 1694 sanctos
1126 1640 1260 1706 doctores,
1284 1638 1460 1710 Gregorium,
1481 1638 1673 1715 ambrosium,
1698 1638 1830 1709 Augusti·

132 1730 227 1803 gorius
260 1730 295 1785 dc
326 1728 458 1785 Valentia
489 1727 536 1782 lib.
573 1727 608 1782 de
639 1727 772 1784 satiasset.
805 1725 858 1780 hoc
889 1723 968 1778 addit
996 1745 1075 1794 num,
1098 1725 1307 1797 Hieronymum,
1330 1726 1478 1794 Basiliam,
1501 1726 1636 1781 'rhomam
1663 1726 1698 1780 de
1716 1724 1829 1795 Aquino

133 1820 307 1891 insianypn:
332 1818 411 1870 Lases
436 1818 499 1870 Dea
523 1823 549 1868 et
569 1817 678 1869 Beatos
708 1813 819 1884 Virpini
843 1811 968 1878 Mariae,
998 1819 1050 1868 etc.
1077 1814 1123 1867 die
1153 1814 1268 1868 Veneris
1288 1831 1308 1868 s.
1331 1812 1460 1868 eremitas
1483 1819 1510 1868 et
1530 1813 1715 1883 consessores,
1746 1812 1831 1866 Ann-

133 1906 199 1959 item
218 1905 291 1959 Jesu
310 1904 427 1960 Christo.
462 1903 496 1957 Iu
517 1902 594 1957 bisce
621 1909 649 1956 et
674 1900 810 1955 similibus
836 1897 969 1953 clausulis
996 1900 1087 1968 nium,
1118 1899 1315 1967 Benedictum,
1347 1898 1541 1964 Franciseum,
1576 1899 1752 1953 Dominicum
1780 1903 1831 1953 ete.

134 1991 165 2047 B.
184 1990 331 2062 Virginem
349 1988 410 2044 Deo
427 1987 505 2043 Patri
524 1987 641 2060 adjungi
662 1994 689 2043 st
709 1985 817 2042 Christo
836 1983 968 2055 praelerri
998 1987 1044 2039 die
1065 1985 1193 2054 Saturni,
1217 1985 1246 2042 S.
1264 1984 1381 2039 Mariam
1405 1989 1434 2040 et
1457 2001 1552 2040 omnes
1572 1992 1683 2038 sanetas
1701 1984 1831 2054 virgines,

135 2095 180 2134 res
198 2079 260 2149 ipsa
276 2081 401 2132 metatur.
438 2073 605 2147 Ingolstadii
624 2072 699 2145 apud
712 2072 828 2142 Wolffg.
848 2072 969 2126 Ederum
998 2079 1145 2143 martyres,
1176 2071 1286 2136 viduas,
1328 2070 1356 2129 S.
1385 2072 1507 2140 Annam,
1552 2069 1689 2125 hiartham
1720 2075 1772 2125 etc.
1795 2075 1832 2125 10.

137 2165 288 2237 impressus
314 2168 358 2218 est
385 2160 497 2218 libellus
522 2160 665 2216 continens
692 2175 788 2230 preces
813 2159 840 2212 in
862 2173 971 2228 proces·
998 2159 1204 2215 Confessionem
1227 2165 1403 2228 peecatorum
1429 2156 1537 2212 faciunt
1556 2157 1665 2210 sanctis.
1706 2155 1738 2208 In
1760 2154 1830 2225 psal·
1918 2218 1924 2227 .

138 2249 261 2308 sionibus
287 2248 459 2312 recitandas,
491 2263 564 2320 quac
583 2263 678 2302 omnes
695 2244 900 2301 concluduntur
919 2243 971 2297 hac
998 2247 1066 2302 torio
1095 2245 1200 2300 Mariae
1232 2245 1328 2315 psalm.
1357 2250 1403 2299 50:
1445 2245 1585 2298 Miserere
1612 2243 1668 2295 rinei
1693 2243 1829 2297 Dareine.

105 2362 109 2366 -
141 2336 303 2408 doxologla:
324 2337 400 2390 aare
421 2336 485 2389 Deo
503 2342 528 2387 et
547 2335 584 2389 Β.
604 2333 737 2402 Mariae,·
766 2331 876 2387 Martin.
897 2329 970 2385 Isen·
1002 2333 1138 2396 Quoniam
1157 2339 1276 2402 peecata
1300 2347 1361 2384 mea
1385 2331 1535 2400 confitebor
1555 2330 1607 2383 tihi
1642 2337 1667 2383 et
1693 2346 1790 2382 eoram
1808 2336 1833 2380 te

136 2424 234 2496 grlnus
264 2423 293 2477 in
324 2421 388 2475 hist.
415 2419 536 2492 publicis
564 2419 640 2490 typis
667 2418 808 2489 descripta
831 2423 973 2485 memorat,
999 2439 1042 2475 me
1065 2437 1166 2474 menso
1193 2421 1229 2471 de
1252 2417 1403 2471 sceleribus
1422 2416 1499 2473 meis.
1535 2416 1638 2471 Psalm.
1658 2420 1704 2471 93:
1742 2415 1835 2469 Venite

138 2527 201 2565 eum
227 2507 321 2580 puella
344 2506 481 2577 quaedam
506 2504 686 2560 daemoniaca
712 2510 785 2561 esset
806 2504 930 2559 adducta
945 2504 973 2557 in
1000 2510 1150 2562 adoremur
1178 2512 1204 2558 et
1225 2503 1412 2574 precidamus
1438 2509 1502 2556 ante
1523 2501 1676 2556 Dominam
1701 2509 1835 2569 nostram,

138 2596 274 2668 aspellam
301 2594 333 2649 B.
357 2592 464 2648 Mariae
480 2591 591 2649 Veteris
619 2590 756 2662 Ostiugae
783 2596 812 2647 st
840 2590 973 2645 auxilium
1001 2595 1181 2657 confiteamur
1206 2590 1253 2646 iili
1271 2609 1330 2645 enm
1347 2590 1461 2659 fletibus
1475 2597 1596 2658 peecata
1616 2596 1728 2653 nostru,
1762 2587 1837 2641 unde

102 2721 106 2724 ·
138 2681 331 2754 imploraretur
342 2677 397 2734 Dei
413 2678 515 2746 Patris,
531 2677 597 2732 Filii
618 2681 646 2732 et
659 2677 772 2747 spiritus
792 2695 812 2735 s.
832 2677 973 2732 diabolum
1001 2681 1085 2735 etiam
1110 2679 1138 2733 in
1167 2676 1292 2732 formulis
1309 2675 1476 2748 quibusdam
1495 2674 1701 2730 absolutionum
1717 2673 1838 2746 passioni

139 2768 209 2824 nihil
226 2768 313 2823 fuisse
337 2771 455 2834 motuum
482 2781 543 2819 cum
565 2781 629 2820 vero
647 2765 747 2819 litania
764 2764 923 2819 Laurstana
941 2762 975 2818 de
1001 2765 1102 2822 Christi
1127 2765 1228 2818 merita
1256 2767 1364 2820 Beatos
1389 2762 1515 2834 Virpinis
1539 2770 1566 2816 et
1591 2769 1751 2816 sanatorum
1775 2778 1838 2816 eon-

140 2857 173 2913 B.
185 2855 275 2910 Maria
294 2853 481 2921 inchoaretur,
498 2857 566 2906 tuuc
580 2851 691 2907 demum
706 2851 837 2908 satanam
851 2850 976 2922 coepisse
997 2856 1135 2924 jungunt,
1161 2856 1193 2905 ut
1210 2849 1380 2904 ostendimus
1399 2848 1428 2903 in
1446 2855 1526 2904 treet.
1551 2849 1586 2904 de
1606 2848 1709 2919 poenit.
1732 2843 1758 2923 ξ.
1782 2854 1838 2904 111.

141 2940 301 2997 inobsessa
320 2938 437 3007 turbari,
455 2939 584 3003 clamare,
601 2937 702 2993 furere.
732 2937 797 2992 Mox
815 2954 881 2993 vero
894 2935 975 2992 Cani·
1006 2945 1045 2996 11.
1066 2938 1176 2995 Sanctis
1193 2943 1302 2992 vovent
1314 2935 1503 2991 Bellarminus
1521 2936 1567 2992 lib.
1587 2942 1611 2992 3.
1628 2936 1663 2990 de
1681 2934 1758 2989 cultu
1777 2952 1840 2988 san-

141 3028 213 3083 sium
237 3027 360 3100 ligneam
384 3024 520 3080 cariosam
540 3023 645 3079 Mariae
669 3023 817 3096 imaginem
837 3029 975 3094 arreptam
1003 3033 1070 3082 otor,
1093 3043 1154 3095 sap.
1174 3031 1198 3081 9.
1222 3022 1249 3096 ᾖ.
1270 3029 1300 3078 2:
1323 3024 1411 3077 Posse
1435 3023 1635 3093 aliquomodo
1655 3021 1751 3074 noemi
1769 3020 1840 3075 san-

143 3117 272 3171 obsessae
295 3110 405 3183 puellae
429 3112 513 3183 capiti
538 3111 714 3181 imposuisse,
741 3127 774 3166 ac
798 3112 892 3165 statim
920 3110 976 3164 dia·
1006 3113 1056 3166 etis
1084 3119 1189 3165 eertum
1214 3118 1262 3165 est.
1300 3110 1404 3165 Postea
1422 3106 1450 3184 ξ.
1471 3115 1494 3163 t.
1513 3107 1641 3180 repudiat
1658 3107 1780 3163 Thomas
1800 3126 1841 3163 re·

144 3201 240 3257 bolum
264 3200 445 3255 exclamme:
473 3196 520 3252 Ah
543 3197 656 3267 mulier,
683 3197 749 3267 quid
777 3198 980 3252 maculasset
1006 3199 1193 3271 sponsionem,
1217 3199 1295 3268 quod
1307 3197 1477 3265 promissio,
1503 3213 1574 3265 qaae
1591 3198 1622 3261 fit
1640 3195 1760 3260 sanetis,
1786 3213 1843 3248 nan

144 3294 229 3360 caput
252 3303 344 3341 meum
370 3283 508 3339 conteris?
535 3283 633 3339 Refert
650 3282 822 3339 Chemnitius
844 3284 874 3338 in
897 3283 980 3339 theol.
1007 3287 1044 3339 sit
1067 3283 1231 3350 formaliter
1255 3290 1362 3350 uatum,
1384 3284 1436 3335 sed
1453 3282 1575 3336 materia
1593 3282 1659 3339 voti.
1698 3280 1753 3344 unt
1771 3280 1843 3334 enim

145 3374 245 3430 desult.
264 3390 325 3444 esp.
348 3378 387 3430 11.
407 3386 482 3440 prop.
501 3374 527 3426 3.
544 3369 564 3424 i.
577 3375 620 3426 99.
635 3369 664 3423 in
681 3369 792 3439 templis
813 3368 979 3439 quibusdam
1008 3371 1119 3443 (iuquit)
1147 3377 1224 3423 vovet
1245 3370 1389 3438 jejunium
1414 3370 1533 3439 sanatis,
1566 3369 1643 3439 ipsm
1666 3376 1777 3422 serratos
1801 3385 1843 3422 re-

145 3460 289 3533 papisticis
305 3458 390 3514 talem
409 3456 531 3527 conspici
551 3456 696 3526 picturam,
729 3457 758 3509 in
778 3473 834 3526 qua
853 3455 981 3509 Otrrnnu
1009 3458 1107 3526 tipicis
1130 3458 1270 3511 honorare
1295 3455 1423 3510 intendit.
1460 3457 1499 3509 Et
1515 3463 1665 3525 praeterea
1688 3457 1843 3523 Caietanus

145 3549 236 3601 iratus
252 3546 444 3599 invocantibus
465 3544 582 3610 letifera
595 3544 742 3595 minitatur
749 3543 861 3611 jacilla,
879 3543 982 3596 Maria
1009 3544 1039 3597 in
1057 3563 1152 3597 eorrnm.
1174 3543 1269 3597 Tiom.
1282 3541 1388 3611 probat
1406 3543 1515 3613 seipsa
1525 3542 1705 3612 profusione
1717 3542 1845 3608 fratrum

144 3650 211 3688 vero
226 3632 348 3686 ostendit
365 3631 467 3694 adera,
488 3630 605 3698 opponit
620 3629 754 3697 pallium,
773 3629 899 3697 reliquos
918 3646 982 3680 san·
1007 3630 1254 3700 praedicatorum,
1277 3634 1344 3682 cota
1366 3644 1429 3682 aere
1454 3628 1520 3692 fieri
1535 3629 1648 3683 sanctis.
1684 3630 1846 3683 Naiadum

146 3726 221 3788 etas,
249 3717 365 3772 uulnera
395 3724 421 3769 et
448 3715 510 3769 alia
536 3716 644 3768 merita.
679 3712 782 3770 Confer
810 3731 882 3784 quae
908 3714 984 3768 dicta
1008 3719 1192 3788 profitentur,
1212 3715 1323 3780 dieunt,
1350 3715 1440 3769 Voveo
1462 3716 1525 3768 Deo
1545 3722 1571 3768 et
1588 3715 1624 3768 B.
1644 3716 1761 3770 Mariae
1785 3715 1847 3768 Vir·

149 3812 214 3861 sunt
231 3804 358 3875 superius
374 3799 403 3873 ξ.
422 3807 481 3858 366.
520 3807 544 3858 8.
556 3801 687 3857 Recitant
707 3801 811 3857 sanctis
832 3800 983 3855 orationem
1011 3805 1072 3872 pini
1096 3810 1124 3856 et
1146 3802 1271 3856 omnihru
1295 3803 1415 3871 sanetis,
1442 3820 1485 3857 me
1504 3803 1640 3872 praelato
1659 3803 1715 3856 tali
1732 3803 1775 3857 osi
1795 3801 1850 3856 tali

150 3891 330 3947 Dominicam.
368 3890 481 3945 Census.
511 3887 606 3945 Calon.
635 3905 700 3959 pag.
728 3894 789 3945 208:
822 3889 984 3967 Orationem
1013 3891 1203 3955 obediturum,
1244 3889 1293 3942 uhi
1327 3906 1360 3943 en
1390 3891 1500 3943 danna
1525 3889 1761 3959 promissionibus
1790 3907 1848 3942 nna

150 3979 330 4034 Dominieam
354 3976 503 4040 fundimus
521 3976 641 4042 sanetis,
673 3994 728 4030 non
747 3984 802 4029 tam
823 3975 900 4045 ipsos
919 3984 985 4028 toene
1014 3978 1151 4045 diripitur
1182 3977 1223 4030 ad
1236 3976 1409 4046 praelatum,
1441 3985 1466 4030 et
1493 3977 1548 4031 illa
1575 3986 1616 4032 est
1638 3976 1759 4030 materia
1783 3977 1849 4042 vati,

150 4067 325 4134 alloquentes
345 4080 429 4132 orcam
443 4065 544 4127 Deum,
564 4063 605 4115 ad
617 4078 696 4131 quem
715 4062 841 4134 ipsorum
856 4063 986 4116 manibus
1014 4067 1121 4130 attera,
1153 4081 1224 4134 quoe
1256 4071 1297 4117 est
1321 4064 1493 4133 formaliter
1522 4072 1615 4118 uotum
1639 4065 1680 4116 ad
1704 4066 1798 4117 Deum
1824 4070 1850 4116 et

150 4171 212 4206 eam
237 4152 365 4221 cupimus
392 4150 516 4217 deferri,
542 4160 676 4219 tanquam
695 4151 745 4219 qui
766 4167 828 4203 aem
845 4151 987 4219 pratiores
1014 4157 1126 4205 serietas
1153 4149 1245 4205 simul.
1280 4148 1319 4203 Et
1340 4156 1438 4219 postea
1462 4147 1490 4223 ξ.
1509 4155 1539 4205 9:
1573 4151 1658 4212 Vota,
1684 4165 1756 4218 quae
1779 4152 1850 4214 Jimst

152 4241 216 4293 Deo
242 4239 312 4301 sint,
342 4237 432 4301 facile
456 4238 534 4306 qrtod
557 4239 683 4306 cupimus
701 4237 898 4306 impetrabunt.
936 4237 987 4291 Co·
1015 4238 1130 4307 cassetis,
1154 4237 1341 4290 terminantur
1361 4237 1444 4290 etiam
1463 4238 1504 4289 ad
1520 4237 1598 4305 ipsos
1617 4244 1737 4302 sanctos,
1760 4236 1802 4290 ita
1821 4243 1852 4289 ut

153 4331 242 4380 uterus
256 4325 285 4378 in
303 4322 406 4378 enchir.
420 4341 446 4394 p.
460 4328 523 4378 412:
547 4325 622 4378 Dum
639 4325 669 4377 in
683 4324 988 4378 bonoremsonetornm
1016 4344 1046 4380 re
1067 4343 1134 4379 uera
1154 4324 1224 4394 ipsis
1240 4331 1303 4378 cota
1317 4327 1401 4393 fiunt.
1447 4323 1534 4378 Item:
1563 4324 1849 4378 Animadvertendum

153 4411 303 4465 recitamus
321 4410 476 4463 orationem
496 4410 689 4475 Dominieom,
715 4427 771 4462 non
791 4418 846 4465 tam
867 4410 988 4480 alioqui·
1016 4421 1065 4477 est,
1088 4414 1161 4466 inter
1180 4429 1274 4465 omnes
1299 4411 1456 4479 convenire,
1477 4427 1539 4464 uere
1564 4419 1589 4462 et
1610 4411 1728 4478 proprie
1746 4411 1852 4464 sanetis

154 4501 218 4551 mur·
240 4496 307 4550 illos
333 4513 417 4565 quam
439 4497 530 4548 Deum
556 4496 664 4567 ipsum,
691 4513 770 4566 quern
789 4497 844 4550 tali
863 4496 990 4550 oratione
1017 4500 1131 4568 aliquid
1144 4497 1283 4568 promitti,
1303 4498 1375 4551 snut
1393 4514 1457 4550 uere
1475 4504 1501 4549 et
1517 4497 1636 4567 proprie
1654 4497 1768 4566 aliquid
1784 4499 1849 4551 Deo

151 4602 312 4656 precamur.
358 4582 520 4636 Recitamus
539 4589 629 4635 tomen
650 4583 756 4635 eumin
776 4581 907 4638 honorem
926 4602 989 4636 san·
1017 4585 1205 4655 promittitur,
1229 4586 1307 4653 quod
1321 4600 1375 4653 per·
1392 4600 1422 4636 se
1436 4590 1529 4652 patet.
1568 4584 1644 4637 Num
1662 4583 1770 4637 silicet
1788 4601 1852 4636 san·

155 4681 277 4737 atonem,
324 4669 423 4737 quibam
460 4669 536 4723 uelut
570 4668 695 4722 libellum
730 4669 886 4740 mrpplieem
926 4671 989 4722 Deo
1019 4673 1071 4727 etas
1089 4669 1243 4735 aedificare
1261 4670 1394 4743 aepulae
1411 4677 1438 4723 et
1456 4669 1604 4735 basilicas,
1635 4687 1738 4724 ornare
1757 4687 1853 4723 eornm

156 4757 330 4830 afferendum
354 4754 467 4822 eatenus
480 4756 612 4824 praeitur
629 4757 879 4809 commendandum
900 4757 991 4810 tradi·
1018 4757 1157 4828 reliquias
1180 4764 1206 4809 et
1231 4757 1384 4811 accendere
1408 4773 1504 4810 eoram
1527 4757 1568 4810 eis
1594 4773 1701 4824 aneos,
1730 4774 1781 4809 eur
1798 4773 1855 4809 non

158 4853 226 4899 mne.
263 4839 447 4897 Bellarminus
466 4838 527 4893 loco
551 4857 629 4910 prox.
653 4841 753 4896 citato:
782 4842 900 4896 Fideles
918 4842 992 4896 diri·
1019 4845 1104 4899 lieeat
1128 4843 1169 4896 eis
1192 4843 1248 4896 istu
1271 4842 1456 4910 promittere!
1483 4839 1511 4914 ξ.
1533 4847 1577 4897 to:
1610 4842 1674 4895 Voti
1696 4858 1795 4895 nomen
1815 4849 1855 4894 est

158 4936 225 4999 punt
242 4929 399 4982 orationem
416 4924 596 4980 Dominieam
619 4930 660 4982 ad
681 4930 786 4995 Deum,
807 4927 885 4982 illud
901 4937 993 4982 aretem
1020 4929 1160 5001 persoralc,
1179 4930 1256 4997 quod
1276 4927 1403 4982 convenit
1422 4929 1486 4982 Deo
1505 4936 1530 4982 et
1549 4930 1662 4996 sanetis,
1682 4927 1758 4982 olias
1774 4944 1855 4982 nemo

159 5015 270 5077 faciunt
288 5031 385 5067 eoram
403 5009 572 5079 inrapinibus
589 5021 749 5067 sanctornm
767 5021 922 5083 sperantes,
940 5031 994 5085 per
1022 5017 1116 5071 elicere
1135 5018 1261 5082 anduet,
1291 5014 1380 5068 Voveo
1397 5016 1462 5069 Deo
1479 5022 1505 5069 et
1525 5016 1562 5072 B.
1581 5015 1707 5081 Mariae,
1727 5022 1753 5068 et
1771 5015 1856 5071 etiam

159 5100 296 5155 auxilinm
315 5107 475 5153 sanatorum
495 5113 572 5150 neam
594 5100 750 5153 orationem
769 5101 810 5151 ad
827 5101 918 5153 Deum
941 5118 995 5155 nte·
1022 5102 1202 5171 sinpliciter,
1228 5100 1317 5155 Vaoeo
1342 5101 1379 5155 Β.
1406 5101 1529 5155 Mariae.
1554 5097 1581 5175 ξ.
1601 5106 1649 5156 ts:
1681 5100 1778 5154 Votum
1802 5119 1857 5154 non

160 5187 216 5241 lius
244 5195 269 5239 et
291 5185 411 5249 streilitas
433 5190 638 5254 peruenturam.
685 5185 737 5256 (At
762 5202 834 5256 quae
857 5184 910 5241 hae
931 5194 996 5242 sunt
1023 5189 1148 5243 convenit
1168 5186 1284 5255 somus,
1304 5186 1361 5243 nisi
1391 5195 1527 5257 maenus
1546 5194 1611 5239 sunt
1630 5186 1674 5239 dii
1695 5203 1749 5256 per
1769 5186 1859 5253 parti·

10 5281 85 5325 xviri.
101 5277 146 5319 181.
161 5272 315 5344 ambages?
352 5270 429 5327 Deus
460 5286 557 5341 preces
593 5275 700 5325 nostras
741 5271 847 5326 revelat
882 5273 995 5340 sanctis,
1024 5276 1200 5346 ripationrm.
1240 5272 1305 5328 dam
1334 5273 1474 5329 subsumo.
1528 5273 1626 5328 Votum
1650 5280 1690 5326 est
1712 5280 1791 5326 aetas
1817 5288 1860 5326 re·

162 5359 266 5431 quippe
292 5358 342 5430 qui
364 5374 410 5413 cas
430 5357 525 5412 vident
542 5355 570 5410 in
594 5357 708 5425 speculo
728 5356 838 5413 divinae
858 5359 998 5415 essentiae
1025 5361 1142 5431 iipionis
1159 5359 1216 5414 soli
1232 5364 1293 5414 Deo
1312 5361 1429 5424 netum,
1447 5369 1477 5415 ut
1490 5369 1570 5430 patet
1591 5376 1624 5414 en
1644 5359 1749 5413 diuinas
1760 5359 1860 5426 literis,

159 5446 242 5517 juxta
263 5443 431 5516 hypothesin
459 5441 619 5499 Bellarmini
650 5447 679 5498 ct
702 5448 795 5498 tamen
827 5461 921 5515 preces
951 5464 999 5501 uo·
1012 5449 1075 5551 >seii
1097 5453 1235 5516 perpetrm
1261 5446 1394 5500 dieantur
1418 5455 1483 5500 eota
1504 5446 1574 5515 fieri
1599 5448 1677 5514 Deo,
1707 5445 1789 5503 Num.
1818 5451 1860 5513 30,
1959 5465 1962 5469 ·

164 5537 238 5588 strae
257 5549 308 5603 per
333 5531 466 5587 auxilium
489 5536 646 5586 sanctorum
667 5528 764 5584 melius
785 5536 814 5586 et
833 5529 939 5586 felicius
958 5533 994 5586 ad
1012 5551 1053 5590 rr.
1074 5537 1097 5588 3.
1126 5531 1207 5586 Deut.
1227 5536 1273 5598 23,
1301 5550 1327 5586 v.
1346 5538 1388 5590 21.
1416 5531 1490 5588 Esai.
1512 5537 1558 5601 19,
1584 5549 1609 5590 r.
1631 5538 1672 5590 20.
1695 5539 1727 5588 ut
1745 5532 1862 5586 totidem

215 5626 381 5670 annanias.
400 5626 457 5670 rua
1490 5641 1523 5692 22
