4104 6014
230 290 270 347 ss
627 252 630 257 ’
824 273 946 334 nouus
967 268 1168 336 morsurus
1189 272 1336 332 sexsus

229 436 288 492 vita
306 433 466 507 Augustini,
487 432 535 489 uhi
554 436 582 489 et
600 430 670 487 hacc
688 429 780 487 addit:
798 431 955 501 tisjmdam
969 430 1059 501 ccipi-
1086 432 1153 487 setis
1186 446 1340 504 congruum
1366 444 1439 494 esse,
1475 425 1553 491 illos,
1582 424 1630 495 qui
1659 439 1777 496 poenam
1802 420 1921 495 peccati,

230 523 311 593 scopi
331 531 358 576 et
370 520 601 590 familiarissimi
617 520 664 573 sui
682 520 769 574 amici
784 519 814 573 in
834 520 963 573 eumenis
985 518 1060 572 uitas
1086 523 1201 574 mortem
1220 517 1334 586 scilicet,
1347 514 1474 586 jamdum
1491 511 1688 580 sustinuerunt,
1717 510 1808 566 denuo
1825 509 1915 564 eidem

231 611 266 663 de
292 609 394 663 utens
417 607 676 678 frequentissimum
699 605 841 671 referebat
865 603 1059 675 (Augustinus)
1088 604 1232 676 subjicere.
1271 602 1377 668 Quodsi
1393 600 1466 656 enirn
1483 600 1522 666 is,
1537 596 1588 669 qui
1605 606 1744 666 mortuus,
1772 615 1790 650 a
1804 602 1920 666 peccato

231 697 349 764 dictum,
375 696 417 749 ad
441 712 523 764 quem
547 711 609 748 cum
630 692 801 746 visitandum
819 692 886 762 jam
908 691 995 746 morti
1011 705 1061 758 ap·
1088 700 1129 746 est
1154 692 1328 761 justificatus
1365 689 1443 744 Rom.
1464 693 1530 756 6,v.
1550 683 1791 756 truquestein
1811 699 1829 737 a
1854 696 1919 754 pec·

227 780 465 850 propinquitatem
489 783 661 850 ventitasset,
691 787 717 833 et
738 779 790 834 ills
815 797 915 833 manue
938 783 1017 847 gestu
1033 792 1062 829 se
1087 779 1142 833 cati
1161 778 1300 850 stipendio
1319 775 1463 832 absolutus
1481 773 1587 830 censeri
1603 771 1700 827 merito
1721 770 1812 826 debet.
1859 769 1920 826 Nec

231 867 267 920 de
285 868 379 921 seculo
397 868 533 922 editurum
551 867 733 937 sipnificaret,
753 872 836 936 atque
853 883 872 919 a
889 882 918 920 se
935 864 985 919 illi
994 871 1063 917 esset
1087 864 1190 920 Christi
1217 864 1335 920 bonitati
1362 862 1429 918 satis
1453 876 1606 933 congruere
1622 858 1734 914 ridetur
1754 874 1815 921 eos,
1850 871 1920 928 quos

231 969 403 1023 responsum,
421 955 515 1009 adbuc
534 971 595 1008 eum
611 953 746 1008 ecclcsiae
768 953 955 1007 necessarium
972 953 1063 1004 uiuam
1088 950 1223 1025 singulari
1253 968 1345 1007 amore
1374 949 1533 1019 complexus
1564 951 1620 1014 est,
1653 943 1793 1001 doloribus
1825 942 1920 999 mortis

226 1056 321 1109 posse,
337 1040 419 1095 illum
436 1057 471 1095 ne
484 1048 636 1111 penarum
652 1039 743 1094 teneri
759 1039 844 1109 bisjus
861 1039 935 1092 citae
954 1036 1063 1106 cupidi-
1089 1037 1175 1093 altera
1192 1037 1253 1092 vice
1273 1037 1433 1093 tolerandae
1451 1034 1586 1107 objicere,
1605 1031 1673 1106 quin
1693 1036 1721 1087 et
1739 1030 1769 1084 iu
1787 1046 1918 1101 praeseus

231 1132 296 1194 tute,
309 1127 527 1197 respondissem
533 1126 590 1182 :Si
599 1124 750 1196 nunquam,
768 1124 1064 1195 bene5sialiquando,
1089 1124 1240 1196 periculum
1269 1122 1419 1195 conjicere,
1448 1139 1485 1177 ne
1520 1118 1668 1176 infeliciter
1704 1117 1827 1173 secunda
1861 1115 1921 1169 vice

231 1228 320 1280 quare
349 1231 406 1268 non
430 1215 536 1267 modo!
570 1214 654 1268 Illud
679 1213 763 1266 stiam
790 1213 940 1283 cujusdam
965 1227 1062 1281 aegro-
1088 1211 1253 1278 morientur,
1284 1210 1332 1282 qui
1349 1209 1433 1267 semel
1451 1208 1533 1264 beate
1546 1205 1604 1261 rita
1627 1204 1725 1261 iuncti.
1755 1207 1780 1258 t.
1801 1202 1843 1258 Ob
1862 1201 1922 1268 dis-

231 1299 318 1353 tantis
344 1299 448 1354 dictum
470 1300 607 1370 afferebat
634 1297 830 1370 (Augustinus)
855 1298 994 1368 episcopi,
1027 1298 1063 1350 ds
1084 1298 1260 1366 ficuitctum,
1275 1295 1377 1369 quibus
1410 1293 1549 1350 contraria
1575 1291 1712 1348 sententia
1738 1291 1921 1360 circumsepta

232 1403 287 1455 grec
313 1394 428 1440 saumas
451 1386 481 1439 in
507 1386 628 1457 epitola
650 1404 716 1451 msa,
739 1403 822 1456 quam
841 1388 877 1440 dc
894 1384 1063 1440 mortalitate
1089 1389 1211 1449 tenetur,
1244 1384 1392 1438 cumulum.
1441 1381 1559 1437 Animae
1579 1380 1651 1435 enim
1669 1378 1796 1449 piorum,
1824 1391 1921 1448 quam·

234 1472 368 1542 scripsit,
388 1481 495 1541 martyr
516 1473 677 1544 Cyprianus
695 1474 737 1527 ita
753 1473 851 1528 retudit
868 1473 978 1541 dicens,
1002 1488 1064 1525 cum
1090 1471 1209 1543 primum
1227 1489 1246 1527 a
1264 1488 1377 1544 corpore
1397 1470 1546 1536 solvuntur,
1576 1472 1725 1539 apeccato
1744 1465 1837 1519 statim
1855 1480 1921 1535 pur-

232 1559 349 1629 quidam
376 1562 412 1615 de
436 1561 552 1631 collcpis
577 1569 603 1615 et
629 1560 874 1615 consacerdotibus
894 1559 999 1614 nostris
1022 1559 1063 1612 in·
1090 1565 1206 1631 gantur,
1238 1558 1337 1631 quodsi
1358 1573 1424 1629 ergo
1443 1555 1526 1613 etiam
1543 1555 1668 1622 illorum,
1698 1551 1745 1624 qui
1768 1569 1786 1606 a
1802 1550 1921 1614 Christo,

233 1646 365 1709 fimnitate
407 1648 537 1716 defessm
575 1654 601 1701 et
631 1649 668 1701 ds
702 1647 949 1719 appropinquante
977 1651 1065 1698 morte
1090 1645 1234 1717 prophetis
1252 1653 1281 1701 et
1299 1643 1430 1717 apostolis
1446 1641 1602 1699 resuscitati
1627 1639 1754 1708 fuerunt,
1779 1637 1922 1693 animaea

232 1732 371 1785 sollicitus
398 1742 579 1789 commeatum
595 1733 651 1787 sibi
660 1741 829 1803 precaretur
853 1730 1017 1803 deprecanti
1039 1736 1065 1784 et
1089 1733 1198 1804 peccati
1228 1732 1292 1789 lube
1322 1731 1433 1802 penitus
1454 1729 1569 1786 luerunt
1594 1730 1732 1800 purgatae
1758 1741 1792 1781 ac
1807 1723 1921 1792 liberae,

227 1818 293 1887 jam
319 1833 413 1886 patna
430 1819 562 1873 mon'enu·
581 1820 697 1890 ,iuuenis
725 1820 829 1875 bonore
859 1827 884 1875 ct
918 1818 1065 1888 maiestate
1090 1819 1243 1891 injustitiae
1276 1817 1340 1873 dica
1369 1816 1479 1872 videtur
1510 1815 1570 1870 Deo
1600 1813 1684 1868 scribi
1713 1828 1807 1884 posse,
1846 1809 1923 1883 quod

231 1904 406 1973 uenerabilis,
422 1912 532 1959 statura
550 1905 640 1959 celsus
658 1911 684 1959 et
700 1906 796 1959 clariss
815 1907 964 1975 adspectu,
983 1920 1063 1974 quem
1090 1905 1210 1961 animam
1239 1922 1258 1960 a
1285 1907 1400 1977 peccato
1429 1918 1528 1974 puram
1557 1900 1586 1956 in
1616 1915 1718 1970 corpus
1742 1902 1857 1970 peccato
1881 1897 1922 1949 in-

232 1989 391 2043 adstantem
410 1989 467 2044 sibi
481 1991 528 2043 aiu
543 1997 639 2061 posset
655 1991 794 2046 humanus
812 1989 1063 2064 adspectrmoculis
1091 1991 1196 2048 fectum
1212 1989 1381 2062 postliminio
1400 1988 1516 2044 reducat
1543 2003 1621 2043 aeex
1641 1990 1716 2041 stetu
1734 1982 1876 2040 felicitatis
1894 1987 1923 2036 et

231 2075 395 2129 carnalibus
420 2077 538 2142 intueri,
569 2077 632 2143 nisi¹
657 2079 734 2146 quod
760 2078 845 2133 talem
880 2078 975 2132 uidere
997 2078 1062 2147 jam
1091 2079 1195 2152 gloriae
1221 2077 1328 2150 absque
1351 2075 1425 2132 omni
1443 2074 1530 2147 ipsius
1549 2074 1633 2145 culpa
1655 2072 1775 2127 animam
1793 2069 1923 2125 detrudat

226 2168 340 2229 poterat
358 2164 393 2215 ds
412 2162 505 2217 sensio
523 2178 691 2221 recessurus.
740 2164 831 2233 Atque
853 2164 904 2219 sile
924 2181 979 2217 non
1003 2163 1064 2217 sine
1090 2166 1119 2220 in
1145 2171 1248 2221 statum
1275 2162 1414 2232 miseriae,
1443 2162 1510 2216 dum
1540 2161 1648 2232 corpori
1676 2158 1798 2231 peccatis
1820 2156 1923 2211 iniecto

231 2249 356 2315 quadam
385 2248 475 2302 animi
504 2257 529 2303 et
549 2250 625 2304 uocis
651 2251 843 2319 indignatione
868 2248 1016 2314 infremuit
1039 2256 1065 2302 et
1092 2252 1207 2308 eandem
1232 2250 1332 2306 iterum
1352 2248 1506 2321 conjungit
1554 2247 1705 2304 Praeterea
1732 2245 1840 2301 animae
1857 2242 1922 2297 illae

233 2332 318 2389 dieis:
350 2335 420 2388 Pati
435 2335 551 2404 timetis,
579 2335 655 2389 scire
672 2353 728 2389 non
745 2335 842 2400 cultis,
867 2336 938 2404 quid
954 2335 1065 2402 faciam
1090 2337 1317 2393 resuscitatorum
1334 2339 1384 2390 aut
1400 2335 1429 2389 in
1447 2333 1524 2390 coelo
1541 2332 1666 2405 suerunt,
1691 2331 1788 2387 autin
1805 2329 1921 2398 inferno,

231 2419 330 2473 uobis!
365 2419 502 2490 Sulpitius
540 2422 570 2475 in
599 2422 657 2476 vita
686 2421 800 2475 Martini
817 2422 938 2492 episcopi
970 2421 1063 2489 refert,
1089 2431 1138 2481 aut
1163 2424 1193 2480 in
1215 2425 1277 2480 loco
1301 2422 1423 2496 quodam
1448 2420 1619 2477 intermedio.
1667 2418 1730 2476 Nou
1746 2419 1782 2472 'in
1801 2417 1922 2485 issferno,

232 2507 392 2576 quodcum
418 2524 469 2577 pro
487 2512 576 2563 morte
599 2508 781 2563 acceleranda
803 2508 840 2562 ad
864 2508 955 2565 Deum
980 2509 1064 2564 inter·
1090 2512 1156 2584 quia
1172 2511 1286 2567 fuerunt
1306 2510 1415 2566 animae
1431 2507 1569 2579 fidelium,
1600 2506 1701 2579 quibus
1718 2522 1774 2561 non
1797 2504 1921 2558 infernus

234 2592 359 2663 cederet,
389 2592 518 2664 discipuli
538 2593 573 2648 ad
594 2610 657 2649 eum
676 2594 807 2665 dixerint,
836 2594 894 2650 Osse
912 2614 964 2649 nos
978 2603 1064 2666 pater
1090 2600 1140 2656 sed
1171 2598 1317 2671 paradisus
1346 2600 1469 2667 paratus.
1516 2594 1577 2650 Nec
1604 2595 1635 2648 in
1661 2595 1723 2648 laco
1748 2591 1921 2659 intermedio,

233 2679 363 2733 desub!
393 2680 440 2733 cui
467 2698 518 2735 nos
542 2681 685 2735 desolatas
710 2682 868 2753 relinquis!
898 2681 998 2753 quibus
1016 2681 1063 2736 ille
1091 2686 1156 2759 quis
1174 2686 1253 2741 illurn
1272 2684 1457 2756 ignorattota
1475 2681 1635 2754 Scriptura,
1661 2697 1695 2737 ac
1714 2684 1810 2734 contm
1826 2676 1922 2733 Ponti·

231 2764 416 2835 responderit:
447 2767 584 2836 Domine,
613 2767 640 2820 si
667 2768 761 2822 adhuc
787 2768 896 2839 populo
926 2775 974 2823 tuo
1002 2786 1063 2822 sam
1089 2772 1182 2829 ficiam
1202 2770 1368 2844 hypothesin
1387 2770 1423 2825 de
1440 2767 1602 2842 purgatorio
1621 2772 1696 2823 ercte
1714 2764 1768 2821 hoc
1787 2770 1920 2831 tenemus,

230 2852 422 2922 accusatius,
446 2854 555 2907 necllum
581 2869 679 2937 recuso
699 2854 839 2924 laborem,
864 2856 915 2920 fiat
933 2854 1063 2910 volumtas
1089 2859 1164 2931 quod
1186 2877 1243 2914 non
1269 2859 1307 2913 eit
1327 2857 1404 2911 ullus
1426 2856 1483 2910 ulli
1503 2856 1613 2909 medius
1637 2855 1730 2918 locus,
1760 2859 1791 2906 ut
1808 2850 1846 2904 sit
1864 2848 1923 2904 nisi

231 2943 288 2996 ma.
333 2936 475 3008 Breviter,
511 2937 678 2995 desiderium
711 2940 807 2995 mortis
833 2957 866 2996 ex
885 2940 942 2996 fide
966 2946 995 2997 et
1013 2958 1062 3011 spe
1088 2965 1151 3002 enm
1170 2946 1301 3013 diabolo,
1319 2944 1369 3015 qui
1384 2961 1442 2997 nan
1457 2949 1501 2998 est
1519 2960 1581 2996 cum
1601 2940 1728 3005 Cis-isto,
1747 2934 1921 3010 Augustinus

230 3024 386 3096 P²⁰f0⁰i¹¹ffl
414 3026 515 3081 mliii
543 3032 686 3098 imperitis
720 3043 753 3082 ⁸8
784 3026 857 3082 inim
881 3027 918 3082 ⁰b
946 3027 1063 3099 proximi
1092 3040 1114 3090 1.
1136 3032 1171 3089 de
1189 3032 1294 3088 remiss.
1312 3036 1419 3102 peccat.
1438 3046 1500 3100 cup.
1519 3033 1559 3085 28.
1588 3027 1664 3100 Ergo
1680 3026 1709 3081 in
1728 3024 1813 3093 coelo,
1833 3028 1862 3077 et
1871 3039 1922 3094 per

232 3110 350 3168 salutem
387 3111 570 3185 longinquum
607 3114 681 3170 vitae
716 3114 836 3185 spatium
871 3120 1063 3186 praematurae
1089 3135 1261 3192 consequens
1294 3118 1403 3173 animae
1430 3115 1495 3171 illae
1526 3133 1544 3170 e
1581 3112 1691 3185 pcccati
1719 3112 1782 3167 labe
1811 3127 1922 3182 prorsus

231 3199 313 3253 morti
341 3199 506 3271 quandoque
535 3200 744 3256 anteierendurn
762 3216 824 3257 esse
849 3201 961 3271 suadet,
989 3201 1063 3256 unde
1088 3207 1201 3262 fuerunt
1217 3211 1368 3278 purgatae,
1392 3202 1458 3276 quia
1482 3201 1512 3257 in
1531 3201 1756 3269 Hierosolymam
1780 3198 1922 3253 coelestem

232 3284 408 3355 Augustinus
426 3286 454 3341 iu
472 3287 576 3345 Psalm.
596 3292 637 3344 tt.
659 3287 799 3358 explicans
818 3286 905 3342 verba
924 3288 981 3353 illa,
1001 3288 1064 3357 quis
1090 3293 1164 3348 nihil
1182 3292 1392 3362 coinquinatum
1410 3290 1499 3343 intrat
1510 3288 1598 3358 Apoc.
1617 3293 1658 3356 21,
1672 3303 1698 3342 r.
1717 3292 1759 3343 27.
1789 3283 1921 3342 Ulterius.

213 3371 313 3424 dabit
338 3372 408 3426 mild
431 3389 543 3443 pennas
569 3374 643 3428 sicsst
668 3374 826 3433 columbae.
857 3372 893 3428 ad
917 3373 1064 3429 Paulinam
1090 3379 1201 3449 Anima,
1220 3395 1293 3451 quae
1309 3375 1420 3448 peccati
1437 3379 1480 3431 est
1497 3379 1610 3450 πρῶτον
1626 3370 1759 3441 δεκτικόν,
1777 3388 1795 3426 a
1813 3369 1921 3442 pcccati

105 3457 452 3525 transducendorum
475 3459 546 3516 Phil
574 3466 602 3529 l,
628 3478 652 3515 v.
677 3465 718 3516 23.
742 3477 776 3515 ea
805 3460 997 3515 accommodat
1031 3477 1065 3516 ac
1089 3466 1153 3522 labe
1184 3464 1268 3521 semel
1298 3467 1419 3535 purgata
1443 3479 1499 3516 uon
1525 3465 1654 3533 potesis
1683 3475 1797 3530 corpore
1822 3457 1921 3513 iterum

232 3542 352 3599 Paulum
381 3545 527 3601 columbae
545 3546 665 3618 gementi
685 3552 714 3602 et
733 3547 768 3602 ad
787 3547 892 3602 coelum
916 3547 1063 3618 suspiranti
1089 3558 1206 3626 peccato
1222 3550 1306 3617 infici,
1325 3550 1392 3622 quia
1410 3564 1572 3620 corporeum
1589 3565 1645 3603 uon
1662 3546 1723 3617 agit
1741 3547 1770 3599 iu
1793 3550 1920 3614 incorpo-

232 3647 396 3702 compurans
414 3630 574 3704 subjungit:
608 3634 743 3688 Columba
771 3634 909 3702 delicata,
940 3634 1064 3704 relipata
1089 3657 1182 3707 reum,
1212 3644 1244 3693 ut
1271 3638 1301 3692 in
1328 3635 1490 3709 quaestione
1516 3635 1551 3691 de
1579 3633 1685 3705 origine
1706 3631 1814 3688 animae
1838 3630 1920 3685 latius

231 3718 347 3786 affectu,
366 3735 423 3771 nan
439 3719 607 3788 cupiditate,
630 3719 727 3774 solare
746 3738 802 3775 non
816 3727 931 3790 poterat
945 3729 1064 3791 propser
1088 3725 1231 3798 probatur.
1284 3722 1361 3794 Ergo
1402 3720 1510 3776 animae
1548 3719 1658 3775 illorum
1695 3718 1919 3774 resuscitatorum

224 3803 393 3870 faciendum
410 3805 544 3872 officinm.
1088 3812 1202 3868 suerunt
1227 3814 1256 3867 et
1279 3814 1439 3864 manserunt
1465 3824 1483 3862 a
1509 3807 1618 3878 peccati
1637 3806 1699 3861 labe
1716 3806 1864 3875 immunes,
1892 3809 1921 3859 ct

103 3908 220 3951 turma-
267 3893 308 3944 68.
344 3891 368 3945 2.
387 3892 528 3944 Numerus
553 3891 650 3944 mortis
672 3891 701 3943 ln
719 3890 816 3962 quovis
838 3891 949 3947 homine
968 3899 1011 3948 etti
1026 3892 1062 3947 sd
1090 3918 1141 3970 per
1160 3915 1347 3970 consequens,
1376 3901 1497 3951 ammte
1515 3893 1623 3964 peceati
1649 3892 1787 3963 stipendio
1806 3890 1921 3947 remei.

104 3973 143 4053 {tf
160 3971 220 4001 ”²⁰¹¹
231 3975 366 4030 unitatem
400 3976 556 4044 restrictus,
594 3975 742 4048 insularis
772 3992 806 4031 ac
848 3994 904 4032 non
941 3980 1062 4037 iteratus.
1090 3987 1140 4043 un
1163 3986 1204 4041 uu
1228 3988 1388 4039 manserunt
1405 3982 1492 4038 risen.
1544 3978 1918 4051 respueremus

231 4060 317 4117 Hebr.
337 4069 361 4130 9,
381 4080 408 4118 v.
427 4068 476 4119 27:
507 4063 649 4117 Statatum
668 4069 709 4116 est
727 4063 833 4117 bomini
853 4063 944 4128 ἅπαξ,
969 4067 1061 4135 semel,
1088 4090 1186 4130 comm,
1217 4088 1242 4129 c,
1275 4076 1299 4125 tt.
1330 4069 1409 4123 Rom.
1438 4066 1576 4122 Meisnero
1606 4071 1677 4137 part.
1714 4072 1736 4122 1.
1766 4065 1919 4134 anthropol.

230 4151 311 4205 Μ’·
355 4150 396 4205 Ui
421 4148 495 4203 enim
522 4149 648 4204 Chfiffli
669 4149 754 4203 ’Μ
778 4151 913 4205 ‘summi
938 4161 1063 4207 mortum
1089 4160 1191 4232 disput.
1224 4163 1248 4213 2.
1279 4153 1308 4229 ξ.
1338 4160 1379 4212 ³3.
1428 4153 1598 4209 Mehlfurcro
1625 4153 1653 4206 in
1681 4151 1782 4206 vindic.
1820 4166 1919 4221 evang.

231 4234 310 4291 ΒΜ·
328 4241 353 4305 ⁶2
372 4253 399 4289 V·
422 4240 461 4290 ¹⁰·
478 4250 512 4288 ⁸⁰
528 4236 612 4288 'md
633 4236 742 4290 ‘’blau“
765 4245 804 4290 θεῖ
823 4236 909 4292 Hebf·
926 4244 953 4306 9,
974 4257 1001 4295 ν.
1020 4245 1062 4296 28.
1089 4244 1187 4301 decad.
1205 4249 1228 4299 6.
1247 4243 1318 4313 disp.
1340 4248 1361 4296 1.
1377 4238 1405 4312 ξ.
1425 4246 1465 4297 36.
1483 4255 1553 4311 quae
1571 4239 1710 4293 sententia
1727 4238 1825 4293 nititur
1843 4236 1919 4291 hisce
1934 4249 2005 4291 rurs.
2024 4260 2040 4286 tt!

231 4328 344 4391 P¹⁰Pi⁸f
371 4325 517 4393 peecatum
544 4320 597 4377 ‘ibi
624 4321 791 4392 imputatum
812 4324 847 4377 td
874 4323 942 4378 illud
961 4326 1062 4381 exhau·
1089 4329 1304 4404 hypothesibus:
1339 4335 1361 4383 1.
1391 4328 1470 4383 Sicut
1505 4327 1568 4397 ipsa
1600 4324 1774 4379 resuscitatio
1811 4323 1919 4379 illorum

232 4407 376 4475 flendumi
410 4407 451 4461 iifl
468 4423 579 4478 q¹¹⁰l¹¹0
596 4406 724 4462 ⁰m¹15b1¹⁸
743 4407 900 4465 h0ml¹fib11⁸
920 4411 1063 4467 definitum
1088 4417 1229 4473 hominum
1254 4421 1296 4470 est
1322 4420 1401 4470 actus
1425 4412 1605 4467 miraculosus
1630 4415 1658 4466 et
1679 4409 1919 4471 extrsmrdinarius,

232 4498 275 4547 eti
299 4493 383 4548 temtl
410 4493 495 4557 mori,
522 4499 635 4564 propter
662 4501 807 4564 peccatum
836 4495 872 4551 ab
896 4497 1006 4553 Adamo
1033 4498 1062 4553 in
1089 4504 1234 4559 discedens
1255 4519 1272 4557 a
1291 4500 1428 4556 communi
1447 4498 1495 4554 ills
1512 4499 1619 4569 regula,
1639 4498 1713 4571 quad
1734 4514 1767 4553 ex
1784 4500 1872 4549 morte
1890 4494 1919 4548 in

232 4578 306 4649 ipsos
324 4585 508 4649 propagatum
535 4585 564 4634 et
584 4585 759 4650 peccatorum
785 4582 935 4637 actualium
951 4585 1063 4641 foenore
1089 4591 1161 4646 hunc
1187 4591 1273 4644 vitam
1299 4586 1478 4659 temporalem
1506 4585 1598 4639 nullus
1625 4584 1792 4640 coucedatur
1816 4580 1922 4637 reditus

233 4668 361 4729 auctum,
378 4664 415 4719 ad
432 4664 600 4735 stipendium
620 4665 695 4719 illius
711 4666 916 4736 recipiendum,
940 4670 1020 4727 Rom.
1039 4665 1078 4740 6,l
1091 4684 1114 4733 2.
1132 4679 1205 4733 Sam.
1224 4681 1264 4743 12,
1283 4693 1309 4731 v.
1330 4679 1369 4729 23.
1391 4672 1506 4728 Siracid.
1527 4676 1574 4737 39,
1598 4689 1624 4726 v.
1644 4677 1685 4726 22.
1704 4670 1745 4724 ite
1763 4684 1873 4739 quoque
1892 4668 1920 4721 in

104 4770 200 4824 qma.
233 4769 260 4808 r.
285 4756 327 4807 23.
371 4749 441 4806 lude
462 4751 522 4820 jam
540 4752 695 4821 quaeritur:
727 4751 805 4815 Quid
827 4759 1004 4812 statumdum
1029 4762 1065 4813 de
1090 4770 1177 4817 morte
1194 4760 1343 4816 eorundem
1363 4758 1470 4830 aliquid
1487 4755 1733 4813 exmuordinarium
1753 4771 1786 4810 ac
1802 4753 1922 4825 speciale

103 4829 205 4916 ffilffi.
233 4838 302 4901 atis,
322 4836 373 4907 qui
389 4854 408 4890 α
427 4836 546 4906 Uiriato,
561 4839 709 4908 proptera
728 4848 754 4893 et
772 4841 909 4913 apostolis
928 4860 961 4897 en
978 4853 1065 4901 morte
1091 4856 1133 4904 est
1159 4848 1372 4919 agnoscendum.
1420 4843 1656 4908 Quemadmodum
1683 4841 1755 4897 enim
1779 4838 1874 4894 Enoch
1893 4844 1921 4894 et

104 4928 145 4966 ²²⁰
161 4937 175 4966 ⁸
233 4925 262 4977 ''st
287 4922 374 4977 ¹²in
396 4923 524 4976 mimis
540 4931 619 4991 ”tiis
648 4943 685 4978 απ
705 4925 804 4980 2⁸*th
825 4928 935 4991 fuerint
953 4933 1064 5001 mortui,
1089 4935 1166 4990 Elias
1185 4934 1263 4988 salva
1279 4932 1418 4989 communi
1437 4939 1465 4986 et
1483 4930 1623 4985 ordinaria
1639 4929 1688 4982 illa
1706 4926 1818 4999 regula,
1846 4925 1919 4999 quod

103 4979 195 5070 ccciiii?
235 5029 272 5064 an
302 5010 410 5080 expieta
439 5008 573 5063 animalis
602 5011 677 5064 citae
706 5013 849 5067 curriculo
878 5015 937 5068 sine
967 5019 1065 5072 martis
1089 5022 1193 5078 homini
1213 5021 1393 5075 canetitrdum
1410 5019 1448 5072 sit
1466 5018 1551 5072 semei
1568 5015 1642 5071 mori
1667 5013 1753 5069 Hebr.
1779 5020 1811 5083 9,
1834 5032 1859 5069 r.
1879 5019 1920 5069 27.

104 5082 195 5174 mit.
235 5098 388 5152 ‘'iiiii-’W‘
406 5097 437 5150 3¹⁸
453 5096 860 5154 ”⁶⁶‘iffl000lmssmimmlssit'i
891 5100 1063 5166 Quibusdam
1089 5107 1223 5180 peculiari
1248 5112 1276 5162 et
1301 5104 1518 5161 extraordinario
1540 5102 1592 5159 Dei
1611 5100 1746 5157 beneficio
1771 5105 1919 5172 potueruut

234 5185 328 5254 placet
345 5182 482 5254 posterius
503 5188 525 5238 1.
544 5183 578 5237 ob
599 5184 744 5249 definitum
763 5185 799 5238 ab
814 5187 942 5255 apostolo
965 5192 1063 5246 mutis
1089 5194 1260 5267 nequidem
1284 5192 1368 5248 semel
1394 5191 1462 5247 mori
1482 5190 1552 5247 Gen.
1571 5196 1601 5259 5,
1631 5207 1657 5246 v.
1679 5193 1720 5243 24.
1762 5193 1787 5244 t.
1805 5187 1874 5255 ch.
1894 5190 1917 5253 t,

233 5288 377 5325 ”mmm
413 5268 500 5325 Hebr·
520 5276 554 5337 ⁹²
580 5287 606 5324 V·
626 5274 667 5324 ²⁷·
689 5275 713 5325 ²·
733 5272 775 5325 Ob
796 5272 962 5343 S“siiturus
979 5279 1062 5334 siten—
1089 5299 1115 5339 v.
1137 5287 1174 5337 11.
1191 5280 1231 5335 its
1254 5279 1351 5335 eadem
1375 5277 1472 5350 regula
1489 5277 1566 5333 salsa
1591 5274 1748 5330 resuscitati
1766 5291 1783 5325 s
1800 5269 1918 5335 Christo,

232 5358 309 5413 tiam.
346 5357 389 5412 Dc
412 5356 513 5411 iterata
536 5355 646 5411 illorum
664 5358 798 5413 mortain
825 5359 939 5415 historia
955 5362 1064 5420 Biblica
1088 5366 1230 5439 prophetis
1256 5372 1286 5422 ct
1308 5366 1440 5438 apostolis
1463 5367 1614 5435 potueruut
1638 5361 1681 5417 bis
1700 5356 1775 5415 mori.
1820 5356 1919 5428 Neque

232 5442 301 5498 nihil
320 5443 472 5515 quidquam
488 5441 598 5515 legitur.
639 5446 666 5499 8.
691 5445 733 5497 Ob
760 5445 873 5500 diuinae
890 5448 1016 5515 iustitiae
1037 5461 1063 5507 et
1089 5461 1146 5524 est,
1179 5452 1254 5524 quod
1278 5451 1453 5517 ohvcrtutur,
1483 5449 1561 5520 prius
1589 5464 1648 5504 esse
1665 5443 1780 5503 bonitati
1807 5441 1917 5497 divinae

233 5529 365 5587 bonitatis
380 5529 587 5600 uepsdibrium.
618 5529 681 5585 Nou
693 5528 804 5586 videtur
812 5531 938 5602 justitiae
950 5534 1060 5596 divinae
1089 5556 1251 5612 congruum,
1267 5539 1404 5610 posterius
1421 5552 1487 5593 vero
1497 5536 1623 5606 justitiae
1640 5531 1746 5589 divinae
1760 5530 1917 5594 adversum,
