4104 6014
268 181 330 241 228
862 173 984 232 Locus
1001 171 1205 232 waltemus
1224 174 1370 234 SEXTUS

266 332 415 385 manassem
428 333 573 400 fratrum,
598 345 632 383 ne
656 330 759 400 absque
778 330 850 402 ipsis
874 336 1096 384 consummantur
1124 328 1225 385 Pselm.
1246 336 1309 388 ²38:
1334 331 1416 384 Haec
1431 331 1570 385 humanae
1589 330 1634 384 lea
1651 329 1825 385 necessbatie
1841 337 1899 398 eet,
1924 335 1957 381 ut

259 420 347 488 justo
366 418 491 471 divinum
508 414 675 485 apostolum.
709 417 821 470 Horum
837 417 924 486 igitur
942 432 1007 485 spe,
1025 432 1098 485 asma
1123 418 1239 487 sepults's
1273 418 1437 487 somoriam
1471 419 1583 472 animae
1618 418 1722 486 (omnes
1754 416 1877 480 omnino)
1915 415 1958 468 ad

264 523 316 574 par
335 505 504 559 intellectum
522 503 597 557 uelut
616 503 646 555 in
663 503 775 572 speciale
788 503 1002 572 contemplatur,
1023 501 1099 556 omni
1124 505 1231 570 inferos
1249 506 1426 562 descendant.
1465 505 1553 568 Quam
1570 505 1657 574 lepem
1677 504 1818 559 Dominus
1835 504 1877 556 ad
1891 519 1956 556 con·

265 592 394 645 massilia
422 590 536 643 liberati
563 590 661 643 rnerito
696 591 841 644 laetantur
869 591 1037 661 quiescentes
1067 590 1097 641 in
1124 592 1332 645 summationem
1352 592 1413 646 uari
1429 591 1549 645 bominis
1571 608 1627 644 non
1644 591 1792 646 recesserit.
1837 586 1957 642 Ambra·

265 677 371 730 sinibus
390 675 542 741 Abrabae,
567 692 634 729 nom
663 677 696 728 id
714 694 733 728 a
757 676 853 730 multis
870 676 973 730 sanctis
991 676 1097 730 dictum
1123 675 1179 730 sius
1198 676 1248 753 lib.
1266 681 1289 734 1.
1309 677 1344 732 de
1357 676 1434 733 Cain.
1455 692 1479 731 c.
1495 681 1525 731 2:
1546 677 1671 731 Solvitur
1688 692 1708 729 a
1727 692 1844 746 corpore
1856 674 1956 728 anima

265 772 319 830 ast,
344 778 563 831 imumquemquc
591 760 703 814 uirtutis
728 762 861 815 cultorem
885 763 1014 817 sortitum
1039 778 1098 815 esse
1124 770 1151 816 at
1182 770 1249 833 post
1275 764 1362 833 finem
1390 765 1464 816 uitae
1495 763 1580 832 bajus
1610 762 1702 815 adbuc
1729 761 1824 822 futuri
1845 759 1957 830 judicii

265 848 380 918 dipnnm
403 848 507 916 locum,
533 849 608 900 unde
634 848 719 900 etiam
745 849 780 901 de
805 849 906 912 futura
932 866 986 901 sua
1002 848 1097 915 pluria
1123 850 1250 918 ambipuo
1269 850 1448 905 discernitur.
1492 849 1537 903 De
1557 847 1622 904 ban.
1640 848 1735 902 mortis
1754 865 1777 903 a
1799 854 1844 903 10:
1875 846 1962 901 Satis·

264 942 368 988 ccrtam
385 935 529 1003 quondm
547 943 714 1004 assequatur
725 934 922 1003 conjecturam.
954 934 1097 989 Commen-
1121 937 1290 1001 fueratsilis
1303 938 1416 1002 diense,
1429 937 1539 991 mimas
1552 932 1738 1005 interpretare,
1756 936 1789 989 id
1801 942 1842 988 est
1853 934 1956 999 locum

264 1021 335 1076 taris
360 1021 409 1075 ills
426 1021 529 1077 Aretm
555 1022 673 1078 collecte
701 1028 765 1076 sunt
796 1038 829 1076 ex
846 1021 976 1076 Andreae
995 1019 1096 1077 Caesa-
1122 1024 1173 1092 qui
1190 1042 1246 1077 mon
1276 1024 1403 1093 misimur,
1433 1039 1513 1092 auem
1530 1022 1630 1077 Latine
1653 1023 1796 1086 infernum
1820 1021 1951 1076 dicimus.

264 1107 362 1161 riensis
374 1108 498 1180 episcopi
518 1108 710 1176 monumentis,
730 1124 763 1163 ex
779 1124 834 1180 quo
846 1106 1020 1178 intellig'tur,
1032 1123 1095 1162 eum
1123 1108 1290 1165 Prudentius
1303 1109 1332 1163 in
1344 1107 1456 1179 hymno.
1473 1107 1507 1162 de
1518 1123 1609 1177 exseq.
1625 1106 1778 1162 defunctos.
1796 1108 1909 1160 animas
1921 1106 1953 1160 im

264 1192 406 1250 incudem
426 1193 548 1249 haesisse
566 1193 712 1249 sententis.
740 1192 907 1263 Euthymios
927 1193 956 1247 in
978 1209 1040 1266 cap.
1056 1198 1095 1249 16.
1121 1203 1282 1250 terrestrem
1299 1196 1472 1265 paradisum
1495 1196 1553 1248 sios
1573 1195 1604 1248 in
1628 1194 1720 1248 sinum
1746 1193 1880 1248 Abrahae
1904 1194 1952 1246 de·

263 1277 332 1336 Luc.
353 1279 434 1349 dicit,
456 1281 649 1335 narrationem
675 1280 756 1334 llam
781 1282 817 1334 de
833 1280 943 1334 Luam
962 1288 989 1333 st
1008 1279 1095 1332 dieite
1121 1285 1255 1337 scandere
1272 1282 1367 1336 docet:

263 1381 322 1418 esse
336 1366 514 1435 parabolam,
531 1384 588 1436 qua
600 1367 770 1435 designatur,
788 1367 860 1434 quid
878 1343 932 1419 erit
940 1374 1006 1436 poet
1020 1367 1093 1418 diem
1284 1390 1368 1455 PM
1385 1417 1445 1454 m
1456 1400 1591 1470 fidelibus
1607 1401 1699 1469 ampli

257 1452 374 1521 judicii.
434 1452 469 1506 In
505 1469 529 1507 e.
567 1458 608 1510 23.
643 1451 713 1508 Luc.
750 1451 922 1522 paradisum
956 1472 975 1506 a
1007 1469 1094 1522 repno

264 1537 424 1608 distinguit,
450 1547 477 1592 et
497 1547 562 1593 tunc
580 1539 693 1607 onmem
712 1540 792 1593 dedit
810 1540 837 1593 ai
851 1537 961 1610 (inquit)
982 1555 1092 1592 corruer-

262 1625 397 1678 sctionem
416 1625 445 1678 in
471 1627 615 1695 paradiso
643 1633 777 1694 tanquam
803 1624 989 1679 arrhabonem
1012 1624 1094 1693 repni

262 1710 321 1775 sui,
349 1712 425 1780 quod
454 1719 493 1764 est
515 1711 618 1776 fruitio
646 1711 830 1782 ineffabilium
855 1729 889 1765 ac
915 1718 1093 1765 aeternorum

263 1797 411 1862 bonorum,
453 1814 526 1866 quoa
570 1816 619 1852 nec
666 1798 762 1852 oculus
799 1799 884 1863 uidit,
928 1814 977 1851 mcc
1011 1798 1092 1850 nuris
1119 1797 1294 1869 Augustinus
1315 1796 1364 1854 lib.
1387 1803 1409 1854 1.
1427 1802 1537 1854 retract.
1560 1813 1619 1866 esp.
1642 1803 1684 1853 14:
1711 1798 1758 1850 De
1781 1796 1887 1850 sanetis
1903 1796 1953 1850 bo·

263 1883 379 1938 audivit.
1120 1885 1240 1939 minibus
1252 1885 1316 1953 jam
1342 1884 1497 1951 defunctis,
1521 1891 1615 1937 utrum
1639 1883 1696 1952 ipsi
1718 1881 1819 1935 saltem
1837 1883 1955 1936 dicendi

298 1975 357 2025 294.
392 1968 435 2022 Ex
463 1967 589 2039 patribus
620 1969 713 2024 latinis
742 1970 783 2026 ita
812 1969 930 2026 sensisse
965 1969 1094 2024 videntur
1119 1972 1175 2025 sint
1186 1971 1295 2041 jamin
1308 1971 1362 2025 ella
1376 1970 1551 2040 possessione
1571 1967 1951 2040 (beatitudinistcomsistere,

264 2055 451 2112 Tertullianus
470 2055 499 2108 in
516 2054 584 2109 loeis
602 2055 798 2127 compluribus,
816 2056 845 2111 in
859 2055 995 2127 apologet.
1009 2072 1033 2112 c.
1051 2061 1093 2111 47.
1120 2059 1219 2113 merito
1242 2059 1396 2128 quaeritur.
1438 2057 1525 2129 Epist
1545 2061 1602 2113 111.
1632 2056 1669 2111 sd
1697 2054 1880 2111 Fortunatum
1915 2073 1950 2112 ex

261 2159 326 2213 pag.
361 2147 406 2198 78:
444 2143 619 2196 Paradisum
651 2143 825 2196 nominamus
855 2143 947 2197 locum
982 2141 1095 2195 diuinae
1120 2144 1211 2200 verbis
1228 2143 1393 2215 Hieronymi
1418 2143 1535 2215 colligit,
1557 2151 1622 2197 tunc
1643 2161 1694 2197 nos
1715 2143 1825 2196 uiasros
1844 2143 1950 2206 faciem

261 2228 439 2281 anroenitotis
464 2228 634 2297 recipiendis
656 2236 815 2282 sanctorum
839 2228 986 2297 minnan
1009 2228 1094 2281 desti·
1120 2232 1186 2300 Dei,
1204 2248 1266 2285 cum
1284 2232 1315 2285 im
1332 2231 1448 2301 ampelos
1463 2231 1676 2300 profecerimus,
1693 2228 1744 2283 boc
1762 2237 1802 2283 est
1817 2230 1952 2299 aequales

261 2323 370 2384 natum,
401 2315 529 2369 maceria
558 2316 682 2383 quadam
718 2315 817 2382 ioneae
844 2314 926 2368 illius
958 2331 1044 2367 sonae
1074 2332 1092 2367 a
1120 2319 1230 2387 ampelio
1244 2317 1322 2383 facti
1336 2317 1489 2385 fuerimus,
1506 2318 1584 2385 quod
1601 2316 1669 2382 erit,
1688 2314 1790 2387 iuquit,
1809 2317 1839 2370 in
1856 2333 1950 2370 resur-

260 2402 364 2455 notitia
392 2401 468 2454 orbis
486 2401 638 2453 concinnis
666 2408 847 2469 seprepatum.
878 2399 926 2455 lib.
957 2400 991 2455 de
1011 2400 1091 2454 anim.
1119 2406 1242 2459 rectione
1260 2411 1442 2457 mortuorum.
1478 2403 1511 2456 ln
1529 2402 1789 2472 enehir.cap.108:
1811 2400 1949 2472 Tempus,

261 2503 322 2558 cap.
343 2493 383 2542 55.
409 2504 473 2558 pag.
493 2491 558 2543 294:
584 2485 619 2540 Si
638 2487 762 2540 Christ-us
784 2505 840 2542 non
863 2493 928 2540 ante
945 2488 1094 2541 adscendit
1120 2492 1197 2560 quod
1214 2490 1288 2543 inter
1305 2490 1424 2543 bominis
1443 2497 1559 2543 mortem
1577 2496 1603 2541 et
1621 2489 1749 2542 namon
1767 2490 1950 2543 resurrectio-

260 2573 291 2626 in
309 2573 475 2628 sublimiora
488 2573 638 2639 coelorum,
651 2589 735 2642 mam
748 2573 935 2626 descenditin
952 2573 1093 2637 inferiora
1119 2593 1180 2630 nem
1202 2576 1394 2645 interpositum
1421 2583 1475 2643 eet,
1501 2575 1611 2627 animos
1634 2571 1738 2625 obditis
1762 2574 1951 2644 receptaculis

262 2669 415 2730 terrorum,
440 2668 470 2714 nt
487 2660 549 2714 illic
561 2659 746 2729 patriarchas
769 2666 796 2713 at
808 2660 965 2729 propbetas
982 2676 1092 2730 compo·
1120 2664 1250 2718 continet.
1279 2661 1327 2717 lib.
1350 2667 1387 2717 12.
1407 2660 1442 2715 ds
1464 2659 1568 2717 Genea.
1587 2660 1622 2712 sd
1641 2656 1680 2712 lit.
1706 2673 1730 2713 c.
1751 2663 1796 2713 ³5:
1827 2661 1949 2716 Minime

261 2756 301 2801 tes
318 2748 364 2800 sui
378 2748 501 2815 facerat,
526 2746 610 2800 babes
629 2753 657 2800 et
680 2747 821 2814 rapionam
847 2746 972 2810 inferum
989 2748 1093 2800 subter·
1121 2750 1305 2803 dubitandum
1317 2754 1367 2815 ast,
1381 2748 1505 2800 animam
1521 2743 1638 2799 bominis
1653 2746 1950 2816 postmortemipsam

260 2852 377 2888 ranaam
407 2835 523 2887 credere
555 2841 581 2886 et
599 2833 666 2887 illos
685 2833 777 2886 cubito
795 2832 919 2902 pellere,
949 2834 999 2903 qui
1022 2835 1093 2888 sotis
1118 2853 1203 2890 carne
1220 2836 1350 2904 deposita
1366 2834 1475 2887 nonsis
1492 2831 1585 2883 cidere
1600 2832 1949 2900 possesncommutabilem

260 2920 376 2989 superbe
396 2938 452 2973 nom
465 2927 565 2988 putant
584 2920 693 2972 animas
713 2918 840 2982 fidelium
859 2920 963 2988 inseris
981 2921 1092 2988 dianae,
1117 2923 1309 2991 substantiam,
1330 2929 1360 2974 ut
1376 2919 1468 2975 sancti
1484 2918 1582 2986 ampeli
1597 2918 1700 2974 uident.
1736 2919 1769 2973 In
1786 2918 1887 2978 Pselm.
1907 2927 1948 2979 36,

261 3008 338 3059 serui
353 3023 438 3076 super
456 3006 598 3059 <lominum
617 3012 643 3059 et
661 3005 798 3074 discipuli
813 3022 899 3075 super
918 3008 1091 3077 magristrum,
1117 3025 1193 3064 eene.
1222 3016 1250 3064 t:
1278 3009 1350 3061 Post
1374 3009 1458 3061 onam
1483 3002 1567 3055 mam
1584 3021 1708 3071 paruam
1732 3007 1856 3059 nondum
1882 3008 1948 3077 sris,

261 3093 429 3161 adspermati
446 3094 474 3145 si
492 3094 570 3157 forta
596 3093 625 3144 in
645 3093 779 3145 Abrahae
800 3093 866 3145 sinu
890 3096 1092 3163 suspectandae
1117 3095 1166 3149 ubi
1183 3101 1263 3149 anm
1288 3094 1392 3156 sanat,
1418 3089 1516 3158 quibus
1534 3089 1660 3144 dicmur:
1690 3089 1785 3144 Venite
1811 3092 1950 3148 benedieti

259 3180 474 3233 resurrectionis
491 3178 623 3231 solatium
642 3194 766 3247 carpere.
796 3178 881 3232 Nulli
891 3187 972 3249 patet
985 3181 1091 3235 coelum
1117 3182 1215 3235 Patris
1235 3180 1301 3245 mei,
1313 3175 1454 3244 percipite
1476 3192 1605 3244 rapnum,
1624 3178 1700 3244 quod
1721 3178 1798 3232 coms
1813 3189 1948 3248 paratum

261 3273 340 3319 terra
373 3266 465 3319 adlsuc
500 3265 582 3318 solua
617 3267 667 3318 etc.
703 3281 765 3318 cum
796 3267 987 3319 transactione
1018 3268 1091 3321 emim
1117 3276 1157 3322 est
1176 3268 1213 3320 ab
1230 3262 1335 3330 ors'aime
1351 3262 1456 3327 mundi,
1475 3263 1597 3315 nondum
1614 3263 1655 3314 ibi
1672 3265 1741 3328 eris,
1761 3265 1823 3333 ouis
1840 3268 1948 3322 mices

260 3353 360 3406 mundi
375 3353 573 3406 reserabuntur
589 3368 677 3420 rapna
696 3352 845 3407 coelorum.
881 3351 918 3405 Et
936 3351 987 3407 sub
1007 3352 1091 3409 finem
1117 3356 1169 3409 sed
1179 3355 1245 3421 jam
1257 3350 1365 3419 potaris
1386 3348 1426 3401 ibi
1443 3365 1516 3413 esse,
1540 3349 1589 3401 ubi
1607 3349 1688 3402 illum
1712 3352 1854 3418 quondam
1872 3355 1947 3409 stlce·

261 3436 336 3492 illius
355 3438 467 3507 cepitis:
492 3439 587 3492 Habes
605 3440 641 3491 de
660 3438 804 3507 paradiso
821 3454 841 3491 a
861 3438 939 3492 nobis
958 3439 1091 3509 libellum,
1116 3455 1212 3495 rosum
1225 3452 1378 3506 pauperem
1405 3435 1483 3489 diaes
1502 3436 1551 3489 ille
1571 3436 1706 3504 essperbus
1726 3437 1755 3490 in
1773 3440 1873 3493 mediis
1890 3449 1946 3494 tor·

262 3541 317 3593 quo
348 3525 547 3592 comtituimus,
578 3540 683 3578 omnem
711 3524 834 3577 animam
872 3525 952 3595 apud
983 3526 1093 3593 inferos
1117 3523 1215 3577 mentis
1231 3522 1303 3575 vidit
1321 3539 1339 3574 a
1357 3522 1439 3589 lonpe
1457 3523 1679 3590 requiescentem.
1724 3525 1762 3577 In
1778 3523 1831 3580 illa
1848 3528 1946 3597 requie

261 3611 434 3677 sequestrari
461 3610 491 3661 in
521 3609 594 3662 diem
622 3608 747 3661 Domini.
781 3624 844 3679 esp.
869 3613 909 3666 58.
942 3627 1006 3682 pag.
1027 3613 1092 3664 296:
1117 3616 1189 3664 certe
1206 3625 1318 3662 securus
1337 3609 1509 3676 exspectabis
1518 3608 1629 3677 judicii
1648 3609 1731 3663 diem
1766 3610 1945 3668 Bemhardus

263 3695 363 3748 Omnes
387 3712 453 3762 erpo
477 3696 587 3747 animae
602 3711 688 3763 penes
711 3694 820 3756 inferos
843 3696 945 3765 incuss,
968 3694 1037 3748 uelis
1057 3713 1091 3748 ac
1117 3712 1195 3751 serm.
1214 3698 1236 3748 3.
1257 3693 1292 3748 de
1309 3692 1435 3747 omnibus
1453 3693 1571 3748 mucis:
1592 3693 1776 3767 Aduertistis,
1794 3698 1827 3751 ni
1844 3699 1946 3766 fallor,

262 3780 336 3834 nolis
365 3789 390 3833 et
415 3780 558 3849 supplicia
587 3781 648 3848 iam
671 3780 732 3834 illis
756 3789 782 3834 et
808 3782 970 3848 refriperia.
998 3779 1046 3835 lib.
1066 3789 1091 3838 l.
1117 3790 1174 3836 tres
1191 3798 1247 3835 esse
1261 3788 1421 3833 sanctarum
1438 3788 1527 3834 status
1544 3781 1719 3851 animarum5
1733 3783 1945 3851 primumoidc·

265 3866 328 3923 adv.
345 3865 431 3920 Marc.
450 3881 508 3936 cap.
530 3870 571 3921 34.
592 3882 656 3937 pag.
674 3871 738 3922 441:
765 3869 840 3921 Eam
855 3865 996 3934 reqionem
1012 3867 1091 3936 (reci
1118 3867 1182 3921 licet
1199 3867 1228 3920 in
1249 3884 1366 3936 corpore
1375 3867 1560 3937 corruptibili,
1580 3860 1732 3921 secundum
1745 3870 1944 3939 sinecorpore,

263 3953 372 4024 piendis
408 3951 552 4006 animabus
591 3952 638 4021 pie
679 3951 873 4007 defunctorum
915 3951 1091 4019 emensum>
1118 3955 1225 4008 metium
1254 3954 1284 4006 in
1320 3953 1489 4007 beatitudine
1525 3961 1731 4020 consummata,·
1756 3956 1882 4024 primum
1914 3960 1944 4013 in

261 4041 353 4094 sinum
372 4041 436 4093 dico
453 4040 602 4108 Abrabae,
626 4041 678 4093 atsi
699 4055 756 4091 non
773 4038 929 4109 coelestem,
951 4039 1092 4093 sublimio·
1117 4039 1319 4108 tabernaculis,
1340 4043 1491 4093 sectandum
1507 4040 1537 4091 in
1555 4041 1649 4106 atriis,
1675 4042 1785 4095 tertium
1806 4043 1837 4096 in
1860 4046 1944 4098 domo

261 4144 321 4181 rem
339 4135 429 4182 tomen
447 4128 560 4196 inseris,
576 4127 688 4179 interim
704 4126 886 4194 refrigerium·
898 4128 1092 4195 praebituram
1118 4128 1182 4180 Dei.
1225 4125 1263 4179 Et
1289 4131 1397 4197 postea:
1428 4126 1465 4178 In
1490 4127 1572 4181 illam
1598 4127 1786 4181 beatissimam
1811 4130 1869 4184 Dei
1893 4134 1944 4185 do·

261 4215 407 4267 animabus
446 4215 600 4283 justorum,
638 4214 726 4265 donec
762 4214 962 4269 consummatio
995 4229 1089 4266 rcrssm
1115 4230 1189 4267 mum
1217 4213 1329 4267 animae
1355 4231 1404 4267 nac
1431 4215 1491 4267 sime
1520 4214 1600 4268 nobee
1628 4216 1785 4283 intrabunt,
1808 4233 1858 4270 mec
1882 4219 1944 4272 sine

260 4302 491 4355 resurrectionem
509 4301 630 4354 omnium
642 4298 819 4369 plenitudine
838 4300 974 4355 mercadis
987 4317 1089 4370 capun-
1116 4299 1279 4368 corporibus
1296 4301 1367 4367 suis,
1391 4300 1426 4353 id
1447 4306 1488 4353 est
1505 4317 1555 4353 nec
1580 4302 1672 4354 sancti
1693 4303 1753 4355 sine
1772 4303 1867 4371 plebe,
1892 4322 1945 4359 mec

261 4395 324 4455 pat,
354 4396 418 4440 tunc
446 4375 620 4459 apparitura
646 4386 759 4440 coelesti
783 4386 979 4455 promissione,
1007 4403 1090 4454 quom
1115 4385 1229 4455 spiram
1246 4386 1306 4440 sina
1320 4403 1412 4440 carne.
1441 4384 1527 4443 Serm.
1540 4392 1564 4442 4.
1580 4402 1719 4457 exponens
1734 4387 1903 4460 illudApee.
1918 4397 1943 4446 6.

219 4488 221 4492 ⁴
262 4475 410 4527 Marcioni
445 4491 495 4529 suo
531 4474 660 4527 candicat
695 4473 779 4542 quasi
818 4489 873 4525 uon
908 4488 927 4524 a
965 4480 1091 4528 creatora
1113 4470 1179 4524 eicie
1205 4470 1255 4524 ereb
1280 4473 1371 4525 altari
1392 4472 1503 4524 animas
1527 4473 1753 4539 interfectorum,
1781 4492 1830 4545 per
1857 4475 1944 4532 altare

258 4560 496 4630 promutpotam.
538 4558 645 4614 Similis
688 4561 835 4611 occurrunt
875 4557 904 4610 in
941 4543 1324 4630 Scorpiacoiintelligendsm
1351 4574 1411 4613 esse
1442 4558 1510 4613 dicit
1539 4557 1647 4613 Christi
1668 4559 1881 4633 humanitatem,
1910 4579 1944 4618 ee

259 4661 284 4700 c.
305 4651 345 4701 12.
376 4645 412 4698 de
437 4645 525 4715 judic.
557 4642 669 4701 Domini
703 4659 727 4698 c.
749 4647 789 4698 11.
816 4642 845 4697 in
875 4643 1020 4714 fragment.
1054 4645 1090 4698 de
1116 4644 1192 4712 dicit,
1212 4644 1321 4698 animas
1339 4653 1492 4712 martyrum
1511 4661 1569 4698 esse
1586 4646 1636 4699 sub
1655 4646 1750 4713 ultori,
1769 4647 1836 4718 quia
1853 4650 1944 4703 solnm

260 4730 390 4803 paradiso
410 4737 462 4788 ete.
499 4731 659 4787 Victorinus
677 4728 785 4800 Martyr
804 4729 833 4783 in
850 4745 911 4801 cap.
931 4736 955 4790 6.
973 4731 1088 4801 Apocel.
1114 4733 1208 4784 uident
1225 4729 1332 4784 Otristi
1343 4729 1557 4802 humanitem,
1571 4740 1638 4801 post
1655 4734 1729 4786 diem
1741 4735 1853 4803 judicii
1867 4738 1943 4791 anal·

260 4819 372 4872 animas
390 4816 543 4870 occisorum
569 4816 638 4870 dicit
664 4833 692 4869 se
716 4815 820 4870 uidisse
839 4816 889 4869 snb
907 4834 974 4885 ara,
998 4819 1090 4872 idest
1115 4820 1217 4870 tandas
1264 4833 1323 4870 csse
1356 4833 1442 4886 super
1484 4819 1576 4872 altare
1620 4821 1661 4872 ad
1697 4820 1850 4875 ridendum
1885 4824 1946 4877 Dei

261 4906 418 4959 subterra.
454 4901 539 4956 Item:
565 4903 599 4954 In
619 4902 768 4955 actussima
789 4910 909 4972 tempora
929 4911 1088 4958 sanctorum
1115 4905 1291 4958 neemiam<

260 4990 449 5046 remuneratio
476 4997 618 5057 perpetua
656 4996 682 5042 et
715 4989 866 5059 impiorum
896 4998 1011 5044 uentura
1048 4998 1090 5046 eet
1149 4997 1207 5048 295.
1258 4987 1442 5045 Bellsrminus
1478 4991 1590 5063 quidem
1625 4991 1655 5045 in
1689 4992 1736 5049 lib.
1774 4994 1810 5048 de
1846 4993 1942 5052 bentii.

262 5076 417 5132 manerio.
461 5072 624 5127 Lactantius
653 5073 699 5130 lib.
726 5082 751 5130 t.
784 5075 837 5130 div.
871 5075 956 5133 instit.
988 5092 1011 5130 c.
1038 5082 1087 5132 m:
1115 5085 1231 5135 sanctor.
1256 5091 1316 5145 cap.
1335 5081 1359 5130 4.
1378 5083 1405 5131 et
1427 5083 1451 5134 5.
1479 5077 1609 5149 pleraque
1639 5077 1688 5132 ills
1716 5078 1792 5133 dicte
1811 5079 1848 5134 ad
1866 5097 1942 5137 com-

260 5165 321 5218 Nec
341 5162 487 5231 qumquam
502 5167 597 5231 putet,
617 5161 728 5215 animos
744 5169 810 5231 post
828 5170 944 5217 mortem
959 5164 1089 5233 protinus
1114 5165 1224 5219 medum
1242 5176 1354 5216 sensum
1378 5161 1487 5220 trahere
1505 5170 1628 5218 conetur.
1671 5163 1714 5220 De
1732 5164 1843 5221 iustine
1864 5166 1941 5239 dicit,

255 5247 403 5320 judicari,
426 5265 492 5302 nam
512 5263 604 5300 omnes
621 5247 651 5300 in
671 5265 728 5301 una
752 5249 943 5318 communisse
961 5251 1089 5319 qssstodia
1114 5252 1186 5324 quod
1216 5248 1350 5317 amatur
1375 5251 1411 5303 de
1443 5251 1624 5305 retributione
1648 5253 1796 5323 perfecta,
1825 5257 1942 5323 amado
1954 5262 2049 5306 xtuli

261 5338 433 5407 detinentur,
465 5337 552 5390 donec
578 5341 685 5404 tempus
704 5337 848 5406 adueniat,
875 5353 929 5404 quo
953 5337 1088 5391 unanimus
1113 5347 1183 5394 totus
1202 5334 1283 5388 bomo
1308 5336 1404 5389 anima
1427 5344 1453 5391 et
1471 5353 1589 5406 corpore
1610 5339 1743 5406 paudebit
1766 5340 1811 5395 rel
1831 5343 1943 5396 anicia·

259 5425 347 5495 iustae
381 5424 543 5486 maritorum
578 5422 672 5486 faciat
712 5438 833 5478 enamm.
896 5421 1017 5480 Hilarius
1055 5423 1085 5479 in
1113 5427 1200 5491 biter5
1233 5420 1268 5476 de
1295 5421 1422 5490 Irenaeo,
1449 5422 1524 5495 quod
1542 5423 1633 5478 solum
1649 5425 1801 5499 siginificat,
1828 5429 1942 5485 amimae

1291 1487 1343 1541 Via
1364 1487 1463 1540 lucida
1479 1486 1541 1554 iam
1555 1478 1699 1556 paradisi,

1285 1574 1363 1627 Licet
1381 1581 1407 1628 et
1423 1589 1519 1626 nemas
1537 1572 1613 1626 illud
1633 1573 1717 1626 adira

1285 1659 1410 1726 Homini,
1430 1661 1507 1728 quod
1518 1661 1662 1713 ademerat
1676 1659 1785 1727 empuis.

136 3584 217 3627 xv111.
229 3584 248 3624 l.
