4104 6014
233 272 292 333 tac
823 265 946 323 incus
964 263 1169 323 mensiune
1188 265 1334 323 ananus
1445 228 1449 235 ’

230 426 423 478 uacarent.
443 419 508 476 din
527 426 567 475 ll.
590 437 617 491 q.
639 426 662 478 t.
681 426 732 477 nrt
751 425 775 477 2.
795 423 873 491 qnod
888 420 1066 474 dimittantur
1094 434 1127 472 ex
1145 418 1292 490 hypothesi
1308 419 1463 502 Pontificio,
1480 421 1527 492 qui
1549 439 1604 477 non
1622 420 1712 477 credit
1728 421 1933 492 purgatoriam,

92 539 158 583 m,
171 539 218 581 Μ,
231 506 262 560 in
278 507 450 576 purpatorio
465 507 565 576 culpae
584 507 709 560 veniales
725 525 781 577 per
797 514 889 560 actam
909 505 1068 559 dilectionis
1094 505 1245 560 descendat
1262 505 1289 559 in
1311 506 1458 562 infernum.
1490 510 1515 564 3,
1535 509 1582 560 Eu
1598 507 1775 576 confessione
1794 505 1930 559 eccleciae

231 600 258 647 ot
273 592 435 662 patientiae,
454 592 556 663 excipit
569 592 663 664 igitur,
682 594 795 646 aniona
813 593 898 661 alind,
914 593 991 662 qnod
1008 592 1068 658 cjnc
1097 589 1235 647 Graecae.
1270 591 1372 646 Gracci
1393 592 1422 646 in
1439 592 1569 663 apologie
1589 592 1619 645 in
1639 590 1755 645 concilio
1775 588 1932 644 Basileenci

231 679 306 732 cita
325 678 411 750 capa
429 695 587 748 reserpere,
606 679 688 746 enjus
700 674 742 732 eet
759 679 788 731 in
803 678 915 746 culpam
932 677 1068 743 incidere,
1094 675 1216 731 exhibita
1240 678 1431 748 purgatorium
1459 683 1580 749 negant,
1612 678 1652 731 sic
1684 678 1757 731 enim
1786 675 1932 747 inquiunt:

231 765 333 818 babere
365 767 504 818 dundaxat
542 766 635 819 locum
667 766 697 817 in
733 766 859 834 pcccatis
895 763 1069 825 mortaiibnc,
1095 763 1157 836 Hip
1175 763 1361 836 καθαρτήριοι
1383 767 1430 816 καὶ
1448 763 1561 816 κόλασιν
1575 762 1620 816 dri
1640 764 1728 836 πυρὸς
1747 762 1817 831 πρὸς
1835 762 1932 836 καιρὸν

226 867 311 920 posce
325 851 399 904 enim
416 851 542 904 animam
557 852 587 904 in
603 850 775 920 peccatorio
787 851 908 905 liberari
923 849 1068 912 aceniali,
1095 852 1140 902 snt
1159 853 1236 909 τέλος
1254 849 1372 912 ἕξουσιν
1390 849 1461 909 ὅλως
1477 848 1554 915 ὑμεῖς
1566 848 1631 904 aridi
1650 848 1704 903 ὑπὸ
1715 852 1771 902 τῶν
1789 848 1932 922 ἡμετέρων

231 936 300 1004 qaia
316 936 399 989 babet
418 937 514 990 media
531 937 739 1005 convenientia,
765 937 799 990 iet
822 943 862 989 eci
888 943 979 989 aetram
998 935 1068 989 ‹tr'tc-
1095 931 1250 1008 εἰλήφαμεν
1264 933 1448 1004 διδασκάλων,
1467 934 1530 989 οὐδὲ
1550 937 1602 1002 τὴν
1618 936 1664 1001 τῆς
1679 932 1816 1000 ἀνατολῆς
1835 934 1931 1002 deniq·

232 1022 332 1075 ctionic
352 1027 471 1091 peccalo
496 1023 690 1086 contrariom,-
708 1029 777 1091 poet
801 1022 874 1075 iane
899 1023 986 1074 odana
1012 1037 1068 1073 non
1095 1025 1158 1076 clar
1181 1025 1263 1094 ἴσμεν
1285 1025 1463 1093 φρονοῦσαν,
1487 1024 1579 1092 ipnem
1601 1022 1800 1091 porqatoriam
1830 1028 1857 1074 et
1888 1037 1931 1074 cc·

232 1108 301 1160 clari
319 1107 411 1162 lamam
431 1108 640 1177 poenitentiae,
667 1108 863 1177 accipiendam
884 1124 943 1160 ecce
960 1113 1068 1160 tanatum
1091 1108 1246 1175 piationem
1265 1124 1321 1176 per
1340 1107 1432 1178 ipncm
1460 1111 1501 1162 ad
1518 1116 1625 1178 tempac
1643 1116 1670 1161 et
1688 1109 1771 1171 finem
1788 1107 1932 1160 iubentem

232 1195 268 1247 do
284 1194 409 1263 peccatis
427 1193 610 1258 mortaliboc,·
627 1194 739 1247 animae
752 1193 918 1262 par-potorii
935 1211 992 1247 non
1010 1209 1068 1246 ecce
1095 1193 1207 1245 omnino
1226 1209 1314 1262 nepam
1327 1212 1346 1246 a
1357 1195 1462 1247 nostris
1482 1195 1639 1263 accepimus
1656 1194 1931 1265 maturitatemque

232 1280 344 1335 omnino
368 1279 398 1332 in
424 1280 486 1347 oia,
516 1295 604 1349 nequae
632 1296 690 1333 ecce
716 1280 828 1334 omnino
854 1279 885 1332 in
903 1279 1021 1332 termino
1042 1287 1067 1333 et
1095 1279 1241 1332 ecclesiam
1262 1278 1432 1332 Ostentalem
1460 1279 1696 1335 acimaetentire.
1733 1278 1897 1350 Alphonsuc
1913 1295 1932 1333 a

232 1366 297 1418 idea
310 1381 397 1434 pocae
415 1365 530 1434 aliquid
545 1366 660 1433 facero,
683 1367 761 1434 qood
781 1365 924 1435 pertineat
947 1367 988 1418 act
1000 1381 1066 1433 pec·
1096 1363 1193 1418 Castro
1211 1363 1247 1418 de
1271 1362 1367 1418 haeres
1391 1364 1433 1418 tit
1454 1363 1663 1435 Purgntcrium:
1690 1365 1766 1419 Unus
1784 1381 1817 1418 ea
1836 1365 1930 1419 noem·

231 1450 292 1504 eati
308 1450 428 1503 aeniair'c
445 1449 646 1518 remecciouern,
661 1465 783 1518 poenam
798 1452 925 1518 pendere
944 1468 962 1503 a
981 1450 1068 1518 calpa
1093 1448 1173 1501 cimic
1191 1449 1334 1503 errocibcu
1353 1448 1529 1503 Graecorum
1546 1458 1572 1503 et
1592 1451 1776 1504 Armenorom
1795 1458 1850 1515 eet,
1875 1468 1930 1520 quo

233 1537 263 1590 in
267 1537 345 1605 ficri,
364 1554 420 1591 non
433 1538 464 1590 in
477 1553 544 1590 ecce.
581 1534 637 1592 Sed
655 1535 723 1591 baec
740 1536 833 1590 omnia
849 1551 938 1591 meres
956 1535 1066 1607 petitio·
1095 1537 1203 1598 docent,
1221 1535 1329 1589 nullam
1348 1551 1405 1589 ecce
1419 1538 1618 1605 pnrqatorinm
1631 1537 1732 1604 lacum,
1750 1554 1804 1606 quo
1818 1538 1932 1591 camme

231 1640 280 1678 nec
310 1622 440 1693 principii
474 1621 624 1677 confluent.
678 1622 785 1686 Quodsi
816 1622 888 1676 enim
920 1628 1067 1692 peccatum
1094 1620 1130 1674 ab
1146 1621 1199 1674 iac
1216 1621 1279 1675 lace
1296 1621 1448 1688 miqrantec
1466 1630 1624 1693 purpentnr
1648 1639 1668 1676 a
1690 1623 1838 1687 cordibae,
1859 1641 1931 1694 macc

231 1708 397 1764 montalent
420 1707 528 1763 veniale
548 1707 686 1762 communi
709 1724 812 1779 mere
838 1706 930 1778 logico
955 1707 1066 1777 partici-
1093 1706 1124 1760 in
1143 1723 1261 1776 corpore
1280 1716 1496 1773 contraxerant,
1518 1717 1666 1779 antequam
1690 1709 1719 1761 in
1745 1717 1864 1762 acerna
1887 1717 1930 1763 ta·

203 1810 207 1821 ·
232 1799 314 1867 pant,
336 1793 432 1864 utique
459 1799 608 1864 utrumque
630 1798 672 1847 eet
696 1809 761 1849 rere
786 1798 815 1848 et
834 1794 945 1865 proprie
963 1793 1067 1848 dictum
1094 1793 1247 1848 bernacula
1272 1794 1365 1862 recipi
1383 1803 1552 1850 mercantur.
1597 1794 1740 1850 Ecclesiae
1764 1794 1929 1862 orientales,

230 1885 377 1953 peccatum
406 1895 440 1934 ac
463 1878 579 1951 proinde
608 1879 632 1933 ci
656 1880 685 1933 in
708 1879 870 1951 purgatorio
894 1896 950 1934 non
975 1885 1068 1950 potest
1094 1878 1261 1946 Achcinae,
1281 1881 1446 1949 Armeniae,
1467 1881 1618 1949 Macetae,
1643 1880 1780 1949 Graecae,
1799 1890 1931 1952 purgato·

232 1966 378 2037 obtingere
403 1965 528 2021 remissio
545 1965 685 2030 mortalis,
712 1981 779 2036 ergo
797 1982 848 2021 nec
868 1965 985 2021 venialis
1002 1982 1066 2036 psc-
1093 1965 1163 2019 mum
1183 1982 1239 2019 non
1263 1970 1428 2038 agnoscunt
1470 1966 1551 2030 Quod
1575 1966 1760 2021 Bellsrminuc
1784 1968 1932 2021 malaciam

231 2052 305 2122 csti;
329 2069 362 2107 sc
380 2051 404 2106 si
419 2067 475 2106 non
498 2051 581 2106 datur
597 2051 627 2106 in
646 2051 808 2123 purgatorio
827 2052 905 2106 locus
924 2051 1067 2122 poeniten·
1098 2050 1240 2105 Graecam
1276 2052 1307 2104 in
1349 2052 1469 2106 corrodia
1504 2053 1672 2106 Florentino
1714 2053 1766 2105 aab
1795 2055 1932 2123 ponn‘ficc

231 2140 298 2206 tiae,
327 2155 394 2210 crgo
423 2153 476 2192 nec
504 2137 614 2208 peccati
643 2137 728 2191 ullius
757 2137 816 2191 cive
837 2137 977 2205 mortalis,
1008 2137 1067 2192 sive
1095 2138 1224 2207 Enpeoio
1251 2156 1326 2190 anno
1354 2142 1432 2195 1439.
1460 2139 1537 2192 iliad
1566 2139 1724 2208 amplccam
1752 2139 1866 2202 asserit,
1895 2139 1932 2194 ad

231 2224 346 2279 venialis
360 2222 484 2281 remissio
502 2223 654 2294 contingit,
684 2240 747 2278 cum
771 2223 878 2294 absque
895 2223 1067 2295 poenitentia
1093 2225 1163 2279 illud
1194 2224 1406 2294 respondemus,
1436 2224 1465 2278 id
1496 2231 1524 2279 et
1552 2224 1686 2295 pristinae
1718 2231 1747 2279 et
1779 2224 1931 2282 hodiernae

230 2311 358 2367 renricsio
378 2310 488 2382 peccati
504 2309 643 2380 sperma
661 2311 780 2365 nonsit.
823 2310 904 2377 Quod
924 2310 1067 2366 Bellnrmi-
1094 2310 1264 2366 Graecorum
1282 2308 1446 2365 confessioni
1466 2310 1535 2364 nihil
1554 2310 1706 2382 quidquam
1726 2311 1931 2381 praejudicare,
1947 2332 1976 2374 xi

231 2414 284 2452 nus
312 2396 430 2469 regerit,
463 2397 653 2466 acceptionem
676 2413 787 2466 poenae
812 2415 830 2450 a
856 2399 920 2452 Deo
943 2397 1067 2468 inflictae
1095 2395 1317 2467 quiacpiscopnc
1329 2394 1485 2466 Ephccinus
1503 2413 1565 2450 curn
1582 2396 1643 2451 aliie
1662 2396 1800 2450 nonnullis
1819 2397 1931 2453 nomine

231 2500 292 2540 ecca
317 2483 467 2538 mineum
496 2485 640 2552 qwndam
665 2483 870 2552 poenitentiam
899 2489 926 2536 et
956 2483 1069 2552 peceati
1094 2482 1234 2539 orientalis
1252 2482 1386 2536 ecclcsiae
1403 2481 1668 2553 infrequentissima
1688 2482 1806 2538 concilio
1827 2481 1930 2539 ancum

230 2570 437 2633 remissorium,
456 2586 518 2623 com
533 2571 671 2638 procedat
689 2585 723 2623 ee
741 2571 868 2633 caritate,
886 2568 915 2625 id
933 2568 992 2624 cine
1010 2567 1067 2623 uilo
1095 2568 1239 2624 contraxit
1276 2567 1358 2634 Quod
1379 2584 1444 2622 vero
1465 2566 1502 2622 ab
1525 2567 1588 2622 aliis
1606 2566 1743 2639 episcopis
1760 2569 1789 2623 in
1810 2569 1931 2640 gratiam

233 2656 395 2726 Scripturas
410 2655 544 2727 suffragio
562 2654 708 2726 meatur,
725 2655 789 2711 ideo
808 2655 904 2710 eadem
923 2653 1068 2724 facilitate,
1094 2653 1322 2722 occidentalium,
1348 2671 1465 2725 quarum
1488 2653 1622 2708 auxilinm
1646 2653 1795 2724 imperator
1815 2654 1931 2710 omentis

232 2758 288 2815 qua
301 2739 707 2812 ”somtonpotestrspudiari
736 2741 842 2796 Eodem
855 2741 916 2795 loco
929 2739 1066 2803 habenda,
1094 2740 1281 2811 Palaeologuc
1302 2745 1399 2795 contm
1417 2740 1550 2794 Tarcicas
1568 2740 1735 2810 irruptiones
1753 2740 1931 2811 implorabat,

232 2827 281 2883 illa
305 2826 459 2893 manacta,
492 2826 567 2897 qnod
596 2827 709 2882 animae
737 2827 902 2897 porcatorii
934 2842 984 2879 nec
1009 2828 1067 2880 cint
1095 2844 1254 2883 concessum
1273 2832 1323 2896 est,
1341 2826 1410 2881 illud
1429 2825 1562 2881 ccclesiae
1581 2825 1708 2893 Graecae
1726 2828 1872 2898 ejurarent
1897 2844 1931 2883 ac

233 2914 345 2969 omnino
369 2913 400 2967 in
421 2913 484 2979 oia,
511 2930 562 2968 nec
584 2914 615 2967 in
631 2914 767 2982 immina,
791 2912 882 2983 (quasi
904 2929 971 2969 vero
995 2912 1067 2967 inter
1094 2913 1239 2984 episcopos
1262 2911 1325 2966 illos
1349 2929 1366 2966 a
1391 2912 1521 2984 pontifics
1544 2911 1670 2967 Romano
1694 2912 1856 2968 muneribus
1872 2930 1931 2969 cor·

232 3000 305 3054 riam
323 3005 353 3056 at
368 2999 516 3054 terminum
535 2998 573 3053 cit
596 2998 703 3070 aliquid
724 2997 927 3063 intermedium)
948 3006 975 3052 et
992 3001 1069 3067 qnod
1094 3005 1191 3070 ruptos
1208 2999 1369 3055 docuerunt
1405 2998 1442 3054 Et
1462 3005 1571 3054 constat
1589 3014 1663 3064 sane,
1682 2999 1817 3070 quosdam
1835 3016 1932 3055 eornm

205 3132 207 3136 Α
231 3102 323 3157 poma
336 3087 462 3154 pendeat
481 3104 500 3140 a
517 3084 602 3153 ινῑρα
620 3085 651 3139 in
665 3084 743 3151 fieri,
763 3101 820 3138 non
836 3084 868 3137 in
884 3100 955 3154 ecce,
978 3084 1069 3153 (quasi
1096 3087 1123 3140 in
1141 3085 1224 3141 Italia
1241 3086 1318 3157 apud
1337 3085 1494 3156 pontificem
1514 3086 1646 3140 mansisse
1665 3102 1699 3140 ac
1716 3086 1824 3157 magnis
1841 3085 1932 3159 digni·

232 3188 298 3227 vcro
316 3188 373 3226 non
399 3170 437 3226 sit
453 3176 589 3242 perpetua
613 3169 710 3224 relato
739 3169 811 3224 inter
826 3169 938 3239 culpam
956 3176 985 3225 et
1002 3187 1069 3240 pca-
1095 3172 1199 3228 tatibus
1223 3179 1335 3226 mnatoc
1363 3179 1392 3226 et
1419 3171 1516 3241 opimio
1547 3170 1688 3225 beneficiis
1715 3170 1818 3225 ditatos
1845 3174 1931 3228 sitam

232 3274 313 3327 nam,
340 3263 373 3312 ut
396 3257 495 3328 culpae
516 3262 596 3312 reatu
621 3254 724 3311 abolito
750 3270 841 3326 poena
863 3256 975 3326 proprie
995 3255 1070 3312 dicta
1096 3258 1199 3314 ibidem
1218 3258 1348 3312 finivisse.
1389 3257 1512 3311 Thomas
1535 3257 1564 3311 in
1587 3273 1682 3327 opusc.
1707 3264 1805 3311 contra
1825 3275 1931 3314 errores

234 3343 333 3399 merito
346 3343 430 3399 etiam
448 3342 554 3399 abolita
571 3341 737 3412 censmtur.)
1096 3344 1266 3400 Graecorum
1291 3343 1345 3398 hcc
1366 3343 1477 3397 nomine
1501 3341 1623 3397 Graecae
1646 3347 1738 3410 taxat,
1771 3346 1849 3411 qnae
1875 3363 1932 3400 non

105 3442 220 3486 anatt-
269 3436 328 3486 tlt.
365 3436 391 3486 5.
410 3428 607 3501 Purgatcrium
631 3427 793 3482 destituitur
819 3427 954 3481 eccleciae
966 3425 1070 3497 primi·
1096 3433 1215 3484 madunt
1227 3430 1436 3500 pnrqatcrinrn.
1466 3427 1680 3496 Alphonsucde
1701 3427 1932 3487 enuncians

104 3497 193 3598 w„
235 3517 309 3571 tinae
323 3516 462 3586 apostolic
479 3516 589 3570 ιίιίηαι
615 3514 762 3584 nrffrapio.
799 3512 915 3567 Probari
932 3513 961 3567 id
978 3519 1070 3584 potest
1096 3516 1200 3572 haeres.
1235 3532 1259 3570 c.
1291 3516 1326 3569 de
1356 3513 1551 3584 indulgentiis:
1586 3515 1676 3584 Usque
1705 3515 1734 3568 in
1763 3516 1932 3572 hodiernam

105 3599 260 3661 ¹⁰ff¹⁸⁸¹⁰·l.
280 3602 442 3672 inponere,
461 3606 486 3657 t.
506 3600 536 3654 in
552 3601 655 3670 specie.
694 3599 732 3653 In
749 3615 850 3670 genere
867 3605 891 3656 1.
908 3614 942 3653 ex
958 3601 1069 3663 confec·
1096 3605 1171 3658 diem
1199 3601 1395 3672 pnrpatoriom
1426 3618 1481 3654 non
1514 3608 1553 3654 est
1583 3619 1601 3653 a
1635 3599 1756 3654 Graecia
1785 3603 1930 3659 acolitum.

233 3689 311 3742 none
330 3687 460 3743 diciaci
482 3686 610 3759 epiceopi
625 3686 784 3757 Roffencic,
814 3684 914 3755 quiin
933 3685 1068 3743 cannae.
1096 3689 1190 3744 Sixtoc
1216 3686 1348 3743 Senensis
1382 3687 1410 3741 in
1442 3685 1600 3741 bibliothec.
1633 3687 1651 3743 l.
1675 3693 1697 3742 e.
1727 3694 1849 3744 anirotat
1870 3691 1930 3744 25⁹.

233 3772 349 3830 Lutberi
367 3778 418 3828 art
440 3778 481 3830 18.
501 3771 543 3826 aio
560 3771 669 3827 scribit:
697 3771 796 3825 Malta
812 3779 888 3837 mat,
914 3773 949 3824 cle
968 3772 1069 3842 quibua
1095 3793 1122 3846 p.
1142 3778 1206 3829 538:
1225 3773 1347 3826 Marcus
1359 3772 1468 3841 Ephesi
1477 3772 1626 3843 episcopua
1640 3773 1670 3824 in
1682 3773 1827 3842 apoloqia,
1848 3791 1932 3842 queam

220 3860 263 3914 vin
286 3859 435 3931 primitiae
456 3858 576 3912 ecclecia
599 3857 681 3912 nulla
705 3859 832 3929 qaaectio
849 3858 937 3924 sacta
962 3859 1068 3930 saecat,
1092 3877 1149 3931 pro
1179 3859 1298 3913 Graecia
1318 3858 1518 3927 pnrpatoriam
1541 3857 1732 3926 rejiciam-tibae
1755 3859 1785 3911 in
1811 3859 1931 3914 comodis

233 3963 304 4018 qnae
328 3955 420 4001 tamen
439 3945 631 4014 pensauren
655 3944 807 4014 diiipentia
832 3944 953 4000 entenic
971 3946 1068 4015 diepa-
1096 3945 1230 3999 Baaileae
1289 3944 1403 4010 obtolit,
1459 3943 1621 3996 ccaminanc
1676 3944 1760 3996 cerba
1812 3943 1932 4013 Cltrpco-

233 4032 384 4086 tationibnc
402 4032 469 4101 jam
499 4037 648 4085 macerant
675 4031 838 4100 peroptans.
880 4031 970 4084 Nemo
994 4038 1068 4084 certe
1094 4032 1178 4085 atomi
1199 4030 1294 4085 lamii.
1324 4033 1349 4084 9.
1378 4030 1408 4082 in
1433 4034 1454 4082 1.
1481 4027 1606 4083 Corinth.
1634 4029 1736 4082 Salmas
1767 4030 1821 4082 erit
1848 4032 1934 4100 qanci

227 4120 293 4188 jam
317 4118 427 4172 daliwi
451 4117 636 4182 mardonio,
668 4134 705 4169 an
731 4116 931 4184 parpatom'nm
953 4116 1005 4180 cit,
1032 4118 1068 4170 dc
1091 4134 1146 4187 per
1164 4119 1270 4187 ipncm,
1286 4124 1441 4184 asceocrat,
1461 4133 1522 4170 eum
1542 4116 1614 4168 ntitil
1632 4132 1754 4184 renqrrom
1773 4123 1823 4168 ant
1840 4119 1933 4172 certic

233 4222 288 4274 qao
312 4212 405 4258 tamen
427 4204 508 4273 apud
530 4202 642 4272 priccoc
667 4201 733 4255 ellos
756 4201 839 4254 nulla
857 4202 902 4256 cel
921 4219 1003 4270 qaam
1021 4220 1067 4255 ca·
1096 4204 1279 4273 enpreccicce,
1313 4211 1364 4256 ant
1396 4203 1534 4271 capitam
1560 4203 1595 4254 dc
1622 4204 1802 4270 parpatorio.
1851 4203 1933 4260 Hanc

233 4291 349 4346 νίιτίιιια
372 4290 463 4361 fiebat
492 4290 604 4343 mentio.
654 4289 713 4343 Sed
742 4297 768 4342 et
796 4288 917 4344 Graecia
941 4289 971 4342 in
997 4289 1068 4342 lonc
1095 4290 1184 4344 Marci
1203 4288 1336 4360 Ephesini
1356 4288 1537 4342 assertionem
1556 4286 1650 4342 Sixtuc
1667 4288 1797 4343 Senensis
1817 4292 1933 4345 menda·

233 4393 320 4448 acquae
343 4378 418 4431 diem
443 4395 500 4432 non
528 4384 571 4430 eat
594 4376 750 4445 creditam,
775 4375 975 4447 parqatorium
1000 4393 1069 4445 esce,
1095 4376 1135 4429 cii
1150 4375 1252 4430 ibidem
1273 4373 1371 4441 arguit,
1391 4373 1477 4428 nihilo
1498 4380 1590 4427 taineu
1607 4374 1697 4428 minus
1718 4391 1752 4429 cx
1771 4375 1931 4449 88001Ιίςί-

233 4464 311 4531 leqat
328 4463 379 4532 qui
395 4462 462 4517 uelit
484 4460 659 4516 Graecorum
677 4469 799 4516 ceteram
810 4462 1025 4516 commentarios
1043 4469 1069 4516 et
1095 4467 1156 4525 tur,
1184 4478 1256 4532 quae
1279 4461 1316 4516 sit
1331 4461 1456 4516 Graecae
1476 4459 1610 4515 ecclesiae
1637 4461 1672 4516 ds
1688 4461 1850 4532 purgatorio
1868 4478 1933 4518 con-

234 4549 344 4604 uallem
363 4555 499 4618 citantem
521 4548 623 4618 opinor
647 4556 697 4601 ant
724 4564 808 4616 quam
829 4547 1007 4601 raricsimnrn
1033 4550 1069 4601 dc
1095 4548 1186 4603 fessio.
1231 4546 1333 4602 Confer
1357 4546 1440 4601 etiam
1461 4545 1518 4601 Nili
1538 4544 1738 4617 archiepiscopi
1755 4547 1933 4603 Thessaloni-

229 4635 401 4706 purpuraria
434 4650 586 4689 sermonem
621 4633 757 4702 invenict,·
788 4635 840 4687 cccl
863 4650 952 4705 nequae
971 4635 1070 4687 Latini
1095 4634 1184 4689 censis
1202 4640 1366 4697 tractatum,
1391 4649 1473 4704 quem
1500 4638 1599 4687 contra
1627 4633 1818 4704 purgatorium
1835 4634 1933 4704 edidit,

233 4721 317 4776 mmcd
345 4737 454 4790 omnec,
479 4729 510 4774 at
532 4720 636 4775 cencim
660 4720 748 4790 lajas
773 4720 818 4774 rei
840 4721 985 4774 ceritatem
1006 4738 1069 4774 con·
1095 4720 1124 4774 in
1143 4736 1198 4791 qno
1220 4720 1317 4776 eadem
1344 4718 1482 4775 confessio
1502 4719 1673 4774 Graecorum
1692 4719 1836 4791 reperitur.
1883 4722 1933 4776 Aa

233 4814 373 4877 cepenam.
391 4804 460 4862 ibid.
480 4804 563 4873 dicit,
577 4805 777 4874 parpatorinm
795 4823 858 4861 sero
877 4807 1017 4875 acquitem
1035 4825 1069 4860 ac
1096 4824 1130 4860 ea
1151 4805 1272 4876 (inquit),
1291 4823 1361 4874 qnae
1382 4823 1400 4857 a
1419 4805 1497 4858 codic
1514 4806 1607 4860 elicta
1625 4813 1704 4871 cont,
1722 4823 1813 4861 camo
1829 4815 1871 4861 eet
1887 4824 1933 4862 re·

234 4899 382 4961 receptam.
418 4893 445 4947 2.
463 4890 511 4944 En
528 4890 662 4959 cymbolic
681 4891 826 4961 eccleciae,
845 4890 874 4945 in
893 4891 995 4963 quibua
1012 4908 1070 4947 non
1094 4893 1233 4958 ferendus
1271 4900 1297 4945 ct
1340 4893 1603 4960 demanctrandnm,
1643 4893 1779 4946 eccleciae
1820 4902 1933 4948 nostrae

233 4978 267 5033 fit
283 4976 438 5050 purgatorii
458 4975 569 5031 mento.
614 4976 648 5031 In
666 4976 794 5049 symbolo
816 4977 969 5048 apostolico
988 4978 1070 5048 profl-
1097 4978 1243 5048 (Graecae)
1262 4980 1390 5031 doctores
1408 4980 1574 5046 parqatorii
1592 4979 1668 5048 ipnic
1685 4996 1822 5048 nunquam
1839 4981 1933 5033 memi-

233 5069 338 5130 temur,
366 5079 417 5118 noa
444 5063 557 5119 credas
578 5071 761 5133 peecatorum
787 5064 990 5127 remiscionem,
1014 5080 1070 5119 non
1096 5067 1170 5119 nicee
1191 5073 1217 5118 et
1239 5080 1312 5134 quac
1331 5083 1349 5116 a
1367 5065 1443 5118 nobie
1468 5065 1545 5118 dicta
1565 5066 1623 5119 eice
1641 5066 1798 5119 testimonia
1812 5067 1933 5135 prolata

234 5154 328 5206 autem
355 5148 606 5221 campencstionem
629 5148 674 5204 rel
700 5149 919 5204 satisfactionem
945 5165 996 5221 per
1020 5166 1070 5204 nos
1095 5159 1172 5218 mant,
1215 5152 1257 5203 ad
1293 5151 1365 5204 tnnc
1412 5153 1618 5205 ‹edctracndom
1654 5153 1932 5222 constituendumque

234 5236 437 5307 praestandam.
469 5234 614 5291 Credimus
632 5235 718 5289 uitam
736 5244 888 5301 annnam,
903 5252 957 5290 non
976 5242 1068 5291 autem
1092 5237 1211 5307 prolata
1237 5242 1316 5303 erant,
1344 5253 1378 5289 ca
1409 5237 1504 5290 statim
1528 5236 1635 5291 colente
1661 5238 1725 5292 Deo
1743 5255 1801 5307 pro
1825 5239 1933 5293 ciritae

235 5323 434 5394 purgatorium.
481 5321 515 5375 In
540 5320 646 5378 Niceno
672 5336 707 5376 ac
729 5320 921 5377 Athancciano
942 5322 1070 5394 symbolo
1098 5323 1307 5393 explicabimot.
1347 5323 1489 5378 Ecclesiae
1515 5324 1717 5378 Muccooiticac
1741 5325 1933 5397 purgatoriam

234 5407 342 5464 nullum
360 5408 574 5480 aspernantia
597 5407 718 5465 οιιιιιιίι
734 5408 870 5474 verbum,
895 5425 959 5465 cum
977 5414 1072 5465 nmen
1096 5425 1152 5465 non
1169 5413 1338 5482 agnoscunt,
1364 5409 1414 5464 sed
1430 5409 1765 5483 unamquemque-dicant
1782 5414 1934 5466 secundnm
