4104 6014
224 244 264 303 52
823 237 945 296 Locus
961 237 1165 299 vlcnsutds
1187 240 1334 301 SEXTUS

222 394 350 465 corporis
370 402 396 448 et
414 395 548 459 fortunae
567 395 708 463 bonomm,
725 396 792 464 quin
819 404 845 450 et
862 398 995 466 temporis
1014 390 1069 459 adi
1083 398 1204 469 spiritus,
1224 416 1284 453 cum
1303 400 1339 456 de
1355 400 1464 456 homine
1486 401 1599 468 dicitur,
1630 401 1797 474 quandoque
1820 408 1914 457 tamen

218 482 417 550 poenitendum
442 499 477 535 aa
503 482 569 537 bene
588 483 761 551 Quondam
789 483 914 535 concessi
931 484 1053 538 acnuam.
1082 484 1244 554 itnyqriuoic
1276 487 1342 556 poni
1370 504 1420 556 pro
1448 487 1510 558 ipsa
1541 489 1651 556 anima,
1682 505 1744 543 cum
1768 488 1916 543 animarit

222 567 325 623 Psalm.
344 574 385 638 19,
404 586 428 622 v.
450 572 495 624 tt:
520 569 586 623 Non
607 585 669 622 cum
685 576 811 621 mortuae
837 569 929 633 fuerit
947 568 1055 636 (dives),
1081 569 1202 639 spiritus,
1223 571 1324 627 Genea.
1346 578 1375 641 2,
1401 589 1427 626 v.
1447 580 1469 630 l.
1490 590 1512 628 c.
1532 579 1580 645 46,
1599 591 1625 627 v.
1646 581 1687 629 27.
1737 573 1915 645 Augustinus

223 656 342 725 accipiet
359 657 467 725 omnia,
492 673 579 726 nepte
599 657 746 710 descendet
760 663 826 724 post
849 657 941 725 ipsum
959 654 1054 721 ploria
1080 655 1109 709 in
1139 658 1253 728 exposit.
1272 657 1369 714 Cant:
1404 660 1480 712 Unus
1512 667 1536 714 et
1568 661 1645 713 idem
1673 662 1789 732 spiritua
1815 663 1856 714 ad
1885 677 1915 714 oe

223 743 321 795 domus
351 743 422 812 ejus.
470 742 539 797 Post
568 748 683 798 mortem
710 741 792 796 hamo
824 742 949 811 privatur
974 740 1055 796 bouis
1080 742 1171 810 spuens
1188 745 1294 798 dicitur
1311 746 1428 815 spiritate
1456 748 1538 799 etad
1556 763 1658 815 cotpua
1676 747 1780 802 anima.
1809 748 1916 801 Anima

222 829 349 883 omnibus
368 829 405 883 ad
424 828 496 883 hanc
508 829 595 883 vitam
609 828 818 899 pertinentibus,
833 844 933 898 corpus
946 828 1068 897 exuitur,
1082 830 1196 898 dicitur,
1214 832 1244 883 in
1262 840 1397 899 quantum
1417 839 1458 884 est
1473 833 1533 884 uita
1551 834 1696 901 corporis‚·
1712 835 1832 902 spiritua
1848 851 1915 886 uero

223 915 429 986 pulchritudine
448 932 480 970 ac
501 915 615 984 robore,
635 916 707 987 perit
726 915 872 982 nobilitas,
892 913 1055 969 auferuntur
1080 917 1109 968 in
1127 926 1261 988 quantum
1279 926 1319 971 eat
1346 919 1504 971 substantia
1532 919 1707 987 spiritualim
1743 919 1910 990 quaudoque

222 1001 352 1071 divitias,
386 1018 476 1073 neque
509 1002 659 1073 quidquam
690 1001 743 1054 nisi
782 1000 924 1055 linteolum
955 1016 1054 1070 corpus
1080 1019 1136 1057 nou
1158 1003 1248 1073 ipsam
1277 1003 1385 1058 animae
1405 1005 1567 1072 essentiam,
1596 1005 1645 1059 sed
1669 1007 1729 1076 ejus
1754 1007 1914 1075 quatitmea,

221 1093 318 1159 tegens
338 1106 370 1144 ex
389 1088 463 1142 omni
483 1089 639 1143 divitiarum
659 1088 770 1144 cumulo
790 1105 883 1142 secum
900 1104 933 1142 ex
951 1086 1054 1140 mundo
1081 1097 1170 1143 motus
1188 1098 1214 1142 et
1233 1091 1350 1158 affectus
1367 1089 1540 1160 significare,
1574 1091 1727 1145 secuudum
1745 1109 1814 1162 quos
1833 1093 1916 1147 modo

220 1174 302 1229 homo
315 1175 412 1231 aufert
448 1174 501 1228 Ubi
512 1193 583 1229 nuno
597 1174 722 1228 caesaria
731 1174 917 1244 praeclarum
933 1174 1054 1242 corpus!
1081 1175 1154 1239 lata,
1184 1176 1265 1230 modo
1291 1176 1391 1244 tristis,
1422 1177 1503 1232 modo
1535 1177 1630 1241 fortis,
1660 1178 1742 1232 modo
1770 1178 1916 1233 imbecillis

221 1261 262 1315 ait
278 1268 374 1316 auctor
394 1279 473 1317 serm.
495 1261 531 1315 ad
547 1260 625 1317 fratr.
644 1261 673 1315 in
693 1277 775 1315 erem.
793 1260 952 1331 Augustino
978 1258 1054 1313 attri-
1082 1262 1190 1316 dicitur.
1237 1260 1308 1317 Gen.
1341 1268 1389 1322 45.
1426 1280 1451 1316 v.
1479 1267 1527 1317 tn:
1561 1264 1672 1317 Reoiait
1697 1265 1816 1333 spiritus
1843 1267 1915 1333 ejus,

220 1347 295 1417 buti,
318 1347 368 1400 ubi
386 1348 550 1401 diuitiarum
571 1348 632 1416 ejus
649 1347 836 1416 rnapnitudo!
866 1347 915 1399 ubi
941 1353 1054 1399 caterua
1080 1346 1168 1401 Exod.
1194 1352 1225 1415 6,
1256 1364 1282 1402 v.
1306 1353 1336 1402 9:
1367 1349 1492 1417 Propter
1524 1350 1681 1416 anquatiam
1709 1351 1827 1418 spiriru
1862 1357 1915 1405 ete.

221 1435 355 1489 baronum
378 1441 404 1488 et
428 1434 584 1488 notitione
601 1433 648 1486 uli
666 1434 741 1487 ades
766 1432 907 1485 militum!
938 1432 987 1484 ubi
1004 1448 1054 1500 ap·
1081 1434 1252 1504 Quandoque
1284 1435 1412 1504 usurpari
1437 1449 1487 1503 pro
1516 1437 1590 1489 douo
1623 1437 1853 1500 sanctificationis
1888 1445 1917 1492 et

216 1527 340 1590 paratus
358 1520 546 1573 deliciarum!
563 1520 613 1572 ubi
629 1537 712 1573 cuneo
728 1520 870 1574 venatici!
889 1518 1055 1572 ubiueloces
1081 1518 1242 1574 charismasi
1268 1518 1471 1588 spiritualibus,
1504 1535 1576 1590 quae
1602 1538 1619 1574 a
1640 1520 1745 1591 Spiritu
1772 1529 1869 1576 sancto
1886 1522 1915 1576 in

220 1608 305 1676 equit
334 1607 384 1660 ubi
410 1614 554 1660 cantantes
582 1608 669 1660 aves!
700 1605 749 1658 ubi
776 1606 915 1658 thalamus
937 1603 1055 1672 picturi
1081 1605 1223 1660 credentes
1240 1606 1429 1674 conferuntur,
1448 1612 1480 1659 ut
1497 1608 1552 1660 siut
1569 1606 1605 1660 ad
1619 1607 1776 1677 spirituales
1791 1608 1916 1663 actiones

220 1694 270 1745 udi
284 1692 373 1747 lectus
393 1693 550 1746 elissaeus!
580 1692 629 1744 ubi
645 1693 753 1760 repulia
770 1693 906 1745 tiu-onus!
931 1691 981 1744 ubi
997 1709 1054 1742 mu·
1081 1692 1181 1748 idonei.
1227 1693 1359 1747 Irenaeus
1388 1693 1435 1747 lib.
1465 1700 1489 1748 6.
1520 1693 1555 1747 ad
1584 1693 1659 1748 haer.
1691 1711 1714 1748 c.
1742 1701 1765 1752 8.
1791 1713 1818 1766 p.
1851 1701 1914 1751 322τ

220 1780 326 1834 tatoria
354 1781 600 1833 vestimentorum!
627 1778 676 1830 ubi
709 1777 812 1847 capilli
848 1778 977 1831 totores!
1007 1777 1056 1829 ubi
1082 1781 1187 1833 Anima
1205 1789 1233 1833 et
1250 1782 1368 1849 spiritus
1385 1798 1455 1848 pars
1473 1781 1593 1834 dominia
1612 1798 1670 1834 esse
1685 1790 1814 1851 possunt,
1834 1782 1916 1835 homo

221 1868 326 1919 decora
349 1866 461 1930 facies!
481 1867 521 1919 Te
546 1867 651 1918 dudum
676 1865 842 1917 emebantur
861 1863 995 1931 homines,
1029 1872 1055 1916 te
1080 1874 1171 1920 autem
1188 1883 1372 1936 nequaquam,
1387 1869 1529 1935 perfectae
1549 1875 1640 1920 autem
1658 1868 1740 1921 bomo
1757 1871 1916 1922 commixtio

220 1954 352 2006 timebant
366 1953 520 2023 principes,
541 1960 567 2004 te
581 1951 708 2004 comant
726 1951 822 2020 urbes,
846 1959 873 2003 te
899 1951 1055 2004 metuebant
1080 1960 1105 2006 et
1123 1954 1253 2006 advenitio
1277 1962 1316 2006 est
1339 1954 1451 2007 animae
1475 1955 1641 2008 assumentis
1668 1955 1799 2023 spiritum
1818 1957 1916 2026 putria

221 2056 321 2108 omnes,
338 2039 387 2092 ubi
403 2057 478 2092 nuno
496 2055 599 2108 quaeso
617 2046 682 2090 runt
700 2039 816 2091 omnia?
843 2055 897 2106 quo
917 2037 986 2090 abiit
1007 2043 1055 2089 tua
1080 2048 1105 2093 et
1125 2039 1268 2093 adelictae
1287 2041 1316 2093 ia
1334 2056 1428 2108 carne,
1448 2057 1520 2108 quae
1540 2049 1580 2093 eat
1593 2041 1740 2112 plasmata
1763 2043 1915 2096 secundum

219 2127 447 2194 napntficenuat
484 2125 598 2193 pariter
641 2126 804 2186 defecerunt
843 2123 911 2177 baec
952 2122 1055 2190 omnia,
1079 2126 1230 2193 imapinern
1248 2128 1313 2181 Dei.
1354 2126 1391 2179 Et
1408 2132 1517 2195 postea:
1538 2128 1606 2181 Cum
1624 2127 1916 2194 epiritrucommiatua

220 2215 333 2283 pundo
359 2213 462 2276 defecit
485 2212 603 2283 spiritus
633 2211 709 2278 ejus,
739 2217 843 2262 etcum
868 2209 897 2261 in
925 2208 1054 2280 sepulcro
1081 2215 1193 2265 animae
1212 2214 1309 2264 unitur
1328 2213 1465 2279 plasmati
1478 2220 1598 2284 propter
1618 2214 1780 2282 effusionem
1797 2215 1916 2283 spiritus

221 2300 305 2353 trium
329 2298 506 2352 anciliorum
529 2298 704 2367 reliquerunt
727 2313 788 2348 cum
816 2297 926 2360 foetore
960 2303 987 2348 et
999 2313 1052 2364 pu·
1082 2299 1252 2369 spiritualia
1273 2307 1299 2350 ct
1315 2301 1459 2367 perfectus
1476 2301 1571 2361 factus
1585 2308 1624 2353 eat
1641 2301 1735 2368 loma,
1755 2308 1780 2353 et
1800 2301 1845 2354 hic
1865 2309 1915 2370 est,

222 2387 342 2441 trediue.
380 2383 508 2455 Baptista
531 2381 761 2454 Campofulgosus
785 2382 833 2437 lib.
853 2389 876 2437 t.
894 2398 953 2453 cap.
975 2386 998 2462 2.
1019 2381 1053 2435 de
1080 2385 1130 2452 qui
1144 2386 1297 2437 comodum
1316 2385 1466 2453 imapinern
1485 2392 1511 2437 ct
1528 2385 1739 2438 similitudinem
1759 2388 1856 2451 fuctus
1875 2396 1915 2441 ert

223 2471 364 2526 Saladino
395 2470 538 2542 Aegyptio
565 2469 674 2524 sultano
689 2475 893 2537 commemorat,
922 2468 995 2538 quod
1024 2467 1053 2520 in
1079 2471 1154 2534 Dei,
1185 2471 1213 2523 si
1231 2479 1324 2524 autem
1344 2472 1470 2535 defecerit
1489 2471 1601 2523 animae
1623 2472 1754 2539 spiritus,
1778 2473 1914 2526 animalis

221 2557 394 2629 processione
420 2557 571 2611 obsoletam
598 2556 719 2610 tunicam
744 2554 797 2609 sibi
825 2553 957 2625 praeferri
975 2569 1052 2607 cura·
1080 2563 1120 2609 eat
1142 2573 1219 2620 uere,
1244 2560 1294 2625 qui
1320 2564 1362 2609 eat
1379 2558 1448 2610 tatis
1473 2562 1525 2613 etc.
1548 2558 1631 2627 (quae
1656 2557 1749 2611 omnia
1768 2560 1913 2615 commode

221 2645 336 2701 veritae
350 2661 399 2715 per
411 2640 574 2715 praeconem
588 2640 734 2697 exclamari
744 2641 873 2712 jusserit:
894 2641 1053 2695 Saladinur
1078 2646 1144 2695 sunt
1159 2641 1332 2712 explicanda,
1350 2659 1405 2696 non
1424 2643 1459 2697 de
1470 2642 1552 2697 tertia
1565 2642 1660 2714 aliqua
1671 2650 1750 2713 parte
1764 2645 1914 2711 essentiali,

220 2735 309 2787 Asiae
329 2733 450 2786 domitu
469 2738 574 2787 tantum
593 2747 626 2783 ea
643 2730 694 2784 loc
711 2731 814 2781 mundo
832 2745 925 2782 remim
938 2729 1052 2792 referet.
1079 2744 1151 2800 quae
1167 2726 1270 2782 bomini
1290 2728 1319 2782 in
1336 2728 1544 2799 regeneratione
1560 2729 1676 2793 accedit,
1695 2730 1743 2783 sed
1763 2729 1797 2784 de
1811 2730 1913 2784 charis-

94 2817 161 2859 Μ·
174 2816 208 2858 ⁸⁰·
221 2821 249 2872 3.
269 2820 410 2874 Nauorum
429 2817 578 2887 confinium
593 2816 722 2884 operatio.
752 2815 821 2869 Post
833 2820 948 2871 mortem
957 2815 1053 2884 pulvis
1080 2815 1149 2868 masi
1166 2814 1367 2885 spiritualibus,
1386 2832 1458 2885 quae
1477 2815 1530 2884 piis
1549 2814 1706 2869 homiuibus
1724 2815 1913 2884 conferuntur,

221 2907 370 2961 reuertitur
389 2907 419 2959 in
438 2914 542 2957 terram
563 2912 588 2955 et
602 2903 773 2972 spiritaaad
787 2904 888 2968 Deum,
906 2904 957 2970 qui
975 2903 1054 2955 dedit
1080 2908 1111 2955 ut
1135 2901 1237 2956 ibidem
1263 2919 1291 2956 se
1317 2902 1407 2972 ipsum
1435 2902 1566 2957 irenaeus
1593 2902 1732 2971 explicat)
1774 2901 1912 2973 Didymus

223 3010 297 3060 eum,
322 2991 397 3046 Eccl.
427 2996 471 3055 12,
502 3008 526 3044 v.
555 2996 578 3045 l.
603 2995 721 3059 utraque
744 2987 830 3058 igitur
849 3004 914 3058 pars
936 2986 1054 3042 hominis
1079 2987 1140 3042 libr.
1159 2993 1182 3041 3.
1199 2988 1234 3042 de
1253 2987 1359 3057 Spiritu
1375 2994 1472 3042 sancto
1490 2987 1566 3059 apud
1585 2987 1787 3058 Hieronymum
1804 2995 1867 3043 tom.
1887 2995 1911 3045 9.
1926 2992 1960 3033 rt

224 3095 310 3134 novas
343 3076 497 3148 ingreditur
534 3076 613 3130 sedes
652 3074 817 3144 easdemque
853 3073 904 3128 sibi
945 3074 1054 3144 penitus
1081 3091 1194 3144 operum
1216 3075 1244 3128 in
1264 3074 1340 3129 dicto
1359 3075 1509 3144 apostolico
1537 3081 1560 3132 1.
1579 3073 1675 3128 Thess.
1696 3082 1726 3136 5,
1752 3093 1778 3129 v.
1801 3082 1842 3131 23.
1863 3093 1914 3146 per

223 3166 341 3237 ignotus.
1081 3161 1208 3232 spiritum
1240 3161 1375 3230 inteilipit
1412 3161 1580 3231 superiorem
1612 3161 1721 3215 animae
1752 3162 1914 3231 portionem,

162 3268 170 3277 ·
259 3256 301 3307 tt.
337 3249 500 3305 Posterioris
518 3247 614 3302 classis
633 3245 756 3320 ἑπόμενα
776 3246 911 3316 quaedam
929 3252 1056 3316 spectant
1082 3263 1153 3318 quae
1172 3246 1293 3300 animam
1311 3246 1456 3314 informat,
1480 3252 1512 3300 ut
1530 3245 1624 3300 divina
1650 3247 1801 3317 intelligat,
1825 3249 1916 3318 sapiat

223 3355 340 3407 corpus,
373 3336 509 3409 quaedam
545 3351 610 3388 vero
634 3335 757 3387 animam
781 3331 907 3387 bominis.
952 3332 1057 3390 Nititur
1082 3340 1110 3389 et
1132 3334 1244 3403 diligat,
1277 3348 1333 3403 qua
1355 3332 1525 3402 expositione
1550 3332 1633 3387 etiam
1660 3333 1746 3387 utitur
1769 3332 1914 3404 Nyssenus

222 3424 291 3480 haec
323 3423 481 3476 distributio
516 3421 564 3475 illa
593 3419 755 3491 hypothesi,
786 3419 860 3490 quod
891 3419 946 3474 sint
984 3420 1055 3473 duae
1082 3422 1117 3475 de
1134 3425 1217 3474 creat.
1238 3419 1308 3475 hom.
1327 3435 1351 3474 c.
1371 3424 1393 3475 6.
1428 3418 1468 3471 At
1490 3417 1559 3473 haec
1582 3419 1716 3489 expositio
1739 3418 1815 3474 fauet
1834 3419 1914 3474 Pela-

224 3511 360 3565 duntaxat
368 3509 484 3564 hominis
498 3516 599 3581 partes,
616 3525 716 3578 corpus
728 3513 756 3562 et
776 3506 876 3575 anima,
891 3514 923 3561 ut
934 3507 1056 3560 ostendit
1082 3506 1185 3578 gianis,
1211 3505 1310 3560 tribuit
1328 3504 1401 3559 enim
1418 3504 1528 3575 spiritui
1545 3504 1601 3558 vim
1620 3510 1648 3559 et
1667 3503 1828 3560 facultatem
1853 3506 1915 3560 illu·

224 3597 366 3668 primaeva
395 3595 512 3650 hominis
545 3595 656 3650 creatio.
708 3592 819 3647 iiiiEsse
845 3592 916 3647 enim
946 3599 1054 3646 teritum
1082 3591 1206 3647 minandi
1226 3593 1346 3646 animam
1362 3590 1390 3643 in
1409 3589 1493 3645 rebus
1510 3590 1619 3659 divinis,
1646 3590 1721 3661 quod
1741 3592 1822 3647 unice
1840 3609 1913 3646 com·

223 3682 292 3736 duas
322 3682 440 3738 hominis
467 3689 576 3754 partes,
606 3680 728 3752 probant
759 3687 779 3736 1.
808 3678 926 3734 hominis
951 3679 1054 3734 creatio
1079 3681 1150 3750 petit
1168 3679 1281 3750 Spiritui
1304 3684 1399 3732 sancto
1427 3676 1475 3748 qui
1494 3677 1615 3732 animam
1639 3677 1708 3731 lucie
1739 3695 1805 3734 suae
1828 3680 1914 3734 radiis

222 3766 293 3823 Gen.
313 3773 344 3832 2,
373 3787 399 3824 v.
420 3775 443 3823 1.
478 3774 501 3825 2.
521 3767 640 3821 hominis
657 3767 804 3832 redemtio,
842 3782 906 3820 nam
930 3764 1054 3820 Christus
1078 3766 1230 3835 illuminat,
1261 3772 1293 3819 ut
1311 3764 1405 3818 divina
1420 3770 1585 3835 cognoscat,
1610 3764 1704 3835 capiat
1720 3771 1748 3819 et
1766 3765 1912 3838 intelligat.

222 3872 284 3909 eum
307 3860 396 3908 totum
423 3853 515 3908 anima
541 3853 676 3907 duntaxat
694 3859 721 3907 et
748 3869 863 3923 corpore
881 3858 1053 3906 constantem
1080 3853 1199 3920 Quidam
1226 3869 1276 3924 per
1301 3852 1432 3920 spiritum
1451 3859 1570 3906 mentem
1600 3858 1628 3905 et
1646 3851 1833 3921 intellectum,
1863 3870 1914 3924 per

220 3941 354 4005 redemit,
377 3939 441 3996 Gal.
465 3944 496 4009 3,
518 3958 544 3993 v.
565 3945 604 3995 tt.
624 3956 649 3996 c.
669 3946 698 4006 t,
722 3958 747 3994 v.
768 3947 792 3994 5.
812 3939 881 3995 Luc.
903 3944 947 4006 19,
966 3957 990 3994 r.
1015 3945 1053 3996 10.
1080 3941 1200 3995 animam
1218 3939 1390 3992 voluntatem
1414 3942 1444 3992 et
1466 3936 1582 3992 effectus
1608 3937 1783 4009 intelligunt,
1807 3938 1912 3993 Gallus.

222 4033 246 4085 3.
264 4027 382 4084 bominis
400 4027 540 4082 renovatio
561 4033 589 4082 et
607 4025 801 4094 sanctificatio,
831 4033 855 4082 4.
874 4026 938 4079 Filii
965 4026 1042 4081 incar
1078 4027 1107 4080 in
1133 4027 1207 4080 notis
1235 4026 1271 4079 ad
1291 4024 1364 4079 Ireu.
1390 4041 1417 4095 p.
1444 4030 1502 4080 326.
1552 4022 1614 4078 Hae
1638 4028 1704 4078 sunt
1731 4025 1802 4078 duae
1819 4033 1912 4096 partes

221 4116 306 4186 natio,
324 4114 454 4170 assumsit
473 4114 593 4168 animam
614 4120 642 4168 et
661 4128 776 4183 corpusq
803 4117 825 4167 5.
842 4110 959 4166 hominis
980 4130 1053 4167 mors
1079 4114 1245 4183 praecipuae
1275 4112 1382 4165 animae
1412 4117 1536 4177 nostrae,
1568 4126 1637 4180 quas
1667 4112 1727 4164 Deo
1756 4111 1856 4182 subjici
1884 4119 1913 4167 et

221 4202 296 4262 Eccl.
319 4208 367 4267 12,
393 4218 419 4258 r.
438 4206 462 4259 l.
485 4202 548 4256 Act.
570 4206 599 4267 l,
623 4217 649 4254 v.
670 4204 711 4256 59.
739 4204 763 4254 6.
791 4205 960 4252 mortuorum
979 4216 1053 4254 resu·
1079 4203 1107 4252 in
1126 4199 1184 4253 dies
1202 4198 1327 4253 renovari
1349 4203 1471 4267 oportet,
1502 4203 1534 4251 ut
1551 4196 1620 4251 nihil
1640 4205 1731 4252 mente
1749 4198 1912 4268 cogitemus,

223 4289 333 4344 scitatio
360 4294 382 4344 1.
402 4286 471 4358 Reg.
494 4292 541 4353 ll,
567 4303 592 4341 v.
614 4290 655 4342 21.
678 4292 700 4340 7.
729 4284 816 4354 ipsius
839 4284 942 4340 Christi
963 4303 1053 4354 mors3
1078 4286 1147 4340 nihil
1164 4285 1255 4339 animo
1273 4284 1424 4354 cupiamus,
1444 4283 1514 4337 nihil
1527 4298 1642 4353 corpore
1655 4283 1816 4347 efficiamus,
1835 4284 1908 4355 quod

224 4381 248 4433 8.
268 4375 432 4448 gravisdma
451 4372 553 4428 Christi
572 4365 722 4427 admonitio
742 4371 839 4427 Matth.
864 4377 904 4434 10,
922 4388 946 4427 v.
968 4373 1053 4428 wi
1079 4372 1165 4440 ipsius
1183 4371 1268 4425 verbo
1287 4376 1502 4451 consentaneum
1521 4386 1576 4423 non
1594 4369 1637 4423 sit.
1682 4370 1745 4425 Nou
1765 4379 1808 4425 est
1827 4371 1911 4439 igitur

224 4463 442 4516 Heracleonitae
459 4460 595 4515 referente
614 4456 785 4529 Hieronymo
802 4457 831 4511 in
849 4474 873 4514 c.
892 4464 934 4514 26.
952 4459 1052 4513 Erech.
1080 4457 1193 4527 spiritus
1219 4456 1293 4527 apud
1320 4455 1439 4511 Paulum
1462 4454 1569 4525 aliquid
1600 4456 1736 4511 diversum
1757 4456 1793 4511 ab
1810 4457 1911 4528 anima,

221 4555 282 4603 tres
312 4555 404 4619 partes
435 4546 553 4602 hominis
587 4544 745 4600 essentiales
763 4542 915 4612 faciebant,
945 4563 1054 4615 corpus,
1081 4543 1130 4598 sed
1147 4543 1235 4614 ipsius
1255 4542 1362 4596 animae
1380 4541 1513 4608 facultas,
1542 4548 1574 4595 ut
1593 4542 1668 4612 apud
1687 4541 1829 4598 Hebraeos
1850 4545 1910 4607 ηιῆ

224 4636 347 4690 animam
364 4641 389 4687 et
414 4635 550 4702 spiritum.
601 4632 707 4685 Eadem
736 4635 778 4684 est
806 4630 941 4685 sententia
967 4631 1054 4684 Rabi-
1082 4630 1262 4701 distinguitur
1279 4617 1371 4701 atiqg
1405 4644 1469 4681 cum
1501 4625 1541 4679 illi
1578 4635 1626 4682 aut
1656 4630 1834 4699 conjungitur
1863 4637 1912 4684 aut

223 4738 331 4776 norum.
386 4719 505 4784 Quidam
534 4717 779 4790 'I'lieopliraatiatae
812 4726 904 4773 nostro
932 4725 1056 4790 tempore
1080 4717 1237 4785 opponitur,
1255 4723 1400 4784 utramque
1418 4720 1511 4767 tamen
1529 4713 1690 4769 facultatem
1703 4715 1912 4787 comprehendit

226 4807 297 4862 idem
324 4811 466 4874 statumt,
506 4822 538 4859 ac
565 4805 692 4876 spiritum
719 4811 915 4875 postmortem
934 4807 1055 4876 corporis
1079 4818 1178 4856 nomen
1191 4790 1261 4874 ²523,
1282 4816 1345 4854 cum
1368 4800 1446 4854 nulla
1468 4799 1500 4853 fit
1521 4800 1673 4868 distinctio,
1708 4806 1740 4853 ut
1762 4817 1836 4856 nunc
1861 4821 1912 4874 pro

224 4893 386 4965 aliquandiu
404 4893 497 4946 adhuc
515 4907 674 4962 superesse,
692 4891 805 4945 tandem
823 4907 888 4945 vero
908 4893 990 4946 etiam
1010 4910 1054 4946 ex·
1082 4895 1141 4943 tota
1160 4888 1259 4953 anima,
1278 4903 1353 4941 nunc
1370 4901 1420 4957 pro
1439 4886 1590 4957 ejusparte
1602 4886 1762 4957 accipiatur.
1796 4889 1911 4945 Socinus

137 5012 140 5019 ·
223 4980 343 5051 stingui,
374 4978 493 5032 animam
520 4994 583 5032 vero
610 4977 773 5048 simpliciter
797 4976 978 5032 immortalem
996 4994 1055 5033 esse
1080 4975 1109 5028 iu
1133 4975 1229 5045 explic.
1257 4974 1371 5046 aliquot.
1395 4972 1480 5027 locor.
1516 4973 1615 5043 Script.
1640 4991 1668 5043 p.
1691 4980 1752 5029 tot:
1788 4975 1912 5046 Spiritus

224 5067 375 5138 disputant.
415 5062 548 5118 Nonnulli
564 5080 597 5117 ex
616 5062 844 5133 Soenoseldianis
863 5064 1054 5118 etEnttueia-
1080 5071 1122 5116 eat
1144 5065 1190 5131 id,
1217 5063 1294 5132 quod
1318 5060 1377 5113 ulio
1403 5061 1512 5115 nomine
1535 5061 1633 5114 vocari
1652 5070 1747 5129 potest
1769 5081 1845 5117 mena
1864 5083 1913 5119 ocu

224 5156 275 5208 otia
299 5151 408 5208 tertiam
432 5159 538 5222 partem
566 5151 755 5214 essendalem,
786 5148 912 5220 spiritum
941 5151 1053 5208 scilicet.
1080 5149 1154 5203 ratio
1181 5150 1328 5217 superior,
1360 5155 1496 5215 quatenus
1521 5148 1628 5200 scilicet
1655 5155 1695 5200 est
1722 5149 1868 5203 illustrata
1893 5171 1912 5204 a

224 5238 329 5295 homini
357 5239 387 5292 iu
417 5236 624 5309 regeneratione
656 5237 788 5291 accedere
814 5236 958 5290 somniant.
1010 5237 1055 5291 llli
1081 5238 1140 5290 Dei
1149 5236 1343 5306 patefactione
1360 5234 1431 5303 clla,
1449 5251 1520 5304 quae
1537 5235 1694 5290 continetur
1713 5237 1742 5289 in
1760 5238 1913 5307 coanpelio,

224 5343 319 5384 omues
344 5332 446 5396 urgent
473 5316 547 5379 dicta
572 5323 743 5394 scripturae,
768 5324 797 5378 iu
818 5323 919 5394 quibus
943 5324 1055 5393 spiritus
1082 5326 1122 5377 ita
1141 5329 1172 5375 ut
1191 5342 1252 5377 oum
1269 5323 1380 5375 Paulus
1404 5330 1496 5392 optat,
1526 5321 1657 5390 spiritum
1683 5340 1742 5377 esse
1762 5324 1824 5376 aine
1851 5325 1912 5379 ullo

224 5413 260 5468 ab
282 5413 375 5467 anima
398 5411 579 5482 distinguitur
601 5407 669 5463 Luc.
701 5415 727 5477 l,
758 5428 784 5463 v.
802 5415 844 5466 46.
864 5418 886 5465 l.
913 5409 1009 5465 Thess.
1031 5418 1056 5480 5,
1079 5411 1161 5473 uitio,
1195 5427 1228 5464 uc
1254 5412 1414 5486 perfectum
1441 5409 1525 5463 aliud
1549 5410 1622 5463 nibil
1650 5417 1740 5481 optet,
1769 5428 1853 5479 qiiam
1883 5420 1913 5465 ut

223 5517 248 5557 v.
281 5503 322 5555 23.
350 5497 437 5554 Hebr.
463 5506 491 5569 t,
523 5513 549 5550 v.
578 5501 615 5553 12.
646 5493 695 5551 sed
725 5498 936 5566 respondemus,
956 5492 1175 5553 nomen'nuliue
1203 5514 1296 5563 emor,
1325 5499 1406 5552 arella
1432 5497 1595 5566 ipnorantia
1619 5497 1731 5551 dirime
1745 5499 1911 5567 patefactae
