4104 6014
918 310 973 370 Da
991 307 1136 369 uotam
1196 314 1202 323 ’
1817 322 1879 383 359

101 504 104 511 .
184 483 248 524 ms
262 468 447 537 mandimus,
465 471 516 527 sed
533 487 569 527 ex
585 487 619 526 eo
637 469 731 526 inferri
749 467 857 540 nequit,
874 466 949 539 quod
961 464 1017 519 sint
1047 467 1149 522 nostris
1173 467 1323 535 intersunt,
1352 471 1418 523 eunt
1434 467 1521 547 nostri
1539 468 1654 539 vigiles,
1678 468 1806 536 comites,
1833 487 1879 527 ex·

182 551 314 626 religiose
331 555 495 622 invocandi,
523 557 589 627 qnia
607 562 640 610 ut
656 562 779 610 noenum
796 553 914 609 salutem
934 553 1017 607 inter·
1043 553 1196 623 cnbitoree,
1233 553 1330 609 rident
1368 560 1453 625 atque
1486 554 1619 619 audiunt,
1636 556 1734 627 'quae
1769 557 1877 627 ιςίιιιιιι

183 639 308 697 mone
330 658 382 697 sua
398 648 552 714 promotam
570 643 680 706 volunt,
712 641 752 696 ita
771 646 883 711 propter
900 638 1017 694 eandm
1043 655 1077 693 ac
1107 638 1260 711 loquimur,
1293 640 1499 694 conversionem
1518 641 1651 706 {externis
1677 640 1764 712 signis
1794 648 1878 713 utque

183 725 329 799 religiosa
345 727 516 784 adorationis
534 728 640 784 cultum
660 726 716 782 sibi
733 724 836 781 deferri
849 724 958 790 nolunt,
976 723 1017 778 uti
1045 724 1152 781 effectis
1177 724 1347 781 declaratam
1368 724 1527 792 intuentur,
1557 726 1632 782 bona
1658 732 1753 782 nostra
1771 743 1879 797 promo·

184 810 306 882 probent
328 820 495 885 mgnmenta
517 822 629 868 nostrae
652 812 806 870 ιειιιειιιίιιε
822 810 949 882 superius
967 808 1020 863 ad·
1046 815 1128 876 vent,
1146 811 1221 866 mala
1236 810 1405 881 impediuut3
1429 813 1478 867 sed
1496 812 1532 867 de
1549 812 1652 868 sanctis
1670 812 1808 867 defunctis
1821 813 1879 869 tale

184 898 275 954 ducta
312 898 342 956 si
365 899 455 964 dicas,
482 909 595 954 rennos
620 900 771 966 defunctos
795 898 868 952 selle
886 914 938 952 erce
956 912 1019 968 pre·
1047 896 1114 968 quid
1142 914 1176 952 ex
1202 896 1346 967 Scriptura
1368 896 1551 953 demonstrari
1574 899 1678 971 nequit
1717 900 1761 953 Ac
1787 899 1810 952 si
1835 899 1881 954 vel

183 984 388 1056 Abscisum,-
399 985 606 1056 respondemus,
623 1003 674 1040 nos
688 984 764 1039 istud
775 983 851 1038 haud
863 982 945 1037 inviti
956 997 1020 1037 cou-
1047 983 1165 1038 maxime
1189 983 1279 1038 sancti
1299 982 1403 1039 scirent
1424 990 1534 1039 nostras
1551 999 1661 1054 preces,
1693 985 1817 1038 nondum
1837 990 1880 1039 ta·

183 1068 319 1136 cedimus,
343 1070 393 1127 sed
411 1087 559 1141 negamus,
577 1087 611 1125 ex
629 1086 663 1125 eo
681 1067 865 1134 inferendum,
884 1067 960 1140 quod
977 1084 1020 1122 re·
1048 1085 1111 1122 men
1129 1073 1299 1140 sequeretur,
1324 1085 1371 1124 cos
1388 1068 1517 1140 religiose
1538 1086 1597 1124 esse
1615 1069 1793 1138 invocandos,
1811 1069 1881 1125 alias

183 1154 282 1227 ligioee
304 1155 361 1211 sint
383 1155 539 1211 invocandi.
571 1162 596 1212 2.
617 1155 718 1210 Sancti
739 1172 796 1209 non
817 1160 938 1225 poseant
955 1151 1021 1206 reti·
1048 1155 1172 1209 viventes
1195 1154 1299 1223 sancti,
1328 1154 1376 1226 qui
1391 1155 1521 1226 precibus
1541 1156 1643 1210 nostris
1662 1154 1810 1224 assistunt,
1839 1171 1881 1210 re·

184 1242 262 1311 pices
284 1242 426 1307 innocus-i,
456 1241 522 1312 quia
545 1240 735 1296 destituuntur
756 1239 897 1312 requisitis
918 1238 948 1292 in
973 1237 1020 1291 ob
1047 1240 1146 1311 ligioee
1164 1239 1287 1294 invocari
1305 1246 1427 1310 possent.
1459 1244 1484 1297 t.
1499 1240 1600 1295 Sancti
1615 1258 1671 1295 non
1684 1248 1806 1312 possunt
1819 1243 1883 1296 cbr-

181 1329 259 1399 jecto
286 1326 431 1399 religiosae
459 1326 641 1382 invocationis
668 1326 844 1390 necessariis,
875 1341 939 1380 cnm
965 1339 1021 1378 non
1048 1342 1099 1396 qne
1124 1325 1236 1394 injurio
1254 1327 1313 1381 Dei
1339 1333 1367 1379 et
1391 1326 1555 1380 nements
1576 1325 1667 1381 nostri
1685 1327 1757 1380 Jesc
1776 1326 1884 1382 Christi

187 1412 244 1467 sint
262 1413 398 1477 omniscii.
421 1429 473 1468 nec
494 1413 729 1485 septimium,
748 1428 801 1467 nec
818 1411 1021 1480 omnipraesen·
1047 1411 1179 1479 reiipicse
1204 1412 1346 1481 invocari,
1374 1417 1407 1466 ut
1429 1411 1556 1482 superius
1575 1411 1629 1466 fuit
1653 1411 1881 1471 demonstratum.

185 1504 241 1563 ἴα,
262 1513 315 1553 ¹10⁰
332 1496 553 1566 omnipoteni&
580 1514 633 1554 1¹0⁰
652 1498 808 1553 divinorum
825 1495 1020 1551 beneficiorum
1050 1497 1107 1553 Neo
1125 1500 1182 1564 eet,
1202 1495 1277 1568 quod
1298 1496 1473 1567 compellatio
1490 1497 1614 1551 rivorum
1631 1497 1793 1567 objiciatur,
1816 1497 1882 1570 quia

185 1582 337 1652 largitores
379 1582 477 1653 Neque
502 1600 553 1638 nos
578 1599 676 1655 preces
703 1590 811 1639 nostm
836 1582 873 1637 ad
899 1581 1020 1652 ipsorum
1049 1582 1197 1637 maximnm
1224 1581 1372 1637 discrimen
1401 1587 1445 1637 est
1468 1583 1541 1639 inter
1562 1583 1715 1639 viventium
1733 1584 1882 1654 compella·

186 1685 296 1725 sensum
323 1668 353 1723 in
383 1669 491 1724 coelum
520 1667 593 1725 ferre
618 1686 780 1740 possumus,
815 1684 906 1739 neque
933 1665 975 1720 illi
1005 1681 1021 1720 e
1048 1669 1150 1723 tionem
1176 1673 1205 1724 et
1230 1667 1388 1739 religiosam
1414 1667 1609 1724 defunctorum
1631 1674 1787 1724 sanctorum
1806 1669 1882 1725 iuro·

185 1754 277 1818 coelo.
306 1752 430 1826 quaein
453 1754 536 1809 terris
562 1760 698 1826 aguntur,
728 1753 873 1826 percipere
896 1756 1021 1823 possunt.
1048 1755 1198 1821 sationem,
1230 1760 1263 1809 ut
1289 1770 1322 1808 ex
1347 1755 1375 1811 d.
1405 1751 1433 1829 ᾗ.
1453 1759 1512 1810 389.
1536 1754 1727 1824 manifestum,
1758 1754 1883 1810 viventes

186 1839 216 1899 si
235 1840 322 1909 dicas,
332 1841 461 1909 potuum
480 1857 529 1896 sce
548 1842 727 1913 compellari,
744 1858 806 1894 cnm
826 1840 920 1893 adbuc
932 1844 1022 1895 arent
1048 1839 1215 1911 compellare
1233 1856 1379 1909 possumus
1396 1840 1442 1894 vcl
1460 1839 1524 1894 viva
1542 1856 1625 1910 voce,
1649 1841 1694 1896 vel
1712 1857 1762 1910 per
1779 1841 1883 1905 literas,

187 1928 219 1981 in
242 1928 308 1991 oin,
331 1942 400 1996 erpo
420 1927 505 1981 aiem
525 1943 611 1997 posse
630 1942 678 1981 eos
695 1925 877 1996 compellari,
906 1924 1021 1993 quomo
1050 1928 1093 1982 vel
1112 1942 1162 1996 per
1180 1925 1372 1994 internuntios,
1391 1926 1440 1981 sed
1460 1926 1607 1981 defunctos
1624 1934 1734 1981 sanctm
1751 1943 1806 1981 non
1819 1943 1883 1997 pos·

187 2020 251 2068 east
261 2013 292 2067 in
301 2014 420 2085 patric,·
440 2012 637 2083 respondemus
651 2018 791 2068 ostensum
808 2026 870 2066 esse
887 2007 1022 2080 superius,
1050 2030 1145 2066 sumus
1163 2011 1292 2083 religiose
1310 2010 1448 2075 invocare,
1465 2011 1520 2065 nisi
1539 2012 1607 2081 ipsis
1623 2011 1778 2066 tribuamus
1795 2010 1882 2066 omni-

188 2099 261 2171 quod
280 2097 420 2154 Pontificii
434 2115 490 2153 nou
508 2098 613 2153 nudam
634 2097 887 2169 compellationem,
908 2095 958 2151 sed
979 2111 1022 2150 re·
1049 2097 1206 2166 edendam,
1233 2113 1290 2170 qna
1314 2096 1421 2152 ratione
1440 2096 1501 2152 Deo
1523 2097 1613 2168 gloria
1635 2096 1689 2167 ipsi
1717 2097 1767 2151 soli
1786 2097 1883 2154 debita

186 2185 315 2257 ligioeam
336 2184 538 2240 invocationem
562 2190 699 2239 tueantur.
736 2183 842 2250 Quodsi
869 2196 935 2253 ergo
959 2197 1021 2235 saa-
1049 2184 1211 2240 detrahitur.
1255 2182 1357 2238 Confer
1382 2182 1474 2237 omnia
1499 2189 1528 2236 et
1552 2182 1665 2255 singula
1688 2183 1824 2247 membra,
1852 2184 1881 2239 iu

187 2280 293 2328 ctorum
320 2271 459 2327 invocatio
488 2270 557 2342 ipsis
575 2270 652 2330 ,nibil
677 2271 754 2326 aliud
783 2277 826 2326 est
851 2285 935 2341 qnam
958 2267 1021 2322 talis
1049 2271 1150 2342 quibus
1179 2270 1381 2326 invocationem
1405 2276 1579 2338 sanctorum,
1607 2276 1690 2341 prout
1717 2270 1747 2325 in
1774 2276 1881 2342 papatu

31 2359 114 2402 ¹V1¹l
128 2357 175 2401 ’Ἀ
188 2357 378 2430 compellatio,
404 2356 496 2429 qualis
514 2363 558 2412 eet
572 2355 737 2421 visentium,
762 2354 895 2427 probent,
912 2359 1022 2407 sanctos
1049 2357 1152 2413 uaiuta
1169 2362 1221 2422 eat,
1238 2356 1389 2412 consistere
1407 2356 1527 2411 diximus
1545 2353 1573 2431 ᾗ.
1591 2362 1651 2411 435.

187 2443 270 2500 rebus
301 2442 429 2499 humanis
461 2442 595 2498 interesse
620 2449 649 2498 ct
678 2440 918 2513 compellationem
945 2437 1019 2493 illam
1082 2450 1141 2500 457,
1179 2446 1206 2500 3,
1237 2445 1285 2498 Ex
1321 2443 1465 2511 coneilio,
1511 2442 1561 2497 ubi
1595 2440 1692 2506 affert,
1734 2440 1914 2512 wemma
1928 2443 1963 2481 ax
1977 2450 2033 2482 eon·

187 2530 299 2596 adire,
323 2529 435 2600 quando
456 2545 527 2584 voce
546 2529 722 2601 exprimitur3
750 2528 794 2582 vel
814 2527 837 2581 si
854 2542 910 2581 uon
927 2523 1021 2578 adsint
1048 2529 1240 2600 episcoporum
1260 2530 1397 2597 Europae
1413 2529 1548 2597 seriptum
1568 2530 1609 2582 nei
1620 2529 1740 2582 Leonem
1759 2529 1881 2597 impera·
1895 2495 1965 2535 ‘nm'

186 2620 356 2687 prmum,
386 2613 554 2682 Oditfflssi,
584 2613 686 2685 quibus
716 2611 893 2668 internuntii
926 2610 961 2664 du
987 2625 1021 2663 tt
1047 2627 1142 2685 torem,
1160 2632 1233 2685 quce
1255 2616 1372 2669 tutetur
1386 2622 1453 2684 post
1470 2614 1620 2669 coralium
1639 2613 1881 2683 mulsedonum,-

187 2702 317 2759 certiores
338 2700 509 2769 reddantur;
533 2717 652 2772 cumque
677 2715 773 2770 preces
791 2699 880 2754 seriae
898 2695 1021 2768 quando·
1047 2702 1183 2757 actionem
1199 2700 1237 2755 11.
1255 2699 1372 2755 concilii
1391 2700 1627 2754 Chalcedonensis
1632 2721 1645 2770 ,·
1663 2708 1759 2754 eectce
1775 2701 1880 2768 synodi

188 2804 242 2859 que
263 2787 372 2843 interno
397 2785 489 2842 cordis
507 2784 613 2857 gemitu
633 2786 693 2841 sine
712 2791 827 2841 exterm
845 2799 912 2839 voce
931 2780 1020 2851 expri·
1047 2788 1187 2856 penerciie
1217 2804 1278 2856 cap.
1301 2787 1323 2840 7.
1352 2802 1385 2841 ea
1409 2787 1561 2840 canonibus
1586 2803 1682 2840 recent
1706 2787 1807 2851 editis,⁸
1837 2802 1881 2840 ee·

186 2879 311 2942 mantur,
344 2870 484 2942 explicent
501 2869 595 2938 nobis,
628 2871 767 2942 quomodo
787 2869 876 2925 sancti
897 2865 1020 2923 occultos
1045 2875 1151 2945 primia
1166 2874 1271 2941 synodi
1286 2873 1428 2943 generatis
1446 2872 1584 2927 actionem
1598 2875 1623 2927 6.
1641 2872 1757 2926 comitii
1770 2871 1881 2926 Gerun-

187 2958 277 3015 cordie
297 2956 419 3030 gemitus
445 2962 474 3013 et
496 2973 599 3013 arcana
621 2956 741 3028 pectoris
767 2954 961 3026 incoepiciant
986 2966 1020 3006 ⁸0
1047 2960 1245 3029 demuccpss.
1264 2959 1635 3028 Aurelianensisl.ccp.29.
1655 2957 1880 3027 Mopuntinirai

186 3045 271 3103 serias
295 3059 392 3115 preces
417 3042 454 3097 ab
482 3042 663 3114 hypocriticis
680 3042 847 3099 discernant
894 3039 924 3098 Si
943 3039 1019 3094 invo·
1050 3045 1153 3100 ibreio
1162 3047 1271 3115 Mcpno
1280 3048 1398 3116 capt-t.
1413 3044 1544 3100 Toletani
1550 3049 1573 3098 4.
1580 3062 1603 3098 c.
1614 3049 1635 3101 1.
1653 3045 1785 3098 Toletani
1790 3047 1844 3100 ic.
1852 3048 1879 3100 2.

187 3130 261 3188 catio
277 3136 435 3186 sanctorum
453 3135 497 3185 est
509 3128 575 3183 talis
593 3128 779 3199 compellatio,
797 3126 887 3200 qualis
905 3125 960 3181 fuit
978 3140 1019 3188 ea,
1048 3133 1237 3187 erasnm
1254 3135 1280 3187 2.
1301 3149 1364 3193 cap,
1375 3135 1401 3188 9,
1421 3132 1453 3186 tn
1470 3132 1570 3201 priona
1587 3131 1751 3185 indiam
1761 3130 1881 3185 litaniae

187 3234 244 3290 qua
260 3216 365 3272 Paulus
389 3216 426 3271 ed
452 3215 601 3283 Romanos,
629 3215 773 3284 Ephesios,
792 3212 1019 3268 Thessalonicen·
1046 3218 1212 3274 recitandae
1235 3218 1279 3272 rel
1303 3217 1400 3271 triduo
1422 3223 1488 3270 unte
1511 3218 1722 3271 adscensionem
1745 3215 1789 3269 oei
1813 3215 1881 3271 clitis

187 3322 231 3360 ses
262 3312 315 3360 otc.
348 3301 471 3359 mribens
507 3319 603 3357 eorum
638 3300 863 3357 intercessionem
900 3296 1019 3368 rogavit,
1048 3303 1226 3373 temporibus.
1269 3302 1494 3373 Respondemus:
1519 3306 1544 3356 1.
1568 3301 1693 3371 Spiritus
1712 3302 1805 3356 sanni
1831 3304 1881 3357 do·

187 3389 311 3445 scribant
328 3395 358 3445 et
374 3388 428 3459 ipsi
442 3387 536 3443 literas
554 3387 592 3442 sd
610 3394 721 3442 unctos
739 3385 901 3453 deuncos,
917 3384 946 3438 in
960 3382 1019 3454 qui·
1048 3390 1140 3444 ctrina
1159 3395 1214 3453 est,
1240 3404 1313 3460 quae
1332 3388 1477 3442 ramices
1492 3387 1585 3442 literis
1604 3394 1644 3441 est
1659 3389 1789 3456 prodita,
1818 3404 1881 3441 cors·
1895 3402 1970 3446 xvm.
1983 3398 2031 3443 ter.

188 3476 241 3532 bus
270 3490 366 3531 eorum
397 3472 622 3529 intercessionem
652 3478 791 3543 expetant
846 3470 929 3527 Certe
955 3474 1021 3523 ante
1048 3485 1095 3530 tra
1121 3492 1207 3545 wne
1228 3474 1348 3544 siquid
1369 3473 1492 3527 conciis
1520 3480 1659 3542 amarent,
1688 3474 1773 3536 nefus
1799 3475 1880 3541 daeo,

188 3578 275 3617 mnoe
297 3577 354 3616 non
377 3559 419 3614 ita
436 3559 537 3614 multos
554 3558 706 3613 monachus
725 3557 838 3630 quidam
858 3555 1019 3611 Francicus·
1049 3561 1088 3618 uit
1106 3560 1293 3631 Hieronymus
1311 3558 1340 3613 in
1357 3574 1455 3613 comm.
1476 3558 1556 3629 epist
1574 3556 1668 3616 Galat.
1697 3559 1881 3623 Quemadmo-

188 3665 240 3703 nus
258 3646 428 3702 Benedictus
447 3644 582 3718 Lugduni
599 3644 700 3700 excudi
720 3643 829 3699 curavit
847 3643 949 3698 librum
969 3640 1021 3695 hoc
1049 3649 1116 3703 dum
1139 3646 1226 3719 igitur
1248 3644 1372 3701 conciliis
1397 3660 1453 3699 non
1480 3644 1546 3700 licet
1563 3661 1648 3699 novos
1667 3645 1732 3700 fidei
1750 3644 1881 3701 articulos

188 3734 269 3789 titulo
296 3733 412 3787 &mma
446 3739 628 3801 peccatorum
666 3745 786 3802 eumque
815 3728 926 3800 Virgini
956 3726 1021 3781 Dei·
1050 3734 1184 3802 condere,
1210 3732 1252 3788 ita
1271 3748 1323 3786 nec
1347 3747 1450 3787 novum
1465 3730 1572 3785 cultum
1589 3730 1618 3786 in
1637 3731 1781 3787 ecclesiam
1799 3732 1882 3787 intro

188 3837 273 3891 pareo
308 3816 448 3874 dedicavit
478 3817 514 3872 ad
545 3816 637 3887 ipsam
664 3815 808 3887 epistolam
840 3814 963 3870 scribent
994 3820 1023 3868 ei
1050 3822 1159 3877 ducere.
1195 3823 1222 3875 2.
1245 3816 1371 3874 concilia
1392 3817 1455 3873 ideo
1478 3824 1564 3889 atque
1587 3818 1653 3873 inde
1670 3827 1726 3873 nou
1743 3834 1824 3888 posse
1841 3834 1882 3873 er·

190 3903 348 3969 affirmwflr
378 3904 528 3972 &simoi
551 3904 593 3957 ⁰13
615 3919 667 3957 '⁸0⁸
686 3919 768 3972 votat
787 3902 908 3957 ‘aribert
929 3907 955 3953 ti
972 3917 1022 3953 ποθ
1051 3924 1112 3963 rare
1130 3904 1271 3962 Pontificii
1296 3909 1436 3973 statuunt,
1459 3904 1526 3976 quia
1553 3903 1751 3960 confirmantur
1768 3920 1786 3958 a
1803 3920 1883 3975 pape.

189 3991 313 4046 niciensi
339 3991 381 4044 ad
399 3990 474 4045 illot-
514 3988 675 4044 Alexander
695 3989 861 4061 (insigniunt
880 3987 1022 4043 Veronen-
1051 3995 1091 4050 At
1113 3993 1184 4048 haec
1208 3989 1416 4046 infallibilitatis
1439 3990 1537 4061 regula
1555 3996 1598 4045 est
1615 3990 1697 4044 valde
1714 3989 1882 4060 irregularis,

190 4077 230 4132 sis
261 4092 346 4148 eques
383 4084 497 4130 auratus
523 4075 705 4146 peditumque
731 4074 890 4145 praefectus
923 4075 951 4129 iu
977 4072 1023 4128 de·
1052 4079 1193 4149 cumipse
1211 4076 1335 4149 pontifex
1353 4076 1499 4132 aberrore
1518 4075 1720 4131 immunisnon
1738 4077 1782 4137 sit.
1804 4081 1882 4131 ntex

191 4162 341 4233 scriptione
359 4160 514 4217 &mauce
535 4160 698 4231 Europaeos
711 4161 746 4216 de
764 4160 898 4232 religione
916 4159 1023 4214 ttosco·
1053 4166 1121 4237 ipsis
1146 4162 1300 4219 Pontificiie
1328 4178 1379 4217 suo
1406 4162 1468 4217 loco
1497 4160 1710 4217 demonstratur.
1748 4166 1773 4216 3.
1791 4161 1883 4233 Nega-

192 4251 310 4305 vitarum
337 4247 514 4318 mniumque
542 4245 714 4301 Ruiessmm
740 4253 888 4313 memmi·
915 4246 1024 4317 (111θῦἆο
1052 4270 1128 4317 mus,
1158 4250 1188 4306 in
1216 4249 1273 4304 ullo
1299 4264 1333 4302 ex
1358 4253 1476 4318 quatuor
1501 4245 1685 4302 oecumenicis
1711 4247 1835 4302 conciliis
1854 4247 1881 4302 in

192 4333 293 4406 aliquit
316 4349 435 4405 maguae
457 4332 629 4388 aucwritatit
654 4333 696 4387 vir
718 4333 793 4403 apud
814 4331 888 4403 ipius
901 4333 1024 4395 moritur.
1054 4337 1194 4411 primitiva
1213 4334 1333 4391 scolene
1348 4332 1496 4389 celebratis
1508 4332 1712 4387 invocationem
1726 4339 1881 4388 sanctorum

192 4430 259 4476 tunc
286 4418 527 4488 metropolitanum
549 4419 608 4473 sive
634 4418 794 4489 episcopum
821 4418 943 4474 scribere
970 4418 1026 4489 cpi·
1052 4423 1164 4495 publico
1185 4421 1297 4477 decreto
1322 4436 1383 4475 esse
1402 4418 1570 4486 stabilitam,
1604 4417 1760 4473 recentiora
1777 4425 1806 4475 et
1822 4436 1883 4491 par·

192 4506 291 4562 stolam
322 4504 359 4559 ad
387 4503 424 4560 D.
447 4502 562 4560 Petrum
590 4504 681 4575 sigillo
707 4522 758 4560 suo
784 4511 935 4560 otmense
962 4504 1025 4560 eub-
1053 4509 1181 4567 ticularia
1199 4506 1319 4562 concilia
1336 4521 1392 4560 non
1411 4520 1556 4562 moramur.
1591 4511 1616 4561 t.
1634 4505 1761 4574 Epistola
1779 4506 1884 4576 epieco-

192 4592 341 4663 ecriptione
369 4590 519 4659 munitam,
548 4607 632 4662 quam
664 4607 748 4662 super
776 4597 874 4661 pectus
903 4591 1025 4646 defuncti
1053 4612 1150 4668 porum
1171 4594 1300 4663 Europae
1326 4591 1363 4647 ad
1388 4592 1512 4647 Leonem
1541 4592 1734 4662 imperatorem
1760 4608 1816 4646 non
1844 4599 1885 4647 est

192 4678 272 4750 ponit
295 4679 365 4732 daus
387 4676 576 4732 testimouium
599 4678 635 4733 de
659 4677 739 4732 bonis
765 4677 874 4749 piisque
897 4678 1027 4748 operibus
1054 4679 1165 4737 concilii
1203 4677 1449 4746 Chalcedonensis,
1486 4693 1538 4732 nec
1575 4677 1769 4747 episcoporum
1801 4677 1886 4733 totius

192 4765 254 4836 ejus
284 4768 335 4818 etc
368 4762 519 4834 Exemplar
555 4763 688 4834 epistolae
723 4779 757 4818 ex
783 4762 912 4819 Conrado
948 4764 1027 4836 Lago
1054 4765 1197 4837 Europae,
1226 4763 1275 4819 scd
1306 4768 1426 4834 quatuor
1454 4761 1590 4818 duntaxat
1626 4763 1820 4834 episcoporum
1857 4763 1886 4817 in

193 4848 384 4921 Danteingero
418 4848 564 4904 retulimus
598 4853 679 4904 tract
717 4847 752 4904 de
781 4850 886 4920 poenit.
916 4847 945 4924 ξ.
969 4856 1026 4906 135.
1054 4852 1183 4922 Europae
1206 4849 1254 4905 illa
1271 4853 1364 4920 parte,
1391 4864 1464 4918 quae
1477 4847 1613 4904 Odenati
1631 4849 1744 4904 suberat
1761 4848 1886 4920 imperio,

192 4940 220 4993 3.
240 4936 340 4991 Sancti
358 4936 499 5005 cudunt,
520 4935 592 5005 qaid
608 4952 733 5004 oremus,
757 4941 791 4990 ut
806 4934 917 4992 disertis
937 4936 1027 4992 verbis
1055 4937 1230 5010 degentium,
1253 4935 1303 5007 qui
1322 4933 1375 5006 ipsi
1394 4934 1513 4989 concilio
1530 4952 1586 4991 non
1604 4934 1806 5001 interfuerunt,
1837 4937 1885 4992 sed

193 5022 258 5079 Esa.
275 5028 323 5092 bt,
349 5039 376 5078 v.
396 5026 436 5078 tt.
462 5019 571 5089 dicitur,
597 5037 630 5076 ac
648 5022 852 5094 aspdacyuusta
874 5021 978 5095 ubique
999 5023 1027 5078 in
1055 5025 1225 5096 scripserunt
1246 5020 1385 5093 judicium
1402 5038 1484 5077 suum
1502 5020 1540 5075 ad
1558 5020 1752 5091 imperatorem
1771 5022 1808 5076 de
1824 5037 1888 5078 con·

192 5107 343 5180 Scripturie
370 5107 424 5163 soli
449 5106 510 5162 Deo
538 5106 676 5165 tribuitur.
724 5106 783 5165 Nec
811 5115 867 5173 est,
893 5108 969 5180 quod
994 5125 1028 5164 ex
1056 5110 1112 5167 ollii
1130 5107 1364 5165 Chalcedonensis
1388 5106 1612 5176 delinitionibus;
1639 5123 1692 5162 nec
1718 5107 1825 5164 stabilit
1847 5124 1889 5165 rc·

193 5194 371 5251 conversione
402 5201 497 5249 nosue
526 5192 634 5264 angelis
666 5200 733 5248 nota
757 5201 951 5266 argumentum
972 5194 1027 5251 buc
1057 5197 1184 5270 ligiosam
1202 5200 1360 5250 sanctorum
1378 5192 1597 5260 invocationem,
1617 5192 1666 5248 sed
1684 5192 1888 5250 intorcessionis

193 5280 335 5346 afferatur,
353 5279 421 5351 quia
438 5295 482 5333 res
500 5277 562 5348 ipsa
582 5278 712 5345 ostendit,
730 5296 862 5352 magnam
881 5297 941 5336 esse
957 5280 1029 5337 inter
1056 5286 1193 5340 duntaxat
1218 5279 1384 5335 mentionem
1403 5278 1486 5343 facit,
1515 5279 1556 5333 sic
1573 5278 1646 5333 enim
1663 5277 1769 5334 babent
1787 5279 1888 5337 verba:

192 5367 308 5441 asigelos
330 5372 360 5422 et
382 5365 529 5421 defunctos
552 5371 662 5419 sanctos
687 5364 883 5422 diversitatem.
925 5366 1029 5441 angeli
1058 5367 1271 5425 sanctissinum
1298 5382 1364 5420 sero
1385 5362 1547 5420 Proterinen
1567 5364 1598 5417 in
1623 5364 1709 5420 cismo
1736 5371 1763 5419 et
1789 5367 1889 5421 ordine

192 5462 258 5511 sunt
284 5451 429 5529 πνεύματα
457 5448 645 5527 asseveret,
673 5458 766 5509 caetra
792 5452 869 5508 circa
895 5470 946 5509 nos
974 5471 1029 5511 me·
1055 5462 1217 5511 summm
1237 5459 1395 5522 martyram
1411 5449 1547 5522 ponimus
1565 5458 1591 5504 et
1609 5453 1673 5522 ejece
1690 5451 1891 5507 intercessione

190 5547 300 5611 tantur,
328 5540 358 5595 in
385 5534 515 5594 manibus
536 5556 588 5597 noe
611 5544 739 5613 putant,
766 5538 851 5597 rebus
874 5554 910 5595 ac
927 5540 1027 5599 studiis
1055 5539 1265 5599 eumden
1285 5556 1321 5595 cc
1341 5536 1502 5610 propitiam
1524 5539 1617 5594 Desos
1639 5539 1742 5595 tutes
1763 5540 1890 5612 poetric-
