4104 6014
258 223 301 281 uc
770 172 772 183 ’
847 211 972 275 maus
990 213 1194 275 monemus
1212 214 1359 274 suxrus

263 370 422 428 aconiaca
452 370 584 438 Quamvis
604 371 745 428 enimncu
761 370 934 444 statimpost
949 376 1096 444 peccatum
1120 369 1221 440 hostis,
1251 371 1357 427 invidia
1384 388 1457 428 mors
1483 371 1513 426 in
1538 371 1671 428 mundum
1695 369 1816 427 inuasit
1863 369 1954 426 caua

261 472 295 511 ex
327 456 430 513 diaboli
462 456 624 514 seductione
655 462 846 531 perpetratum
875 458 982 529 primus
1014 457 1095 511 homo
1120 455 1242 514 invidiae
1258 475 1292 513 ea
1309 457 1372 525 fuit,
1391 458 1467 530 qaod
1482 458 1585 528 sciens,
1605 475 1635 514 se
1655 461 1768 529 propter
1786 455 1954 527 apostasicn

260 540 345 597 fuerit
372 549 511 609 mortuus,
542 550 636 600 tamen
656 561 730 600 mors
753 543 780 601 ei
805 542 911 599 inflicta
933 542 1003 609 fuit,
1036 551 1094 598 tum
1120 544 1151 597 in
1166 544 1312 613 judicium
1335 544 1434 616 mapni
1461 545 1522 600 diei
1536 544 1657 599 vinculis
1676 543 1799 598 aeurnis
1817 543 1868 596 eut
1886 542 1954 596 culi·

261 631 358 698 qrsoad
373 639 491 700 neuim,
511 647 566 702 quo
586 631 667 687 morti
684 631 818 686 obnoxius
835 629 890 685 fuit
907 629 1008 700 factus,
1024 628 1097 684 sicut
1119 630 1184 698 qinc
1212 632 1353 686 samari
1382 649 1416 687 cc
1433 632 1598 686 mdsntibm
1617 630 1725 701 inserui
1752 632 1907 685 daramum
1923 629 1954 682 in

260 714 402 771 maleficus
425 718 507 772 morti
532 717 709 790 adjudicatus
735 718 765 773 in
796 734 906 774 carcere
924 714 1096 789 aliquamdiu
1122 724 1263 773 tartarum
1293 720 1336 772 ad
1360 719 1516 773 mactum
1542 734 1600 772 esse
1628 718 1764 772 traditum
1788 722 1812 772 2.
1837 716 1911 772 Pctr.
1931 720 1955 779 2,

263 801 356 858 adhuc
374 803 451 859 vivit
485 802 677 861 Theodoretus
701 821 735 859 ex
757 803 923 876 Symmacho
950 821 977 874 q.
1004 806 1046 858 38.
1065 800 1095 854 in
1121 821 1145 860 v.
1163 810 1187 861 t.
1204 803 1270 861 Jud.
1290 822 1316 860 ι.
1337 809 1360 859 6.
1378 803 1482 860 homiui
1506 803 1543 858 ad
1566 802 1652 858 vitam
1676 802 1864 858 beatissimam
1889 818 1955 856 con·

262 887 362 945 Genes.
390 885 479 945 rerba
502 891 737 958 comminationis,
765 899 854 945 morte
881 889 1028 958 morinis,
1054 887 1095 942 sic
1119 886 1178 944 dito
1208 887 1371 946 felicitatem
1396 890 1473 946 illam
1498 889 1628 946 inciderit
1677 906 1795 961 eumque
1819 887 1954 943 malorum

261 975 454 1049 παραφράζειι
503 977 642 1032 Monuit
666 979 723 1032 eris
743 986 769 1032 et
786 977 906 1047 singulis
933 976 1031 1030 disbsss
1049 992 1094 1029 ec·
1119 992 1231 1030 suorum
1258 975 1364 1031 socium
1390 976 1560 1048 expetiverit
1607 975 1782 1048 Augustinus
1815 992 1894 1030 serm.
1915 981 1955 1030 14.

261 1063 401 1133 spectabis
413 1071 529 1118 mortem
536 1085 548 1134 ,·
562 1070 621 1119 tum
633 1066 731 1134 ροσσά
742 1065 883 1119 moriendi
895 1063 1094 1128 necessitatem,
1119 1060 1154 1115 de
1182 1060 1257 1119 verb.
1284 1069 1371 1134 apost
1397 1063 1449 1118 hoc
1475 1062 1616 1131 observat,
1647 1063 1723 1133 quod
1748 1078 1804 1117 non
1827 1062 1956 1116 dicantur

261 1165 345 1220 quam
362 1166 412 1219 per
427 1149 537 1221 peccati
550 1155 657 1206 reatum
674 1151 804 1220 incurrit3
824 1157 884 1206 tum
903 1151 1000 1221 quoad
1010 1148 1095 1202 india
1119 1146 1243 1202 homines
1261 1149 1291 1203 in
1316 1149 1428 1205 diabolo
1445 1165 1575 1219 peccasse
1593 1154 1621 1204 et
1640 1165 1691 1220 per
1706 1155 1852 1219 peccatum
1873 1147 1954 1202 morti

260 1236 360 1290 mortis
380 1237 534 1308 corporalis
552 1237 581 1291 in
599 1237 683 1300 fame,
702 1237 759 1308 siti,
776 1236 895 1308 frigore,
919 1235 1091 1302 lassitudine,
1121 1232 1233 1290 obnoxii
1262 1235 1347 1300 facti,
1380 1235 1452 1290 sicut
1478 1236 1508 1290 in
1530 1235 1640 1290 Adamo
1667 1251 1796 1306 peccasse
1825 1234 1956 1290 dicuntur

261 1321 365 1377 morbis
383 1330 411 1378 et
427 1324 513 1379 variis
531 1323 669 1393 advenis,
695 1340 766 1395 quac
785 1325 861 1378 velut
882 1324 993 1396 agmirm
1017 1322 1092 1377 facto
1119 1318 1199 1376 Rom
1229 1327 1262 1391 5,
1290 1340 1315 1376 v.
1346 1328 1386 1378 12.
1412 1322 1460 1378 sed
1487 1322 1561 1393 quod
1586 1321 1689 1377 diaboli
1712 1321 1817 1377 invidia
1836 1337 1909 1383 mors
1926 1319 1955 1374 in

259 1407 288 1461 iu
306 1409 398 1479 ipsum
416 1409 557 1465 incurrere
574 1416 731 1482 coeperunt.
778 1410 824 1465 Sic
842 1426 908 1482 ergo
932 1426 967 1466 ex
984 1409 1093 1464 immor·
1119 1407 1254 1462 mundum
1273 1407 1392 1463 intrasse
1413 1408 1529 1466 dicatur.
1567 1409 1697 1478 Constat,
1726 1408 1829 1479 inquit,
1858 1408 1888 1461 in
1908 1425 1954 1461 ca·

258 1493 308 1548 tali
327 1493 408 1550 homo
428 1494 521 1550 factus
537 1503 580 1551 est
608 1496 731 1552 mortalis
757 1502 787 1551 et
806 1514 840 1551 ex
856 1496 1047 1578 thronobritae
1064 1495 1093 1549 in
1119 1492 1224 1547 idolica
1239 1495 1310 1565 fide,
1327 1497 1405 1564 quod
1423 1495 1555 1550 diabolus
1573 1512 1623 1548 nec
1634 1495 1811 1565 peneresius-it
1827 1503 1953 1548 nostram

260 1579 423 1636 barathrum
443 1581 541 1649 mortis
556 1589 599 1638 cst
616 1599 634 1636 a
653 1582 766 1637 diabolo
784 1583 930 1638 seductore
954 1583 1093 1638 deuusus.
1118 1587 1263 1649 naturum,
1295 1599 1345 1635 nec
1366 1582 1542 1652 condiderit,
1569 1581 1634 1635 solu
1650 1581 1681 1634 in
1699 1580 1753 1634 illa
1769 1582 1894 1634 seductio
1913 1589 1953 1635 est

293 1673 335 1725 28.
371 1672 398 1722 2.
419 1670 466 1723 Eu
486 1669 593 1723 diserta
612 1669 772 1724 &maturis
789 1671 951 1725 assertione.
983 1668 1048 1725 Joh.
1068 1674 1093 1738 8,
1114 1668 1326 1736 praecedentis,
1357 1668 1480 1723 imitatio
1496 1667 1694 1737 consequentis.
1735 1667 1866 1736 Denique
1886 1686 1953 1738 quo·

260 1772 288 1810 v.
307 1761 353 1810 ll:
374 1755 519 1809 Diabolus
537 1764 578 1810 est
597 1754 830 1828 ἀνθρωποκτόνος
848 1758 883 1811 ab
902 1756 992 1810 initio.
1027 1757 1093 1812 Sco·
1118 1754 1202 1806 modo
1228 1753 1334 1807 dicium
1358 1761 1398 1807 tel
1417 1755 1453 1807 do
1471 1756 1582 1825 Adam,
1616 1755 1646 1808 ia
1663 1770 1719 1824 quo
1743 1771 1835 1807 omncs
1849 1771 1951 1823 pecca·

261 1857 314 1912 pus
327 1840 480 1897 salvatoris
498 1846 541 1897 est
559 1841 755 1907 demonstrare,
773 1842 897 1899 iudaeos
914 1843 988 1898 ritae
1006 1842 1092 1914 ipsius
1117 1845 1224 1908 canat,
1243 1839 1355 1908 leuatur
1372 1840 1442 1894 nai
1459 1840 1574 1912 alicubi,
1593 1858 1686 1894 omnes
1703 1840 1734 1893 in
1753 1839 1868 1894 diabolo
1886 1858 1951 1910 pec-

261 1926 377 1982 insidias
406 1933 542 1984 struentes
570 1945 631 1985 esse
658 1928 730 1984 filios
758 1929 878 1994 disboti,
909 1945 965 1985 non
993 1935 1092 1984 nutum
1118 1933 1259 1983 caverunt.
1295 1926 1389 1980 Aliud
1414 1933 1455 1980 est
1477 1926 1529 1981 silo
1544 1929 1730 1997 praecedente
1758 1934 1785 1980 et
1802 1929 1951 1980 seducente

259 2013 373 2082 scilicet,
391 2014 441 2069 scd
454 2013 529 2084 vitio,
548 2033 605 2069 non
622 2017 692 2087 quia
708 2016 840 2071 diabolus
856 2034 902 2072 eos
918 2017 1025 2071 messit
1042 2023 1092 2070 aut
1115 2027 1244 2081 peccare,
1264 2012 1348 2066 aliud
1365 2012 1396 2066 in
1414 2012 1466 2066 illo
1481 2029 1609 2083 peccare,
1629 2013 1697 2083 qaia
1713 2015 1865 2066 secundum
1880 2031 1950 2082 pro·
1964 2016 2030 2060 xm

259 2102 363 2169 penult
382 2103 435 2155 sed
452 2102 521 2171 qaia
535 2103 680 2171 persuasit
697 2104 839 2172 ostenuit,
859 2109 892 2158 nt
907 2107 983 2158 reete
999 2108 1093 2159 monet
1113 2097 1249 2168 papicum
1275 2098 1370 2152 omnis
1398 2099 1428 2152 ia
1455 2098 1508 2152 silo
1538 2115 1649 2152 namus
1667 2117 1774 2165 omnes,
1802 2108 1951 2169 antequam

256 2186 432 2258 Augustinus
451 2193 531 2243 tract
552 2193 593 2245 52.
613 2187 643 2242 in
661 2187 725 2244 Joh.
743 2187 848 2244 Probst
874 2189 903 2243 id
922 2189 1014 2261 ipsum
1033 2188 1091 2244 Sul-
1117 2184 1181 2237 nati
1193 2200 1322 2260 memus,
1339 2191 1471 2254 tauquam
1485 2185 1653 2255 inponente,
1665 2193 1798 2255 tanquam
1810 2186 1951 2240 ins-adice

257 2279 336 2328 vator
367 2290 400 2329 ex
431 2290 485 2342 co,¹
508 2274 584 2344 quod
615 2276 759 2330 desideria
787 2276 898 2330 diaboli
925 2274 1094 2346 patrissui
1118 2278 1158 2324 cst
1188 2280 1322 2326 venenata
1351 2273 1450 2340 arbor,
1481 2272 1523 2326 ili
1554 2289 1672 2326 aramue
1717 2273 1794 2326 Num
1816 2274 1883 2342 quia
1912 2275 1952 2326 cd

257 2368 397 2430 queaeram
413 2363 567 2430 perficere,
584 2360 635 2431 qui
650 2363 742 2427 feeerit
759 2360 803 2416 ciri
827 2359 925 2436 ἀρχῆς,
942 2363 978 2417 ab
997 2362 1089 2427 initio,
1118 2357 1271 2422 diabolum,
1290 2358 1342 2412 boc
1360 2366 1400 2412 est
1426 2358 1584 2428 priusquam
1592 2359 1951 2430 peccatietcercprimum

257 2446 364 2502 scilicet
381 2445 488 2501 ratione
506 2445 579 2501 initii
599 2446 772 2517 defectionis,
789 2465 845 2503 uon
862 2456 956 2505 autem
974 2449 1090 2505 creatio·
1114 2451 1307 2513 pacatorem,
1333 2461 1390 2498 twa
1403 2445 1529 2514 pertinet
1547 2445 1641 2518 oripo,
1661 2448 1713 2500 ced
1730 2444 1867 2516 imitatio,
1889 2465 1951 2500 cum

257 2530 310 2603 nis,
327 2532 480 2599 homicida,
499 2530 527 2586 id
545 2535 649 2604 estqui
662 2535 782 2606 primum
798 2535 937 2591 homiuem
955 2535 991 2589 ad
1004 2535 1090 2590 vitam
1119 2533 1155 2586 de
1168 2531 1221 2586 illo
1239 2531 1383 2600 scriptura
1399 2531 1574 2601 loqueretar,
1598 2531 1708 2585 invidia
1732 2533 1824 2603 inquit
1842 2533 1952 2589 diaboli

257 2617 440 2673 immortalem
471 2635 489 2672 a
503 2618 564 2674 Deo
594 2619 737 2675 conditum
767 2620 796 2675 in
824 2627 970 2692 peccatum
988 2627 1017 2677 st
1041 2638 1091 2692 pur
1118 2636 1194 2672 mors
1227 2619 1344 2673 intrauit
1373 2619 1405 2672 in
1434 2620 1536 2674 orbem.
1584 2618 1737 2674 Imitantur
1761 2627 1855 2674 cidem
1880 2638 1949 2691 eum,

257 2709 403 2775 peccatum
420 2705 450 2758 in
466 2711 582 2760 mortem
600 2705 782 2778 praecipitem
798 2706 906 2763 dederit
934 2714 1020 2780 atquc
1038 2708 1090 2763 hac
1117 2705 1168 2773 qai
1188 2713 1253 2760 cunt
1278 2715 1410 2777 exparte
1441 2707 1547 2776 ipsius,
1584 2707 1723 2761 imiamdc
1747 2725 1808 2762 eum
1824 2709 1894 2773 fiunt
1916 2727 1950 2762 cu

256 2790 363 2846 ratione
381 2791 531 2846 maximum
550 2790 729 2847 homicidium
746 2793 921 2851 commiserit.
971 2793 1089 2859 Quidam
1112 2800 1199 2863 parte
1228 2794 1326 2863 ipsius.
1372 2795 1520 2863 Numquid
1544 2794 1651 2848 dictum
1676 2802 1717 2849 est
1733 2795 1763 2848 in
1782 2795 1835 2849 illo
1850 2811 1949 2866 pecca·

255 2875 421 2948 existimant,
432 2877 603 2934 salvatorem
616 2877 935 2947 adfratricidiumcaini
942 2881 1087 2953 respicere,
1115 2882 1235 2935 secanti
1256 2897 1318 2935 casn
1337 2898 1403 2936 cero
1428 2883 1464 2935 dc
1480 2882 1578 2935 Adam
1600 2882 1740 2936 ducemur
1755 2890 1872 2951 propter
1893 2884 1949 2936 ori-

256 2962 294 3020 ad
323 2964 397 3036 quod
422 2963 549 3020 diabolus
574 2979 639 3020 eum
667 2964 792 3038 impulit,
825 2974 848 3023 1.
865 2966 931 3024 Joh.
951 2972 980 3039 ³,
999 2986 1026 3027 v.
1049 2974 1089 3025 12.
1116 2967 1221 3036 pinea,
1246 2975 1367 3038 propter
1382 2967 1590 3036 posteritatem,
1617 2977 1740 3039 propter
1760 2969 1948 3038 propasinem

255 3048 305 3104 sed
331 3049 398 3121 quia
421 3050 524 3107 diserte
539 3052 660 3116 additur,
690 3052 765 3124 quod
783 3049 827 3107 ἀπ’
849 3051 942 3126 ἀρχῆς,
961 3073 981 3107 ο
991 3055 1088 3125 primo
1116 3054 1261 3124 viscerum,
1278 3056 1309 3108 iu
1328 3073 1383 3124 quo
1403 3072 1504 3125 omncs,
1522 3056 1623 3125 inquit,
1641 3063 1833 3125 peccaverant.

255 3136 350 3191 statim
367 3136 462 3205 initio,
482 3136 611 3194 diabolus
627 3139 663 3194 sit
681 3138 833 3209 homicida,
852 3147 880 3196 ct
896 3140 963 3212 quia
979 3139 1089 3216 ἀνθρω·
1150 3147 1191 3198 30.
1227 3147 1252 3200 Δ.
1271 3143 1441 3197 Eadiaboli
1457 3143 1689 3200 denominatione.
1717 3142 1804 3198 Hebr.
1821 3149 1844 3211 2,
1866 3161 1890 3195 v.
1908 3147 1947 3199 14.

255 3229 390 3279 nonoris
407 3223 448 3278 illi
467 3242 523 3280 non
540 3230 573 3280 ut
591 3241 692 3282 musae
712 3225 892 3298 impulsivae,
928 3227 978 3283 sed
1000 3234 1032 3284 ut
1049 3229 1088 3284 ef·
1114 3227 1150 3285 de
1167 3226 1280 3286 diabolo
1298 3229 1407 3299 dicitnr,
1424 3230 1500 3301 quod
1516 3230 1618 3284 habeat
1634 3227 1733 3303 κράισς
1745 3234 1794 3283 τοῦ
1812 3226 1947 3298 θανάτου,

254 3310 357 3366 ficienti
388 3311 536 3382 principali
559 3311 706 3381 tribuitur,
735 3312 798 3368 idco
824 3312 928 3368 rectius
954 3313 990 3370 de
1007 3316 1088 3371 sedu-
1114 3315 1263 3384 imperitus
1283 3332 1317 3369 ae
1334 3318 1422 3369 robur
1442 3317 1556 3384 mortu,
1580 3315 1610 3370 id
1635 3322 1678 3371 est
1708 3316 1857 3387 quod.per
1880 3332 1948 3386 pcc-

254 3397 346 3453 ctione
371 3399 522 3470 primorum
548 3404 708 3470 parsum,
737 3415 788 3471 pes
814 3416 899 3471 quam
921 3402 1002 3457 morti
1020 3401 1088 3458 facti
1115 3407 1209 3458 catum
1233 3401 1357 3459 homines
1380 3402 1433 3457 sub
1457 3420 1574 3474 regnam
1599 3419 1632 3458 ac
1646 3403 1749 3474 jugum
1773 3420 1853 3457 suum
1870 3403 1947 3458 redc-

255 3489 320 3540 suut
339 3484 458 3552 obnoxii,
477 3485 650 3557 intelligitur.
688 3485 864 3557 Augustinus
880 3486 928 3542 lib.
947 3493 973 3546 2.
992 3495 1088 3545 contra
1114 3489 1200 3559 gerit,
1228 3494 1260 3545 ut
1284 3495 1371 3545 morte
1399 3488 1462 3544 illos
1479 3489 1615 3546 mulctare
1638 3488 1738 3560 possit,
1770 3489 1842 3545 sicut
1859 3490 1948 3545 victor

254 3569 349 3626 literas
379 3570 512 3626 Petiliani
541 3588 566 3628 c.
596 3577 643 3629 13:
676 3573 856 3638 Quaerimus,
885 3577 962 3628 unde
995 3577 1088 3641 suerit
1115 3574 1241 3646 captivos
1258 3576 1341 3632 morti
1360 3575 1488 3633 destinat
1519 3576 1749 3633 Christusautem
1762 3583 1947 3652 permortem,

254 3659 386 3715 diadolus
413 3659 555 3715 homicida
584 3661 620 3715 ab
637 3661 737 3730 initio,
765 3668 791 3715 et
812 3661 982 3730 invenimus,
1011 3665 1088 3733 quod
1114 3678 1198 3732 quam
1214 3679 1265 3734 pro
1282 3662 1362 3719 nobis
1380 3664 1526 3732 sustinuit,
1551 3669 1581 3719 et
1596 3680 1647 3735 per
1671 3680 1802 3734 cumpro
1823 3664 1946 3734 peccatis

250 3747 376 3816 primum
393 3746 529 3802 mntnsm
541 3748 685 3817 occiderit,
702 3764 759 3802 non
774 3747 905 3816 cladium
922 3750 1086 3818 etsinqcndo
1113 3748 1212 3802 nostris
1239 3749 1388 3818 sadsfccit,
1417 3750 1534 3806 abstulit
1564 3748 1677 3805 diabolo
1708 3751 1858 3806 dominium
1877 3751 1945 3806 illud

253 3840 304 3886 aut
323 3832 452 3902 aliquam
468 3833 525 3887 cim
542 3834 733 3903 corporaliter
756 3834 923 3904 infliqendc,
953 3838 1006 3890 sed
1022 3854 1085 3906 per·
1112 3835 1216 3904 mortis,
1235 3835 1309 3906 quod
1327 3835 1357 3890 in
1375 3852 1477 3907 corpus
1496 3841 1525 3890 et
1538 3836 1658 3890 animam
1678 3835 1797 3913 hominis
1815 3837 1945 3908 habebat,

253 3920 402 3991 medendo
425 3925 572 3991 peccatam
599 3926 626 3974 st
651 3938 671 3974 n
694 3921 834 3990 paradisi
857 3922 996 3985 felicitate
1013 3924 1086 3993 deii-
1113 3924 1145 3974 ut
1174 3922 1223 3987 sic,
1253 3923 1319 3992 quia
1351 3939 1401 3992 per
1430 3928 1547 3978 mortem
1582 3921 1709 3978 diabolus
1742 3922 1944 3993 dominabatur,

254 4005 361 4061 ciendo.
380 4004 429 4064 lib.
450 4013 472 4062 1.
492 4006 528 4062 ds
547 4006 618 4062 Gen.
637 4005 731 4062 adlit
749 4023 773 4061 c.
802 4013 848 4063 16:
877 4007 1032 4063 Homicida
1049 4009 1086 4064 ab
1115 4006 1241 4063 Christus
1279 4023 1330 4080 per
1372 4015 1489 4064 mortem
1524 4025 1603 4064 suam
1642 4008 1781 4080 duplicem
1821 4016 1943 4064 nostram

164 4092 169 4105 '
256 4091 310 4147 illo
325 4092 421 4158 initio,
450 4109 484 4147 cu
502 4109 557 4162 quo
575 4094 656 4148 homo
671 4093 765 4165 potuit
784 4094 891 4159 occidi,
918 4113 976 4149 non
994 4105 1086 4150 auum
1114 4100 1230 4149 mortem
1265 4094 1442 4150 destruxerit.
1497 4093 1622 4150 Observa
1659 4099 1767 4166 autem,
1802 4095 1943 4151 diabolum

249 4179 346 4248 potuit
362 4179 505 4250 occidere,
535 4187 685 4250 unthscam
712 4186 798 4247 esset,
826 4181 877 4249 qui
903 4182 1087 4238 occidmtur.
1114 4179 1244 4236 habuisse
1261 4183 1357 4236 mamis
1375 4181 1522 4252 imperium
1540 4199 1595 4236 nou
1611 4199 1644 4237 eo
1661 4182 1755 4251 modo,
1781 4197 1836 4253 quo
1853 4183 1944 4254 legiti-

253 4265 300 4320 Ab
316 4265 397 4321 initio
414 4283 480 4336 erqo
499 4267 642 4322 homicida
660 4266 801 4332 maiolus,
819 4267 887 4336 qaia
903 4269 964 4339 ipse
983 4271 1088 4325 occidit
1114 4284 1175 4321 mus
1192 4266 1294 4338 uliquis
1314 4268 1502 4340 magistratus,
1520 4285 1568 4322 rex
1588 4273 1638 4322 aut
1653 4268 1780 4338 princeps
1799 4267 1944 4340 imperium

254 4352 391 4408 bominem
404 4354 538 4423 primum,
556 4360 620 4407 ante
637 4370 718 4422 quem
735 4354 832 4408 nullus
850 4354 991 4409 bominum
1008 4357 1074 4421 fuit.
1113 4353 1143 4407 in
1172 4370 1237 4407 suos
1267 4352 1391 4409 subditas
1428 4353 1532 4409 habere
1563 4354 1677 4424 dicitur,
1707 4355 1755 4410 scd
1782 4370 1837 4425 quo
1862 4354 1944 4408 modo

288 4443 330 4496 29.
364 4442 392 4494 3.
410 4442 457 4495 Ea
480 4440 551 4496 libri
568 4438 732 4509 Sapientiae
755 4441 940 4497 consensione.
978 4442 1041 4515 Sap.
1063 4449 1088 4514 2,
1113 4446 1249 4511 tyrannus
1275 4456 1326 4511 per
1347 4440 1479 4511 injustam
1509 4441 1719 4511 occupationem
1746 4458 1861 4512 regnum
1893 4439 1945 4494 sibi

252 4541 278 4584 v.
296 4530 347 4582 23:
375 4528 456 4581 Desss
478 4526 584 4582 creauit
602 4526 741 4580 bominem
759 4524 801 4580 ἐπ’
828 4526 972 4601 ἀφθαρσίᾳ
993 4531 1038 4586 vel
1056 4542 1088 4585 ut
1113 4527 1246 4598 acquirit,
1275 4527 1320 4581 rel
1345 4544 1400 4597 quo
1424 4526 1547 4582 carnifex
1569 4526 1654 4583 habet
1677 4527 1822 4598 imperium
1841 4526 1870 4581 in
1891 4544 1944 4597 cos,

252 4611 301 4668 alii
319 4612 400 4668 codd.
427 4612 526 4686 legunt
559 4614 590 4668 ἒν
611 4612 762 4686 ἀφθαρσίᾳ
789 4621 814 4667 st
843 4615 994 4684 imuqinem
1017 4636 1086 4689 pro-
1114 4619 1161 4685 qui
1179 4612 1260 4668 morti
1288 4619 1402 4684 propter
1424 4612 1548 4667 facinora
1575 4631 1626 4669 sua
1643 4613 1797 4685 adjudicati
1815 4621 1842 4668 ct
1857 4615 1944 4686 ipsius

251 4699 336 4770 prius
353 4700 549 4756 similitudinis
565 4701 636 4766 fecit
654 4717 739 4768 eam,·
762 4717 788 4757 v.
801 4705 843 4756 24.
868 4701 978 4756 inuidia
995 4712 1087 4757 autem
1113 4687 1246 4771 potestati
1263 4699 1360 4755 traditi
1381 4706 1452 4754 sunt
1504 4698 1640 4755 Diabolus
1659 4701 1732 4756 enim
1756 4718 1898 4773 nunquam
1915 4702 1944 4756 in

252 4786 365 4842 diaboli
380 4803 456 4840 mors
478 4787 596 4841 intrauit
619 4787 651 4840 in
666 4789 809 4843 mundam.
863 4787 995 4853 Quamvis
1021 4805 1087 4844 vero
1112 4786 1237 4841 homines
1266 4785 1366 4841 habuit
1394 4785 1548 4856 legitimum
1578 4785 1693 4858 aliquod
1716 4787 1866 4843 dominium
1880 4790 1944 4860 jure

252 4872 323 4931 liber
340 4872 499 4945 Sapientiae
521 4890 577 4929 nou
603 4872 640 4927 sit
660 4874 690 4928 in
709 4889 829 4938 canone,
858 4891 892 4929 ac
917 4876 1034 4946 proinde
1049 4877 1086 4931 ad
1112 4873 1149 4928 ad
1168 4873 1259 4944 ipsum
1280 4872 1428 4943 pertinens,
1446 4872 1495 4927 sed
1511 4873 1588 4929 Deus
1605 4875 1700 4944 justus
1714 4875 1801 4945 judex
1819 4874 1944 4931 homiues

252 4961 318 5017 fidei
338 4959 470 5032 dogmata
487 4957 677 5014 confirmanda
687 4960 778 5015 minus
791 4959 897 5030 efficax,
916 4966 1009 5017 tamem
1022 4979 1086 5018 cum
1112 4965 1226 5031 propter
1250 4963 1397 5030 peccatum
1420 4958 1531 5014 diabolo
1554 4966 1688 5031 tanquam
1710 4958 1832 5015 carnifici
1856 4969 1944 5017 morte

252 5049 320 5104 hacc
353 5046 469 5103 mutio
494 5045 643 5101 canonicae
671 5045 825 5118 scripturae
856 5047 1019 5104 testimoniis
1051 5049 1088 5104 sit
1113 5046 1288 5101 mulctandos
1306 5045 1430 5100 tradidit.
1458 5046 1580 5103 Proinde
1600 5046 1672 5101 sicut
1690 5052 1826 5118 manuus
1838 5048 1942 5104 destrui

252 5136 327 5193 omni
348 5150 382 5190 ex
400 5140 479 5206 parte
497 5149 635 5204 congrua,
660 5131 723 5188 ideo
742 5132 839 5188 merito
856 5133 940 5188 ctiam
958 5134 995 5189 ad
1012 5134 1086 5189 hunc
1112 5131 1221 5198 dicitur,
1241 5132 1352 5204 quando
1368 5138 1507 5203 potestate
1522 5135 1669 5205 tyrannica
1686 5135 1824 5206 privatur,
1849 5152 1943 5207 qaam-

252 5223 343 5278 locum
361 5227 393 5276 ut
409 5218 604 5276 secundariam
621 5217 831 5273 fundamentum
843 5218 969 5277 refertur.
1000 5220 1087 5278 Note·
1112 5218 1153 5272 vis
1185 5219 1245 5290 ipsc
1271 5219 1300 5273 in
1330 5219 1401 5273 vivis
1426 5220 1619 5292 relinquatur,
1648 5221 1688 5276 sic
1708 5219 1833 5276 Christus
1860 5223 1942 5277 etiarn

251 5316 298 5364 tur
315 5315 410 5364 autem
425 5306 569 5379 oppositio.
603 5305 680 5360 Deus
697 5304 809 5376 quidem
826 5306 931 5360 creavit
947 5306 1085 5362 hominem
1111 5305 1214 5361 dicitur
1232 5305 1401 5362 destruxisse
1416 5307 1557 5363 diabolum
1571 5307 1666 5362 mortis
1678 5307 1824 5378 imperium
1840 5309 1943 5364 hahen-

252 5393 293 5451 ἐπ’
318 5396 482 5470 ἀφθαρσίᾳ,
509 5398 542 5449 ut
565 5391 687 5464 potuerit
709 5407 770 5448 csse
799 5391 888 5447 omnis
913 5393 1085 5464 corruptelas
1111 5397 1177 5462 tenu
1197 5392 1264 5465 qaia
1282 5393 1343 5463 ejus
1363 5410 1480 5466 regnum
1498 5399 1527 5449 et
1546 5393 1690 5466 imperium
1710 5394 1860 5460 destruxit,
1877 5396 1943 5451 dum

251 5498 285 5537 ac
302 5483 397 5540 mortis
413 5495 520 5554 expers,
539 5479 588 5536 scd
607 5475 719 5543 diaboli,
737 5478 785 5549 qui
809 5484 852 5534 est
868 5475 1009 5542 ἄσπονδος
1027 5479 1084 5535 Dei
1110 5496 1162 5536 sus
1190 5486 1278 5537 morta
1306 5480 1432 5538 homines
1459 5500 1478 5537 a
1507 5487 1642 5549 potestate
1663 5482 1766 5539 diaboli
1791 5499 1825 5538 ac
1848 5482 1943 5539 mortis
