4104 6014
842 304 895 361 Du
918 304 1058 364 MORTE.
1755 317 1794 374 ῃ

100 461 211 532 lapsum
237 478 289 533 per
316 466 445 518 naturam
477 467 537 518 erat
554 460 717 530 memtislis,
741 466 877 534 perpetus
906 465 935 516 et
961 460 995 516 lis
1015 461 1169 519 mortalitas
1187 480 1221 520 er
1237 468 1354 535 peccato
1372 470 1434 522 orta
1453 470 1512 535 est,
1532 471 1566 520 ut
1585 469 1749 536 argumente
1768 463 1798 521 in

100 546 302 604 indissolubilis
326 548 399 604 iuter
420 548 542 605 animam
570 555 598 605 et
621 566 721 620 corpus
742 548 815 607 unio.
852 548 934 603 Ratio
961 549 1082 605 medium
1111 551 1234 608 adducta
1260 554 1402 608 evincunt.
1439 553 1518 609 Ηιοο
1548 554 1611 619 duo,
1636 552 1798 607 mortalias

98 634 204 706 pendet
231 651 265 690 ex
299 633 354 691 fine
386 635 491 691 conditi
524 635 650 693 hominis.
700 635 807 693 Anima¹
828 651 847 690 ι
872 633 934 689 Deo
961 635 1078 703 (renone
1094 638 1235 708 potentiae
1262 639 1447 711 propinquae)
1473 646 1502 695 st
1531 655 1621 703 mors,
1657 654 1709 693 nec
1732 641 1797 694 ante

100 726 224 777 creatore
245 721 287 776 sic
308 720 422 776 condita
441 728 514 790 erat,
539 727 572 776 ut
594 739 651 777 non
675 721 764 776 solum
781 722 843 792 ipss
861 725 935 776 esset
961 721 1077 791 lapsum,
1097 738 1149 777 nec
1168 730 1233 794 post
1261 724 1369 794 lapsum
1387 725 1498 795 sejungi
1514 730 1644 795 possunt,
1663 723 1712 779 sed
1731 723 1797 780 ada·

99 806 277 874 immortalis,
296 807 345 862 sed
365 807 449 862 etiam
470 813 503 862 ut
524 807 554 863 in
573 807 696 879 corporis
717 806 856 863 domicilio
873 823 934 878 per·
962 809 1086 863 mantino
1103 809 1221 865 invicem
1240 809 1314 866 inter
1337 829 1368 867 se
1388 829 1461 868 nexu
1484 811 1641 868 cohaerent.
1678 811 1733 876 Qui
1753 815 1797 866 eet

98 897 215 964 potuum
232 891 378 958 habitaret,
398 892 463 965 quia
479 910 535 950 non
547 893 733 950 constituebat
750 908 798 962 per
818 909 848 947 se
863 891 934 948 entis
961 894 1091 965 mortun,
1109 895 1186 949 illam
1206 902 1317 966 oportet
1336 898 1449 953 tandmn
1462 897 1521 953 ficri
1541 898 1622 952 morti
1636 896 1795 967 obnoxium,

100 979 220 1051 speciem
251 979 431 1049 completam,
462 979 512 1035 sed
536 996 593 1036 una
621 996 684 1036 cum
710 995 825 1050 corpore
852 982 881 1033 et
904 978 934 1031 in
961 979 990 1035 id
1012 981 1088 1050 quod
1116 999 1150 1037 er
1175 982 1236 1052 ipsa
1265 983 1477 1039 commiuatione
1499 984 1593 1040 dimna
1617 982 1796 1055 intelligitur:

99 1081 214 1137 corpore
231 1064 371 1137 integrum
398 1082 432 1121 ac
455 1065 609 1136 perfectum
634 1065 781 1122 hominem.
824 1068 869 1121 10.
887 1066 934 1119 Ec
965 1066 1133 1137 Quocunque
1151 1070 1198 1122 die
1215 1085 1248 1124 ec
1266 1071 1319 1124 loc
1334 1072 1436 1126 arbore
1454 1069 1615 1138 comederis,
1635 1078 1724 1125 morte
1738 1086 1796 1122 mo·

100 1153 290 1207 obeundorum
322 1153 521 1208 comemstione.
576 1151 607 1210 si
635 1151 739 1223 primus
768 1151 850 1207 homo
884 1166 936 1222 per
962 1153 1053 1208 cieris.
1088 1155 1149 1215 Aut
1169 1157 1237 1211 mori
1250 1155 1390 1228 significat
1406 1162 1472 1213 actu
1491 1156 1585 1213 statim
1602 1157 1664 1228 ipso
1677 1155 1797 1221 interire,

100 1245 228 1293 nuaram
248 1237 302 1294 fuit
318 1237 442 1294 mortalis
456 1254 490 1294 ιο
504 1237 586 1294 morti
600 1238 745 1302 obnoxius,
763 1253 934 1309 consequens
963 1239 992 1294 in
1021 1238 1083 1310 ipso
1112 1240 1160 1295 illo
1179 1250 1331 1307 momento,
1348 1260 1403 1315 qno
1432 1249 1578 1314 peccatum
1608 1240 1797 1309 committitur,

99 1324 193 1390 luerit,
211 1324 452 1381 comminationem
470 1326 567 1380 mortis
584 1325 674 1396 primo
691 1323 795 1379 homini
813 1323 935 1394 proposi·
961 1325 1108 1397 exstingui,
1122 1333 1172 1382 aut
1184 1328 1328 1384 mortalem
1339 1327 1399 1382 fieri
1413 1334 1441 1384 et
1453 1329 1483 1382 in
1492 1329 1570 1383 illum
1584 1332 1687 1383 statum
1698 1326 1797 1399 redigi,

100 1416 159 1466 tam
177 1410 265 1467 faisse
282 1411 364 1468 ἰιιιιιιο
383 1411 655 1478 terriculamentum,
677 1417 791 1466 mortem
812 1426 868 1465 nou
886 1426 936 1480 per
962 1418 993 1467 ut
1010 1413 1091 1466 morti
1108 1412 1243 1468 obnoxius
1260 1414 1393 1469 reddaris
1436 1414 1467 1468 Si
1485 1413 1570 1486 prius,
1589 1412 1794 1470 comminationi

100 1497 234 1553 invidiam
253 1497 356 1554 diaboli
375 1504 404 1554 et
419 1515 471 1568 per
488 1496 606 1553 hominis
631 1503 791 1568 peccatum,
818 1496 868 1551 sed
885 1512 936 1566 per
963 1498 1073 1556 divinae
1091 1517 1146 1555 non
1170 1501 1309 1556 constabit
1332 1518 1383 1557 sua
1399 1501 1509 1559 veritas.
1554 1501 1629 1573 Ergo
1649 1502 1794 1570 posterius.

100 1589 230 1639 naturam
253 1583 347 1640 aDeo
373 1584 512 1640 conditam
536 1584 565 1639 in
591 1584 724 1640 mundum
747 1584 879 1652 inmense,
902 1599 936 1638 ac
964 1584 1047 1641 Unde
1063 1584 1255 1642 Theodoretus
1275 1586 1361 1642 verbe
1379 1586 1613 1651 comminationis,
1632 1595 1719 1641 morte
1736 1605 1794 1641 mo-

101 1669 217 1740 proinde
248 1671 332 1726 etiam
358 1670 449 1726 Deum
478 1675 594 1726 mortem
622 1670 735 1735 iecisse,
772 1673 934 1742 prodromos
960 1671 1060 1740 rierr's,
1091 1672 1130 1727 sic
1153 1672 1366 1743 interpretetur,
1395 1675 1525 1729 mortalis
1553 1674 1610 1728 eris
1629 1680 1654 1728 et
1673 1674 1795 1742 sinpnlslr

101 1755 197 1813 mortis
214 1756 322 1813 dolores
341 1764 370 1812 ct
387 1756 498 1813 morbos
518 1756 621 1814 homini
639 1763 703 1812 ante
721 1759 831 1827 lapsum
851 1756 935 1812 mole·
961 1757 1060 1812 diebus
1079 1766 1194 1814 mortem
1214 1761 1394 1828 exspectabis.
1426 1760 1531 1825 Quodsi
1551 1776 1618 1829 ergo
1633 1776 1667 1816 ex
1679 1767 1794 1816 naturae

103 1849 160 1899 etos
175 1842 276 1909 faisse,
301 1861 365 1898 cum
388 1843 480 1914 posito
504 1848 689 1915 consequente
711 1849 831 1915 ponetur
851 1841 934 1898 etiam
960 1843 1129 1915 proprietate
1137 1845 1797 1918 primushomomortalisfuissetacpropinquam

104 1929 285 2001 antecedens,
308 1935 424 1986 mortem
441 1947 497 1986 non
522 1947 582 1986 csse
599 1937 715 1986 natum
734 1929 871 1984 humanae
889 1928 935 1983 dc·
961 1929 1056 1986 mortis
1074 1931 1225 2001 potentiam
1242 1932 1271 1986 in
1282 1948 1312 1988 se
1324 1932 1475 2002 habuisset,
1493 1933 1590 2004 utique
1607 1932 1656 1987 illu
1673 1933 1797 2003 potentia

104 2017 275 2088 masuram,
294 2018 344 2074 sed
359 2017 452 2088 potius
467 2017 694 2081 conservativam,
712 2033 776 2072 cum
791 2021 891 2070 natura
907 2021 936 2071 et
961 2017 1095 2073 naturalis
1105 2021 1123 2072 ι’
1134 2018 1225 2073 musis
1234 2018 1445 2074 naturalibusin
1456 2025 1549 2075 actum
1560 2018 1797 2086 deductaiuisset,

105 2104 231 2159 naturam
251 2120 306 2159 uon
323 2104 451 2161 intendat
468 2103 511 2159 sui
530 2102 741 2175 corruptionem,
759 2102 809 2159 sed
827 2117 935 2157 conscr-
961 2103 1119 2175 acproinde
1138 2103 1224 2160 etiam
1240 2104 1303 2176 ipsa
1321 2104 1456 2160 moriendi
1473 2105 1624 2161 necessitas
1643 2105 1673 2161 iu
1684 2104 1795 2161 homine

103 2190 257 2257 radonem,
283 2190 423 2247 Christum
448 2190 541 2262 ipsum
568 2190 651 2246 etiam
676 2189 840 2244 naturaliter
866 2187 936 2243 mori
960 2196 1026 2246 ante
1045 2191 1153 2262 lapsum
1171 2190 1262 2246 locum
1278 2190 1429 2260 habuisset
1447 2191 1520 2248 unde
1540 2191 1722 2248 Socinussibi
1739 2191 1796 2264 ipsi

106 2275 235 2332 debuisse
251 2281 304 2333 stc.
341 2276 397 2333 Sed
416 2276 486 2332 haec
513 2275 606 2331 omnia
623 2282 689 2330 sunt
713 2275 848 2340 absurda,
869 2291 936 2347 ergo
960 2276 1151 2332 contradicens
1163 2277 1192 2331 in
1204 2278 1306 2348 scripto
1318 2285 1415 2334 contra
1427 2278 1561 2334 Paccium
1576 2296 1606 2349 p.
1618 2284 1676 2335 201.
1692 2278 1795 2334 diserte

106 2368 134 2419 et
149 2363 229 2432 illud,
248 2380 280 2420 ex
298 2380 353 2436 quo
371 2363 440 2418 talia
458 2368 673 2435 consequuntur.
709 2362 856 2433 (lonjungs
873 2377 936 2416 exa·
961 2363 1066 2432 scribit,
1077 2363 1277 2417 mortalitatem
1285 2363 1367 2417 illam
1379 2364 1643 2419 Adamiennataro
1657 2363 1794 2429 materiei,

106 2466 168 2505 men
185 2465 308 2506 errorum
325 2449 555 2504 Photinianorum
572 2451 607 2506 de
627 2456 702 2506 statu
721 2447 888 2520 integritatis
909 2454 938 2504 et
963 2467 996 2504 ec
1008 2467 1065 2519 qua
1078 2457 1190 2504 creatas
1201 2450 1267 2518 fuit,
1279 2450 1609 2519 necessarioprorenisse
1622 2458 1650 2506 et
1663 2454 1796 2522 pugilli.

104 2535 212 2608 peccati
228 2534 336 2591 Hunnii
363 2534 457 2591 hamis
480 2533 569 2591 nostri
593 2535 623 2589 in
648 2535 757 2591 Christo
784 2532 938 2591 honorandi
964 2535 1161 2591 mormanno
1185 2551 1236 2590 sea
1259 2535 1522 2605 comumnhilitotem
1545 2544 1676 2592 terrenae
1703 2537 1799 2591 condi·

105 2627 134 2680 et
152 2622 368 2695 dispulsdomm
387 2622 553 2679 Derschorii
576 2622 660 2678 amici
676 2622 763 2678 noemi
790 2620 939 2694 singularis
965 2624 1043 2691 sioni,
1062 2639 1134 2692 puae
1151 2623 1265 2677 Adamo
1283 2638 1393 2692 seraper
1405 2623 1531 2694 propria
1548 2624 1620 2689 snit,
1639 2623 1798 2678 ιοοιιοινὲο

107 2709 141 2767 dc
158 2710 277 2766 immun.
296 2709 379 2780 primi
396 2708 529 2773 hominis,
558 2725 590 2764 ac
613 2708 685 2764 refer
701 2709 829 2764 adhunc
847 2707 937 2764 locum
965 2709 1126 2766 inhaesisse.
1170 2707 1277 2780 Utique
1300 2724 1367 2781 crgo
1393 2726 1450 2765 non
1466 2709 1555 2765 solum
1574 2709 1709 2765 natumlis
1729 2727 1798 2765 mor·

107 2796 184 2852 dicta
211 2795 319 2867 piorum
341 2802 473 2853 veterum
497 2795 673 2867 Augustinus
695 2795 741 2852 lib.
767 2803 807 2852 13.
827 2796 860 2851 de
887 2795 939 2851 civ.
965 2797 1075 2864 telitas,
1094 2795 1144 2850 sed
1168 2794 1251 2850 etiam
1271 2795 1406 2851 moriendi
1423 2796 1573 2851 necessitas
1592 2795 1646 2851 fuit
1662 2795 1692 2849 in
1710 2795 1799 2867 primo

105 2882 158 2939 Dei
189 2899 251 2954 cap.
286 2888 334 2940 15:
378 2884 458 2937 Inter
490 2881 681 2944 Gbrmnanos,
720 2883 770 2953 qui
803 2883 941 2938 verantes
965 2883 1075 2939 homine
1104 2886 1168 2938 ante
1199 2882 1316 2952 lapsum
1370 2882 1410 2936 At
1440 2882 1492 2936 hoc
1521 2881 1614 2952 ipsum
1645 2881 1798 2937 manifestis

106 2969 274 3026 catholicam
291 2969 376 3033 fidem
402 2975 510 3039 tenem,
526 2976 651 3039 constat,
669 2970 753 3024 etiam
770 2971 862 3040 ipsam
880 2988 940 3024 cor·
966 2969 1125 3042 Scripturas
1153 2967 1235 3024 dictis
1252 2984 1286 3024 ιο
1313 2967 1436 3040 ipsorum
1459 2967 1686 3024 Photinianoram
1710 2968 1796 3039 hypo-

104 3055 186 3126 pors's
215 3063 332 3110 mortem
360 3073 415 3110 non
447 3055 596 3125 contigisse
623 3055 702 3109 nobie
726 3055 787 3124 lepe
812 3065 941 3125 naturae,
968 3057 1040 3113 thesi
1078 3055 1248 3113 adversatur.
1303 3053 1425 3111 Proinde
1460 3055 1536 3128 quod
1563 3055 1682 3112 Socinus
1717 3052 1792 3115 dicit,

107 3144 159 3197 sed
183 3143 284 3198 merito
309 3143 446 3212 inflictam
471 3158 529 3195 csse
549 3142 676 3211 peccati,
704 3141 772 3210 quia
793 3150 941 3211 peccatum
968 3144 1125 3211 naamam,
1150 3143 1178 3195 ei
1197 3143 1227 3195 in
1251 3150 1327 3197 mata
1349 3143 1521 3211 intepritatis
1544 3150 1669 3196 mortuus
1679 3141 1797 3207 suaset,

76 3234 78 3239 '
106 3229 260 3284 nendicans
278 3230 357 3283 Deus
382 3229 454 3282 debit
467 3229 564 3298 primo
592 3227 712 3293 homini,
739 3229 770 3281 in
794 3246 849 3297 quo
877 3237 941 3282 tanc
968 3231 996 3284 in
1022 3230 1109 3283 odom
1131 3247 1151 3283 a
1169 3229 1232 3284 Deo
1255 3229 1387 3283 revocari
1412 3246 1446 3282 ac
1464 3228 1650 3282 immortalem
1668 3226 1734 3292 fieri
1749 3242 1799 3293 po·

108 3333 201 3370 omncs
219 3332 345 3383 mamus,
372 3323 448 3368 terra
467 3331 497 3368 es
527 3321 554 3368 et
576 3314 607 3368 in
633 3322 739 3368 terram
762 3315 823 3371 ibis.
844 3314 890 3371 lib.
908 3316 942 3370 de
968 3317 1053 3370 tuisse
1059 3357 1067 3385 ,
1090 3315 1120 3369 in
1137 3332 1170 3371 co
1195 3320 1224 3370 ct
1243 3315 1363 3382 veritati,
1382 3320 1411 3370 et
1429 3313 1481 3368 sibi
1500 3313 1553 3386 ipsi
1571 3312 1720 3369 somnone
1737 3328 1800 3366 con·

107 3403 306 3476 praedestinat.
324 3408 354 3458 ct
380 3403 472 3474 gratia
496 3419 556 3474 cap.
576 3408 605 3458 ³:
643 3403 726 3456 Mors
746 3420 801 3456 non
822 3410 942 3456 naturae
969 3402 1094 3467 tradicit,
1119 3402 1142 3456 si
1162 3401 1235 3455 enim
1255 3401 1317 3472 ipsa
1334 3417 1406 3455 mors
1425 3405 1468 3457 est
1486 3417 1504 3454 a
1517 3404 1649 3470 peccato,
1667 3406 1698 3453 ut
1717 3397 1800 3452 docet

107 3490 232 3545 οοιάίιίο
252 3498 302 3555 est,
328 3492 380 3544 sed
400 3506 494 3559 poena
515 3490 635 3562 pcccati.
661 3487 708 3543 lib.
736 3493 758 3547 1.
775 3487 941 3561 hypognost.
968 3489 1069 3545 veritus
1093 3494 1121 3543 et
1145 3487 1272 3543 concedit
1288 3487 1420 3557 Socinus,
1448 3487 1586 3557 quomodo
1604 3502 1706 3557 quaeso
1726 3484 1801 3538 Ada-

105 3578 171 3634 circ.
191 3575 278 3632 med:
310 3577 345 3630 Ut
371 3576 528 3630 ιιινίιιιιν
555 3576 688 3645 homines,
711 3592 807 3646 poena
832 3576 945 3647 peceati
969 3592 1029 3629 mus
1047 3575 1077 3628 in
1096 3577 1170 3628 statu
1189 3572 1358 3642 integritatis
1382 3573 1419 3628 ab
1446 3572 1520 3627 omni
1538 3577 1653 3643 peccato
1671 3571 1800 3626 immunis

108 3671 167 3733 est,·
186 3671 217 3717 nt
237 3669 412 3717 revertantur
424 3664 465 3715 ad
474 3662 570 3732 eitam,
588 3663 709 3716 Domini
719 3662 879 3716 miserantis
894 3671 942 3718 est.
969 3661 1118 3731 persistens
1146 3665 1270 3713 mortuus
1292 3657 1407 3713 fuisset?
1434 3666 1476 3714 est
1504 3657 1556 3712 hoc
1585 3656 1743 3729 oppositum
1772 3657 1802 3712 in

109 3749 301 3807 Talmedistse
321 3766 355 3805 ιο
375 3747 534 3805 cabalistas
547 3749 576 3803 in
595 3748 666 3804 libro
680 3747 830 3804 Schemoth
843 3748 944 3805 Rsbba
969 3747 1104 3818 apposito.
1140 3744 1221 3810 Quod
1237 3762 1302 3802 vero
1320 3746 1433 3816 asserit,
1452 3748 1605 3810 Asianum,
1622 3745 1650 3798 ei
1666 3762 1721 3799 non
1735 3761 1802 3813 psc-

107 3854 192 3910 snper
218 3837 304 3894 Exod.
325 3841 367 3905 21,
385 3853 410 3891 v.
431 3840 454 3892 1.
481 3834 615 3890 rationem
630 3834 766 3903 reddunt,
791 3852 840 3891 cur
859 3834 944 3889 dictio
970 3842 1072 3901 caecet,
1106 3831 1232 3902 quamvis
1262 3840 1367 3887 natura
1398 3833 1555 3898 mortalem,
1582 3850 1601 3884 n
1627 3838 1716 3883 morte
1744 3831 1803 3884 Dei

106 3923 266 3995 tholedoth‚
288 3921 317 3977 id
345 3928 388 3978 est
410 3921 603 3994 generationes
626 3921 656 3975 ia
681 3922 816 3976 universis
841 3921 944 3990 bibliis,
971 3920 1101 3985 beneficio
1120 3919 1282 3974 conseruari
1294 3920 1431 3990 potuisse,
1448 3918 1518 3973 illud
1536 3917 1668 3988 ambigue
1684 3915 1803 3979 dicitur,-

107 4017 217 4068 tantum
236 4010 280 4066 bis
298 4026 360 4064 cnm
385 4008 467 4080 pleno
494 4024 547 4062 vsu
568 4007 719 4076 scribatur,
747 4007 813 4080 quia
837 4008 944 4063 scilicet
970 4005 1085 4078 proinde
1102 4004 1138 4059 ad
1163 4005 1374 4074 ambiguitatem
1395 4005 1472 4060 illam
1496 4004 1688 4076 explicandam
1708 4018 1742 4059 ιο
1757 4020 1802 4058 re-

109 4102 174 4154 aute
191 4105 336 4167 peccatum
354 4095 434 4151 Adae
452 4112 526 4149 mors
543 4093 668 4149 nondum
688 4092 812 4150 scantin
829 4093 942 4158 mundo,
969 4092 1132 4147 movendam
1150 4092 1255 4147 utimur
1279 4093 1458 4165 sequentibus
1477 4090 1709 4147 distinctionibus.
1747 4090 1801 4144 Im·

110 4184 174 4241 idco
201 4183 272 4240 Gen.
290 4189 321 4251 2,
345 4199 371 4240 v.
394 4188 415 4239 1.
446 4180 527 4253 plene
555 4179 646 4235 adhuc
666 4180 763 4250 scribi,
789 4181 818 4236 in
845 4181 943 4236 cetens
969 4179 1086 4233 mortale
1110 4178 1216 4250 aliquid
1242 4178 1346 4233 dicitur
1367 4179 1540 4250 potissimum
1565 4184 1685 4251 quatuor
1703 4177 1801 4234 modis.

111 4288 176 4328 vero
201 4269 353 4333 defective3
380 4268 446 4341 quis
470 4274 563 4323 autem
586 4272 711 4337 tempore
733 4266 852 4323 Messias
871 4285 943 4323 mors
973 4270 993 4321 1.
1015 4265 1097 4328 Quod
1126 4264 1314 4320 essentialiter
1345 4283 1379 4320 ac
1410 4267 1593 4336 simpliciter,
1623 4263 1749 4318 absolute
1776 4271 1802 4317 et

110 4357 195 4429 plane
214 4355 351 4412 abolenda
363 4363 392 4410 et
412 4354 580 4410 destruenda
597 4353 633 4409 sit
644 4354 671 4407 vi
691 4354 813 4409 vaticinii
822 4355 887 4411 Ειι.
901 4359 943 4419 25,
970 4351 1141 4418 omnimode,
1167 4366 1222 4420 per
1254 4368 1335 4404 mam
1366 4359 1498 4406 amoram
1529 4358 1555 4405 ct
1586 4349 1733 4405 arentiam
1762 4356 1803 4403 est

10 4456 93 4501 uasa
110 4464 136 4501 v.
158 4450 180 4502 8.
200 4444 263 4499 ideo
288 4442 317 4497 in
346 4443 472 4514 ejusdem
492 4440 657 4514 genealogia
683 4440 769 4496 Ruth.
792 4446 822 4509 1,
852 4459 878 4495 r.
906 4446 943 4497 18.
969 4438 1141 4506 immortale,
1170 4436 1223 4491 hoc
1249 4453 1332 4492 sensu
1358 4437 1436 4491 eolus
1461 4439 1540 4492 Dens
1569 4435 1671 4492 dicitur
1700 4436 1803 4490 babere

109 4531 209 4587 iterum
227 4529 308 4600 plene
327 4528 419 4586 scribi.
970 4523 1207 4578 immortalitatem
1233 4523 1313 4580 Rom.
1342 4529 1372 4588 l,
1398 4540 1424 4579 v.
1445 4529 1485 4580 23.
1516 4527 1536 4580 1.
1555 4523 1628 4579 Tim.
1650 4527 1679 4587 l,
1707 4538 1733 4574 v.
1763 4528 1801 4578 l'l.

10 4630 92 4681 nepus
146 4622 187 4673 11.
223 4612 702 4687 ExcipiuntSocinusetOstorodus
717 4613 744 4670 d.
759 4614 777 4670 l.
794 4612 943 4685 (quibusse
971 4627 1031 4681 cap.
1052 4615 1076 4679 6,
1091 4627 1115 4666 r.
1137 4615 1177 4667 16,
1202 4609 1300 4666 Jacob.
1322 4615 1344 4677 1,
1365 4628 1392 4666 v.
1414 4617 1452 4664 lt.
1502 4612 1528 4663 2.
1552 4609 1635 4672 Quod
1653 4625 1686 4663 en
1705 4610 1802 4679 pratia

10 4684 98 4778 2:2³⁹
111 4704 256 4776 conjungit
274 4700 378 4773 Timpl.
397 4700 427 4755 in
445 4700 569 4772 anthrop.
593 4717 617 4755 ο.
639 4705 660 4755 1.
684 4699 773 4771 probl.
796 4701 846 4769 13.)
873 4717 945 4755 com·
971 4697 1122 4751 mentionis
1137 4704 1257 4766 propter
1279 4698 1499 4765 seprepatioaem
1528 4714 1547 4750 a
1570 4696 1705 4764 materia,
1730 4711 1802 4764 meae

112 4790 292 4846 minationem
311 4787 437 4842 diuinam
464 4786 534 4843 Gen.
553 4792 583 4851 1,
608 4804 633 4842 v.
665 4792 703 4842 11.
726 4804 760 4840 ac
777 4787 944 4841 sententiam
971 4783 1161 4853 coemptionis
1185 4782 1256 4837 solet
1286 4800 1344 4836 esee
1370 4784 1470 4849 radio,
1509 4790 1550 4835 est
1580 4780 1803 4850 incorruptibile.

111 4876 297 4947 apostolicam
317 4874 397 4930 Rom.
417 4881 449 4944 5,
476 4889 502 4928 v.
525 4878 561 4929 12.
590 4874 785 4943 coaptandam
811 4889 870 4927 esse
888 4890 943 4927 non
971 4870 1012 4924 Eo
1030 4869 1112 4925 modo
1131 4868 1224 4940 angeli
1243 4875 1272 4924 et
1288 4868 1396 4924 animae
1419 4869 1569 4936 humanae,
1598 4872 1695 4939 utpote
1713 4883 1803 4924 essen·

66 5024 69 5028 ,
112 4961 148 5017 de
165 4962 294 5017 actardi
310 4961 498 5028 mortalitate,
524 4959 575 5012 sed
592 4960 627 5012 cle
645 4959 708 5029 ipsa
727 4966 816 5013 morte
833 4977 867 5015 oc
886 4977 943 5013 mo·
970 4957 1026 5011 tiae
1044 4953 1125 5010 ἄϋιοι
1143 4962 1172 5010 et
1189 4955 1320 5011 materiae
1344 4955 1433 5010 omnis
1451 4960 1577 5025 expertes
1597 4954 1765 5009 immortales
1786 4971 1804 5009 a

107 5049 380 5104 riendinecessitate.
404 5047 524 5101 Poterat
532 5045 677 5116 (inquiunt)
690 5046 828 5111 Adamas,
846 5047 873 5102 si
889 5064 944 5100 non
971 5043 1031 5098 Deo
1051 5049 1116 5096 sunt
1143 5042 1281 5099 conditae.
1318 5040 1449 5110 Quemvis
1475 5042 1547 5096 enim
1575 5039 1669 5095 anime
1686 5037 1804 5094 hominis

106 5143 265 5205 peccasset,
290 5134 418 5204 qumnoie
440 5139 545 5186 natura
566 5132 709 5200 mortalis,
736 5148 754 5183 a
778 5140 865 5187 morte
884 5134 944 5187 Dei
970 5129 1079 5200 corpori
1108 5126 1281 5200 corruptibili
1310 5128 1437 5196 uniatur,
1466 5131 1560 5182 umen
1590 5131 1703 5197 propter
1725 5124 1802 5179 illam

111 5221 242 5287 beneficio
271 5219 448 5288 conservari,
481 5219 524 5273 nel
552 5217 580 5271 si
612 5226 737 5271 mmtuns
765 5218 883 5285 fohem,
913 5219 943 5273 in
971 5216 1100 5271 unionem
1135 5230 1169 5269 ac
1210 5212 1442 5268 consumationem
1479 5230 1530 5268 nec
1563 5211 1713 5268 materialis
1750 5228 1803 5267 nec

107 5305 499 5376 ritamalignondorerocari
507 5303 846 5374 atmmimmortalisfieri.
875 5306 944 5358 Pec·
970 5300 1157 5394 corruptibilis
1186 5316 1219 5355 ac
1256 5297 1378 5355 mortalis
1405 5297 1540 5355 redditur.
1585 5302 1613 5353 3.
1636 5297 1717 5361 Quod
1749 5314 1804 5368 per

109 5401 200 5448 catum
212 5390 944 5461 iqe'turnonmortals'tatshnoturalis,sedneceesariae
969 5391 1030 5445 Dei
1050 5388 1207 5459 potentiam
1233 5395 1259 5441 et
1287 5387 1438 5458 specialem
1462 5387 1668 5440 ordinationem
1693 5387 1803 5451 factam

109 5479 207 5535 mortis
232 5496 319 5535 causa
335 5479 409 5547 fuit.
454 5468 678 5548 Respondemus:
712 5474 768 5532 imo
794 5492 859 5532 vero
887 5491 943 5530 non
971 5484 1010 5532 cst
1041 5475 1272 5546 incorruptibile,
1300 5473 1427 5544 quemme
1454 5474 1484 5527 in
1513 5490 1543 5527 se
1573 5482 1600 5527 et
1623 5490 1676 5528 suo
1698 5480 1802 5528 amuco

110 5571 218 5622 tuntum
236 5563 371 5623 moriendi
386 5563 553 5638 necessitas,
576 5562 626 5624 sed
649 5562 712 5638 ipsa
730 5562 813 5621 etiam
830 5569 940 5619 natura-
972 5562 1194 5629 amancium,
1228 5561 1267 5616 sit
1298 5561 1419 5616 mortale
1452 5577 1486 5616 ac
1515 5559 1707 5633 corruptibile.
1755 5558 1803 5616 Sia
