4104 6014
234 293 291 348 uo
823 244 1337 337 nocosmcnsnrussnxuus

229 441 285 500 tus,
303 435 376 491 sicut
395 435 521 490 Elisseus
540 434 680 504 duplicem
691 433 770 489 Elias
789 434 915 505 spiritum
932 432 985 488 sibi
1004 428 1066 485 dari
1094 429 1235 485 lominum
1247 433 1486 502 alicubijaceant,
1504 433 1626 489 circata
1640 436 1762 504 midam,
1779 437 1831 490 sed
1842 434 1931 489 multo

231 522 387 592 exoptabat.
444 522 488 575 Ac
516 526 635 576 testatur
661 537 705 575 res
740 521 815 591 ipsa,
851 519 1007 575 iohannem
1036 517 1066 569 in
1093 518 1209 582 pravius
1232 526 1316 586 atque
1340 520 1526 573 vehementius
1543 537 1627 588 quam
1649 538 1746 575 somno
1765 521 1825 574 suis
1843 520 1929 574 sensi·

230 608 325 662 multis
347 607 436 662 Ellam
463 608 644 678 expressisse,
675 611 792 676 uterque
814 606 843 659 in
869 621 962 660 memo
989 603 1067 664 vixit.
1095 601 1145 655 lto
1171 603 1317 660 amantis.
1367 605 1581 658 Pbontastiaum
1610 614 1703 660 andem
1735 607 1813 661 illud
1844 605 1933 658 uelud

231 701 348 764 uterque
367 709 436 749 zona
455 693 575 763 pellicea
598 692 706 746 cinctus
731 691 797 756 fnit,
821 698 938 761 uterque
966 704 1067 759 magno
1094 697 1275 756 corporatum
1302 691 1331 743 in
1357 691 1481 759 alicujus
1505 692 1640 745 animalis
1670 692 1767 762 effipia
1790 698 1932 762 appareat

233 781 292 835 nelo
318 796 399 850 reges
426 784 574 849 peccantes
591 777 765 848 objurgavit,
798 783 916 848 uterque
949 754 1081 847 pseudo-l
1094 775 1221 828 semibus
1249 776 1368 839 alienae,
1396 777 1519 844 talisque
1549 778 1633 831 etiam
1666 780 1721 832 sibi
1760 779 1841 832 teme
1871 794 1932 831 aare

232 865 374 937 prophetis
403 865 504 920 acriter
534 879 564 919 se
593 863 740 935 opposuit,
770 869 887 934 uterque
912 880 931 916 a
955 847 1326 932 regibusloideatur,eicut
1342 862 1410 915 talis
1428 862 1484 915 sibi
1499 863 1593 916 mderi
1606 872 1702 932 posset
1721 864 1752 917 in
1769 865 1885 926 somnis,
1904 871 1932 917 et

233 951 378 1006 divexatus
396 951 451 1006 luit
468 957 520 1005 stc.
1090 953 1212 1015 portare
1241 964 1343 1016 onera,
1369 965 1443 1017 quae
1467 966 1554 1002 onera
1579 951 1607 1002 si
1631 968 1700 1006 cera
1716 958 1781 1004 sunt
1799 967 1933 1020 corpora,

271 1043 328 1094 158.
364 1042 388 1094 3.
419 1034 566 1104 Exemplis
597 1035 766 1103 Scriptmae
796 1033 905 1087 addunt
934 1031 1069 1085 tutans
1091 1039 1247 1099 portantur
1275 1052 1294 1087 a
1325 1036 1522 1103 daemonibus,
1549 1044 1580 1088 ut
1603 1036 1747 1090 illudatur
1766 1036 1932 1100 bominibus,

231 1124 376 1192 profanae
406 1122 442 1177 de
470 1120 663 1189 lpcantlrropr's
691 1135 725 1172 ex
743 1118 812 1174 Olao
825 1117 937 1188 Magno.
970 1116 1068 1187 Augu-
1089 1118 1201 1185 partim
1224 1135 1293 1174 uera
1318 1137 1432 1174 onemm
1449 1138 1585 1190 corpora,
1612 1123 1721 1191 partim
1743 1123 1931 1189 iumentorum

179 1213 189 1222 '
234 1208 322 1263 atinus
349 1208 397 1263 lib.
428 1213 467 1264 18.
484 1208 519 1261 de
540 1207 589 1262 civ.
608 1204 663 1260 Dei
679 1222 704 1259 c.
727 1209 774 1263 16.-
805 1202 954 1258 Diomedis
977 1202 1069 1256 socios
1095 1204 1176 1267 salsa
1203 1207 1387 1260 cernentibus.
1433 1206 1478 1263 De
1495 1206 1654 1262 volucribus
1672 1207 1833 1262 Diomedeis
1853 1207 1931 1271 dicit,

232 1297 264 1351 in
283 1295 513 1363 eoleeessdne
530 1311 677 1349 conuersos
691 1310 747 1346 non
759 1292 1068 1361 sabulosopoeticoque
1095 1307 1144 1343 aas
1167 1309 1223 1344 noa
1248 1293 1363 1346 mutatis
1385 1293 1542 1346 bominibus
1559 1294 1672 1359 saclas,
1701 1297 1754 1348 sed
1779 1293 1930 1347 subtractis

231 1383 393 1451 mendacio,
424 1382 476 1435 sed
507 1380 642 1434 listcmco
678 1378 853 1433 attestatione
893 1378 1067 1444 confirmant.
1093 1377 1185 1440 fuisse
1202 1378 1378 1448 supposdas,
1405 1379 1478 1433 sicrst
1502 1396 1585 1433 cerea
1605 1398 1661 1449 pro
1679 1381 1830 1449 Iphigenia
1853 1380 1930 1448 repis

229 1485 254 1524 c.
276 1474 321 1523 17:
349 1469 413 1521 Hoc
439 1468 531 1522 Varro
559 1474 590 1519 ut
606 1468 752 1532 adstruat,
783 1469 980 1517 commemorat
1005 1461 1067 1515 alia
1094 1463 1314 1530 Apamcmnonis
1328 1465 1403 1529 filia,
1420 1466 1595 1534 nequeenim
1609 1466 1791 1520 doemonibus
1811 1466 1929 1534 judicio

229 1572 286 1609 non
311 1555 402 1607 minus
430 1552 612 1607 incredibilia
632 1553 668 1604 de
688 1568 773 1620 mapa
792 1550 847 1604 illa
871 1549 1066 1616 famosissimo
1094 1547 1155 1601 Dei
1168 1549 1319 1616 permissis
1338 1550 1503 1618 hujusmodi
1516 1552 1692 1620 praestiqias
1711 1551 1849 1618 difficiles
1869 1567 1929 1605 esee

231 1641 321 1709 Circe,
340 1654 411 1710 quae
429 1639 521 1692 sodor
542 1636 649 1705 Ulpssis
667 1637 785 1690 mutant
811 1636 842 1689 in
861 1636 1013 1701 tertiaeet
1030 1635 1066 1687 ds
1089 1635 1226 1701 potense.
1271 1635 1395 1690 isidorus
1412 1635 1460 1691 lib.
1481 1640 1506 1692 8.
1518 1637 1632 1706 emmol
1650 1653 1674 1691 c.
1693 1642 1723 1693 9:
1742 1639 1823 1691 Haec
1833 1638 1929 1692 omnia

230 1727 404 1792 Arcadibus,
422 1725 472 1793 qui
487 1732 563 1777 sorte
583 1722 662 1776 ducti
680 1721 898 1776 transnatabant
921 1720 1065 1789 quoddam
1092 1721 1211 1788 mapicis
1224 1723 1392 1789 praestipiis
1409 1723 1505 1792 potius
1518 1724 1707 1790 fingebantur,
1731 1741 1815 1793 quom
1833 1741 1928 1778 renem

229 1820 360 1882 stopnum
377 1819 462 1880 atque
483 1809 524 1863 ibi
540 1809 768 1863 convertebantur
782 1808 813 1861 in
838 1808 922 1876 lupos
957 1814 984 1858 et
1004 1788 1065 1858 curie
1090 1806 1206 1861 ueritate
1224 1809 1439 1877 complerentur.
1464 1808 1619 1864 Concilium
1627 1811 1811 1881 Ancyranum
1822 1827 1844 1865 c.
1862 1816 1886 1865 1.
1898 1815 1927 1864 et

230 1897 368 1950 similibus
379 1897 458 1964 seris
472 1912 528 1964 per
547 1896 627 1949 allius
645 1895 770 1962 repienis
797 1897 910 1947 deserto
929 1891 1064 1948 sinebant.
1091 1890 1442 1965 habetnraEpisoopietc.
1454 1899 1496 1950 26.
1509 1913 1538 1966 q.
1554 1901 1583 1949 5:
1598 1895 1793 1950 &aaaron
1806 1904 1923 1950 mentem

233 1983 267 2037 Si
284 2000 350 2036 ocra
368 1998 453 2035 carne
470 1999 527 2034 non
544 1988 720 2034 umcerentur
738 1980 871 2043 bumana,
889 1993 990 2031 rursm
997 1983 1064 2046 poet
1091 1979 1280 2048 cujuscunque
1304 1980 1432 2033 mulieris
1456 1983 1574 2050 (sapae)
1598 1984 1703 2050 ceperit
1727 1990 1753 2036 et
1778 1983 1850 2035 laic
1869 1999 1925 2052 per

229 2085 326 2122 amem
344 2085 433 2122 annos
453 2070 549 2121 eodem
566 2074 696 2121 renotata
715 2073 816 2135 stoqno
833 2063 1066 2134 reformabantur
1091 2065 1288 2133 infidelitatem
1311 2067 1368 2120 eibi
1388 2068 1596 2137 srtbjuqaoerit,
1626 2068 1707 2123 illico
1735 2072 1926 2139 transformat

230 2155 261 2208 in
283 2155 415 2209 domines.
460 2153 633 2208 Nominatim
657 2153 742 2206 etiam
765 2151 901 2220 expressit
925 2149 1066 2218 quendam
1091 2165 1122 2204 ss
1146 2152 1177 2204 in
1195 2153 1372 2207 densarum
1389 2155 1497 2222 species
1512 2172 1700 2224 peremturum
1725 2163 1808 2224 atque
1827 2155 1927 2209 simili·

231 2243 447 2308 Demaenetum,
478 2257 539 2294 cum
568 2246 709 2306 gustasset
735 2239 771 2291 de
797 2235 955 2303 sacrificio,
989 2235 1066 2303 quod
1093 2237 1206 2290 tudines
1225 2245 1252 2291 st
1270 2246 1396 2305 mentem,
1416 2257 1503 2309 quam
1519 2242 1662 2309 captiuam
1679 2249 1760 2309 tenet,
1779 2241 1927 2295 insomnis

231 2329 361 2382 Arcades
385 2325 529 2379 immolato
556 2340 645 2394 putero
675 2325 728 2377 deo
756 2340 807 2378 suo
827 2323 938 2388 Lycaeo
966 2320 1065 2385 facere
1093 2323 1240 2392 deludens,
1260 2326 1345 2378 modo
1362 2325 1448 2394 laeta,
1462 2328 1546 2380 mode
1566 2325 1670 2394 tristia,
1688 2327 1772 2381 modo
1792 2327 1928 2395 capnitas,

232 2415 371 2480 solerent,
399 2413 429 2465 in
448 2412 545 2480 lupum
560 2411 652 2475 fuisse
672 2414 807 2465 medatem
822 2414 848 2461 et
865 2425 939 2461 anna
958 2405 1065 2459 admo
1092 2411 1177 2462 modo
1197 2410 1355 2479 incoqnitas
1380 2428 1519 2480 personas
1536 2414 1697 2478 ostendms,
1722 2428 1779 2480 per
1802 2429 1928 2482 qrmeqrsc

229 2501 260 2554 in
279 2502 405 2568 fipurom
425 2497 578 2566 propriam
603 2495 762 2549 restitutum
791 2496 833 2547 ad
851 2493 1012 2563 pups'latum
1036 2505 1065 2543 se
1092 2495 1176 2548 deuia
1193 2496 1306 2550 deducit
1325 2505 1351 2550 et
1370 2514 1433 2550 cum
1449 2499 1528 2553 solcas
1546 2500 1665 2568 spiritus
1684 2500 1736 2554 ltoc
1752 2500 1869 2569 patitrrr,
1886 2500 1928 2553 in·

229 2586 383 2640 concanae
402 2591 428 2636 ct
440 2582 606 2650 Olympiaca
622 2581 721 2634 sicum
740 2579 901 2634 certamine.
937 2593 999 2647 cap.
1021 2580 1066 2632 18:
1091 2580 1186 2643 fidelis
1212 2581 1265 2634 loc
1288 2601 1345 2636 non
1373 2584 1404 2636 in
1421 2584 1525 2648 animo,
1548 2587 1601 2638 sed
1623 2584 1653 2638 in
1679 2601 1800 2656 corpore
1817 2587 1928 2640 euenire

233 2672 302 2730 dem
316 2687 436 2724 essemrrs
448 2668 589 2731 initalia,
607 2667 792 2720 audiebamus
804 2665 879 2719 talia
894 2666 929 2718 de
942 2664 1066 2733 quadam
1092 2667 1228 2735 opinatur
1246 2673 1300 2722 etc.
1339 2668 1472 2738 Quisquis
1491 2686 1557 2739 erpo
1577 2671 1676 2738 credit,
1693 2688 1777 2739 posse
1784 2672 1855 2740 fieri
1871 2673 1924 2726 ali·

229 2758 344 2827 repione
369 2755 487 2809 illorum
508 2754 649 2823 partium,
673 2752 723 2804 ubi
737 2750 912 2805 stabularias
935 2749 1065 2803 mulieres
1092 2769 1176 2821 qrram
1196 2761 1355 2808 creaturam
1372 2754 1471 2809 autin
1488 2757 1665 2824 meliusnam
1685 2757 1714 2810 in
1735 2758 1859 2811 ddaius
1876 2758 1927 2811 im·

231 2845 352 2898 imbutae
370 2843 414 2896 ets
432 2841 517 2895 malis
534 2840 643 2894 artibus
656 2838 687 2892 in
704 2855 785 2892 caseo
803 2836 978 2891 daresolere
991 2835 1066 2888 dicc-
1092 2840 1207 2904 mutari,
1237 2846 1287 2893 aut
1314 2841 1520 2905 transformari
1550 2842 1579 2895 in
1610 2842 1699 2895 aliam
1733 2842 1853 2912 speciem
1883 2843 1928 2898 vel

92 2943 159 2988 ml.
172 2942 219 2986 171.
233 2930 307 2997 bant,
327 2928 426 2997 quibus
444 2926 545 2980 veilent
564 2943 614 2979 seu
627 2932 745 2993 possent
756 2923 919 2990 uiatoribus,
940 2922 1015 2974 unde
1036 2920 1066 2972 in
1092 2923 1320 2993 similitudinem,
1349 2927 1407 2979 nisi
1433 2927 1469 2979 ab
1496 2926 1558 2995 apso
1585 2935 1726 2995 memoro,
1756 2930 1806 2997 qui
1834 2929 1929 2983 omnia

227 3016 358 3085 jumenta
387 3014 454 3068 ilico
483 3018 657 3067 comentur
687 3018 713 3063 et
741 3008 905 3063 necessaria
942 3023 1067 3077 meaeque
1092 3009 1165 3073 fecit
1182 3018 1211 3064 et
1228 3028 1281 3080 per
1298 3027 1378 3080 qoem
1398 3012 1493 3066 omnia
1509 3015 1595 3078 facta
1616 3022 1693 3080 sunt,
1714 3015 1820 3083 procul
1843 3016 1929 3069 dubio

228 3107 397 3171 portarent,
429 3105 549 3171 postque
578 3099 733 3166 perfuncta
767 3111 855 3163 opera
886 3093 987 3147 iterum
1028 3094 1069 3145 ad
1093 3095 1218 3160 infidelis
1239 3105 1280 3151 est
1301 3105 1328 3150 et
1342 3115 1458 3168 popano
1477 3099 1608 3155 deterim
1648 3098 1768 3155 Sabinus
1787 3100 1817 3154 in
1828 3100 1928 3171 interp.

230 3204 261 3243 se
278 3188 406 3241 redirent
424 3191 477 3240 etc.
513 3182 586 3239 Vide
609 3181 783 3235 Ludoricum
807 3179 905 3235 Virem
924 3179 953 3233 in
970 3194 1067 3234 comm.
1093 3180 1141 3237 lib.
1175 3188 1198 3236 1.
1228 3188 1337 3239 mamm.
1368 3182 1461 3252 reteri,
1490 3187 1567 3254 quad
1597 3187 1700 3240 rustici
1730 3187 1760 3240 in
1785 3189 1929 3242 Berussia

230 3273 305 3328 illins
322 3272 383 3328 loci.
424 3264 920 3327 Job.'Fince1.libros.demirsb.
957 3266 990 3320 in
1009 3264 1068 3319 vita
1093 3270 1235 3336 quendam
1254 3269 1392 3324 bominem
1416 3273 1458 3324 ad
1486 3273 1585 3326 ducem
1600 3273 1767 3343 prouinciae
1787 3275 1929 3345 captiuum

229 3358 382 3414 Hilarionis
415 3357 495 3426 oirpo
524 3355 554 3407 in
572 3371 670 3423 equum
688 3369 822 3407 conuersa
841 3359 1018 3420 memoratur,
1036 3351 1066 3403 in
1092 3356 1291 3423 perduxerint,
1316 3364 1474 3426 propterea
1510 3360 1588 3427 quod
1615 3366 1738 3412 mutatus
1771 3359 1802 3412 in
1832 3359 1929 3430 lupum

229 3447 289 3500 uita
305 3443 434 3500 Macarii
451 3442 533 3510 adpo
553 3442 584 3493 in
610 3456 725 3494 uaccam
747 3439 954 3504 transformato
968 3436 1065 3507 pertn‘·
1092 3441 1220 3508 jumento
1239 3442 1397 3497 ddaniossc
1417 3444 1593 3497 credebatur.
1629 3443 1661 3495 Is
1678 3445 1875 3515 confitebatur,
1898 3462 1929 3500 se

232 3533 319 3587 betur.
350 3527 520 3600 Pomponius
531 3525 608 3581 tiela
624 3524 716 3593 refert,
734 3525 764 3577 in
782 3523 1065 3592 Neurorumreqione
1093 3527 1244 3596 quotannis
1270 3527 1300 3581 in
1323 3529 1422 3597 lupum
1448 3530 1556 3582 mutari
1579 3547 1614 3582 oc
1639 3530 1761 3583 marimo
1780 3529 1880 3584 dolore
1898 3548 1929 3585 se

230 3618 354 3674 leminea
371 3618 534 3684 freqrrertter
549 3613 675 3668 conanti
692 3613 722 3666 in
741 3612 831 3681 lupos.
879 3610 957 3666 Idem
974 3610 1067 3680 placet
1093 3613 1203 3667 daebal
1220 3614 1316 3684 affici,
1346 3621 1496 3684 antequam
1517 3614 1578 3683 pili
1596 3623 1770 3685 erumperent
1788 3623 1814 3670 et
1823 3617 1928 3684 sorrna

230 3702 340 3759 Bodino
364 3702 392 3756 iu
412 3698 641 3755 daemonomania
654 3714 806 3769 magorum.
844 3696 1066 3768 Respondemus:
1092 3706 1263 3767 mutaretur,·
1305 3701 1358 3753 sed
1382 3708 1535 3770 postquam
1564 3702 1606 3754 ad
1643 3702 1849 3769 inplorandam
1884 3704 1929 3758 rei

229 3789 299 3845 haec
315 3788 408 3844 omnis
419 3802 479 3842 esse
497 3803 591 3840 meras
603 3786 749 3839 mammo
764 3785 947 3856 praestipias,
965 3783 1067 3855 quibus
1092 3785 1239 3840 undamn
1258 3786 1413 3840 diutissime
1430 3787 1557 3855 captiuus
1569 3786 1673 3851 fumea
1684 3788 1819 3857 delemus,
1839 3790 1928 3844 anim·

230 3891 326 3932 sensus
346 3873 481 3928 humanos
501 3870 666 3926 ludificatur.
697 3871 768 3927 Cum
789 3871 862 3925 enim
876 3871 958 3926 homo
974 3870 1066 3940 specie
1092 3873 1242 3925 aduersum
1254 3879 1302 3937 est,
1319 3888 1380 3925 eum
1393 3874 1628 3942 semper-eandem
1647 3874 1795 3928 retinuisse
1806 3876 1928 3943 mam

229 3961 343 4017 differat
361 3977 379 4014 a
397 3958 503 4022 brutis,
534 3957 597 4013 ideo
614 3956 696 4012 realis
713 3956 909 4012 transmutatio
926 3956 1066 4012 hominurn
1091 3965 1119 4011 et
1147 3975 1290 4027 nunqum
1314 3958 1412 4026 felem
1441 3959 1472 4011 in
1501 3959 1597 4027 lupam
1628 3967 1772 4014 mutatum
1825 3961 1928 4017 Consu

230 4047 259 4103 in
285 4047 365 4117 lupos
395 4045 439 4101 vel
470 4043 538 4098 alias
552 4042 657 4098 bestias
686 4043 715 4097 vi
735 4042 877 4099 daemonis
894 4047 943 4096 aut
960 4042 1067 4098 mtibus
1093 4041 1230 4099 Grilland.
1247 4043 1477 4113 jurisconsultum
1496 4044 1597 4099 Italum
1616 4045 1645 4099 iu
1661 4045 1709 4101 lib.
1730 4046 1766 4101 de
1784 4046 1927 4118 sortilegio

230 4133 346 4205 magicis
365 4131 452 4186 multo
470 4131 561 4185 minus
578 4129 606 4183 ri
623 4135 740 4186 naturae
763 4129 824 4185 fieri
849 4128 953 4201 nequit.
998 4127 1066 4184 Pro·
1092 4145 1116 4184 c.
1148 4133 1171 4185 8.
1195 4127 1322 4184 Wiernm
1347 4129 1382 4184 ds
1408 4130 1532 4202 praestig
1558 4129 1682 4184 daemon
1712 4131 1761 4189 lib.
1788 4136 1811 4188 3.
1837 4148 1861 4189 c.
1886 4139 1926 4189 10.

230 4220 334 4276 ducem
360 4219 433 4274 enim
462 4215 645 4271 substantiam
670 4215 837 4286 completam
861 4232 895 4270 ex
914 4231 962 4280 eo,
992 4214 1065 4286 quod
1093 4215 1232 4287 [angium
1250 4215 1299 4270 lib.
1320 4222 1343 4272 1.
1363 4215 1443 4287 epist
1462 4215 1560 4272 medic.
1580 4234 1605 4272 c.
1625 4222 1665 4271 to.
1704 4216 1878 4273 Scribonium
1897 4219 1927 4274 in

231 4307 335 4363 nnllam
366 4304 403 4358 ad
434 4320 491 4359 rem
521 4302 729 4374 producendam
760 4301 915 4359 naturalem
944 4300 1067 4375 δύναμιν
1093 4300 1212 4373 physici.
1239 4318 1330 4372 sager.
1349 4319 1377 4372 p.
1398 4308 1440 4359 16.
1474 4300 1620 4358 Danaeum
1643 4303 1678 4358 de
1704 4304 1839 4358 sortiariis
1858 4321 1882 4360 c.
1901 4309 1927 4360 3.
1944 4306 2024 4351 11111

230 4392 349 4461 obtinet,
363 4408 416 4446 nec
435 4397 552 4446 naturae
568 4395 618 4454 est,
636 4405 687 4467 nec
710 4389 819 4444 munds
836 4387 940 4457 finitae,
960 4388 1009 4442 ssd
1028 4387 1067 4441 in·
1095 4386 1335 4443 Goedclmsnnum
1354 4386 1403 4443 lib.
1423 4393 1447 4443 1.
1472 4388 1507 4442 de
1525 4387 1616 4442 lamiis
1633 4405 1657 4444 c.
1678 4395 1701 4445 ³.
1739 4389 1928 4445 Camermium

230 4478 325 4535 finitae
352 4493 385 4533 ac
415 4476 531 4547 proinde
561 4474 647 4530 solius
664 4474 728 4530 Dei.
780 4474 956 4546 Augustinus
982 4475 1009 4532 d.
1036 4474 1069 4545 l.²
1095 4479 1166 4529 cent.
1190 4479 1212 4530 1.
1228 4474 1325 4531 medit.
1349 4474 1413 4528 hist.
1430 4492 1453 4531 c.
1475 4480 1516 4530 72.
1533 4465 1537 4473 '
1555 4475 1651 4533 Libav.
1671 4481 1741 4547 part.
1768 4483 1790 4533 1.
1809 4477 1879 4550 sing.
1899 4478 1929 4531 in

230 4567 311 4621 Haec
328 4564 373 4619 rel
382 4563 553 4632 falsarunt,
567 4564 611 4618 sel
628 4562 885 4628 communierant
901 4561 999 4615 memte
1014 4579 1070 4616 non
1096 4560 1294 4633 strigioportio.
1332 4560 1423 4617 Nicol.
1442 4561 1601 4633 Remigium
1621 4562 1669 4618 lib.
1687 4568 1712 4617 2.
1730 4563 1929 4618 daemonolatr.

230 4653 385 4707 nodantur
403 4654 457 4705 etc.
495 4650 555 4703 Nec
572 4664 640 4702 sane
659 4650 810 4702 daemones
826 4653 945 4701 naturas
964 4656 1070 4718 creant,
1096 4664 1120 4704 c.
1156 4655 1180 4703 5.
1210 4646 1365 4703 Peuccrum
1395 4647 1431 4703 de
1460 4647 1575 4704 divinat.
1602 4665 1662 4719 cap.
1695 4650 1731 4704 de
1752 4656 1927 4722 θεομανιείᾳ.

229 4739 257 4793 si
272 4736 386 4807 oliqrsid
402 4736 460 4789 tole
476 4735 598 4798 faciunt,
618 4735 655 4787 de
670 4732 800 4802 qualibus
811 4732 905 4803 sactis
914 4732 971 4786 ista
986 4735 1068 4789 certi·
1095 4733 1309 4789 Heerbrandnm
1336 4735 1366 4788 in
1392 4734 1464 4805 disp.
1494 4735 1529 4791 de
1548 4736 1665 4808 magieis
1692 4736 1730 4791 th.
1762 4741 1804 4793 60.
1829 4736 1849 4793 f.
1872 4741 1929 4791 tte.

229 4832 276 4879 tur
300 4821 443 4892 quaestio,
477 4823 530 4875 sed
552 4821 740 4890 specietenus,
773 4834 845 4887 quae
871 4836 890 4871 a
914 4835 979 4872 uero
1003 4821 1067 4873 Deo
1095 4821 1292 4876 Biermannum
1313 4819 1344 4874 in
1360 4820 1431 4891 disp.
1452 4820 1488 4876 de
1511 4822 1627 4894 magicis
1653 4822 1809 4877 actionibus
1827 4822 1866 4877 th.
1884 4828 1927 4878 11.

229 4918 332 4969 menta
348 4915 422 4971 sunt.
441 4914 618 4972 commutant,
637 4907 829 4960 uteidcantur
846 4920 904 4958 esec
921 4906 998 4974 quod
1013 4923 1070 4959 non
1094 4907 1239 4963 Horatium
1258 4906 1396 4962 medicum
1417 4906 1577 4963 ommim
1598 4908 1648 4963 lib.
1668 4913 1692 4962 2.
1713 4907 1750 4963 do
1771 4915 1832 4965 nat.
1851 4907 1927 4964 hum.

231 5005 304 5051 aunt.
345 4996 413 5051 Non
436 4993 531 5065 itaque
547 4992 638 5046 solum
655 4991 793 5060 animum,
824 4991 876 5044 sed
896 5008 947 5046 nec
967 5008 1070 5062 cor-pus
1094 5011 1181 5050 exerc
1215 4999 1254 5051 10.
1286 5010 1311 5065 q.
1331 4999 1356 5049 9.
1383 4993 1432 5064 qui
1460 5010 1555 5049 omues
1573 4998 1715 5059 statuunt,
1745 4993 1928 5061 mutationem

230 5083 344 5152 qudem
375 5079 439 5135 ulla
469 5079 581 5133 ratione
610 5077 782 5131 crediderim
811 5079 979 5130 daemonum
1007 5085 1068 5132 erte
1092 5080 1170 5135 illam
1187 5097 1243 5136 non
1259 5095 1320 5135 esse
1338 5095 1439 5149 veram,
1461 5080 1511 5139 sed
1528 5079 1748 5151 praestigiosam.
1939 5128 1960 5171 ι
1975 5132 1996 5172 n

228 5169 273 5224 esl
294 5175 434 5238 potestate
458 5168 489 5221 in
514 5165 638 5220 mandra
665 5164 709 5217 oei
741 5163 913 5218 lineamenta
936 5163 1067 5219 bestialia
1130 5172 1186 5224 159.
1221 5165 1339 5220 Remoto
1372 5165 1458 5237 igitur
1491 5165 1731 5240 psrspptpn‘rosac
1771 5183 1806 5221 ac
1840 5171 1928 5221 mana
1941 5142 2024 5254 ψυὶο.

229 5256 367 5311 sancita
381 5271 466 5324 posse
486 5253 625 5320 concerti,
652 5252 705 5305 sed
718 5252 931 5320 phantasticum
947 5251 1067 5307 laminis
1093 5251 1266 5323 migrationis
1291 5250 1448 5306 animarum
1474 5268 1490 5306 e
1514 5267 1629 5321 corpore
1652 5251 1681 5305 in
1699 5267 1800 5322 corpus
1820 5251 2023 5321 sommopslore

229 5342 330 5413 sopitis
360 5349 410 5395 aut
442 5338 585 5411 oppressis
609 5339 756 5406 corporeis
787 5338 908 5392 laminis
932 5338 1066 5405 semibus,
1093 5340 1128 5394 de
1138 5337 1341 5409 ψυχοδοχείοις,
1350 5336 1537 5408 receptaculis
1546 5354 1580 5390 ac
1591 5338 1746 5391 domiciliis
1767 5339 1926 5391 animarum
1939 5323 2024 5424 'em

231 5429 273 5483 od
303 5427 428 5483 aliorum
457 5443 587 5480 sensuum
613 5424 707 5479 nocio
736 5442 790 5494 quo
818 5423 961 5494 ineffabili
981 5427 1065 5480 modo
1092 5441 1175 5495 porro
1193 5423 1332 5495 egendum
1350 5423 1410 5479 crit
1441 5421 1585 5492 Scriptura
1602 5423 1727 5493 generali
1740 5423 1926 5494 appellatione
1939 5427 2024 5518 2:¹¹2:

231 5515 327 5585 fipura
342 5529 480 5586 carpam
493 5528 577 5583 posse
588 5511 726 5583 perduci,
751 5512 794 5565 ita
813 5518 843 5565 ut
860 5527 986 5581 corpora
1000 5511 1066 5582 ipsa
1091 5516 1173 5566 vocat
1190 5511 1289 5565 locum
1331 5508 1396 5570 lah.
1426 5512 1475 5578 14,
1505 5524 1531 5565 v.
1553 5513 1583 5564 2:
1619 5510 1701 5565 Vada
1720 5525 1830 5580 parare
1850 5509 1928 5563 oobss
1939 5487 2023 5572 niun
