4104 6014
849 328 903 385 DE
920 328 1063 388 MORTE.
1550 393 1554 402 ,
1739 332 1799 392 368

104 500 189 556 quam
218 500 270 555 per
302 484 438 541 miracula
468 485 596 542 dicantur
623 485 788 549 confirmari,
814 501 878 540 cum
905 483 940 538 de
966 492 1035 556 tare,
1059 487 1156 545 Actor.
1177 491 1203 556 3,
1219 503 1247 544 r.
1267 493 1292 543 5.
1317 485 1392 541 idem
1409 484 1478 556 ipsis
1496 500 1560 540 cum
1579 481 1689 538 Christo
1707 479 1801 536 viren-

101 569 318 642 pseudochristis
349 577 378 626 et
400 572 649 644 pseudoprophetis
682 571 856 643 praedictum
894 570 939 634 sit,
965 574 1042 630 tibus
1073 573 1165 628 adhue
1193 579 1238 629 est
1266 572 1383 627 animus.
1429 577 1453 627 8.
1486 569 1532 625 Pii
1561 576 1669 625 veteres
1698 566 1801 622 diserte

13 673 16 677 ¹
101 656 176 726 quod
202 657 335 712 miracula
358 655 413 711 sint
433 657 544 728 edituri,
563 674 684 728 eumque
714 657 791 727 apud
819 656 938 728 gentiles
966 667 1088 731 negant,
1120 677 1171 730 per
1203 659 1338 713 miracula
1368 657 1441 713 eirca
1471 662 1623 726 martyrum
1652 652 1798 710 memorias

101 742 238 797 invocatio
266 743 394 799 divorum
423 743 596 799 mirabilibus
627 750 656 799 et
679 743 827 799 fallacibus
851 742 939 814 signis
965 744 1041 800 iacta
1068 744 1270 800 invocationem
1287 749 1441 813 martyrum
1463 739 1627 796 confirmari.
1664 737 1889 810 August-amr.
1902 744 1949 789 tt&

100 827 185 882 tuerit
207 828 333 884 stabilita
350 835 422 885 teste
452 830 611 901 Augustino
634 828 681 886 lib.
708 834 730 885 8.
755 828 791 885 ds
815 830 869 883 eir.
887 829 938 884 Dei
966 847 1018 884 nus
1044 829 1176 887 11111122.
1198 830 1234 885 de
1259 829 1372 884 civitate
1390 827 1444 883 Dei
1469 844 1530 899 cap.
1550 833 1595 882 10:
1630 827 1696 880 Non
1715 824 1800 893 eripi·

101 930 163 984 cap.
181 918 223 970 22.
266 918 406 985 Audiam,
430 917 471 971 ait
497 916 569 972 idem
594 916 609 971 l.
639 916 673 971 de
700 915 769 970 unit.
790 915 858 972 ecel.
877 931 938 984 cap.
966 934 1027 969 mus
1045 916 1163 984 altaria,
1179 917 1210 969 in
1227 916 1327 985 quibus
1346 916 1534 978 sacrificemus
1554 912 1730 980 martyribus,
1747 910 1801 963 sed

104 1005 144 1057 16.
165 1003 488 1071 qtusencrrcntpoqani
507 1005 542 1056 ds
559 1002 672 1071 templis
693 1011 718 1056 ct
738 1003 795 1056 diis
813 1002 872 1056 arria
889 1003 939 1054 mi·
965 1003 1017 1056 uni
1043 1005 1105 1057 Deo
1130 1012 1157 1056 st
1183 1010 1339 1069 martyrum
1363 1009 1389 1054 ct
1411 1008 1538 1053 nostrum
1561 998 1732 1067 sacrificium
1751 997 1800 1051 im·

101 1086 233 1141 rabiliter
257 1088 302 1142 uel
329 1089 398 1158 viso,
418 1088 462 1142 uel
482 1090 574 1153 facta,
600 1096 736 1142 ettamen
755 1089 800 1141 dii
817 1087 940 1156 pontium
966 1090 1111 1144 molamus.
1148 1090 1200 1144 Aa
1216 1091 1293 1158 quod
1311 1087 1482 1155 sacrificium
1499 1093 1644 1152 martyres,
1662 1085 1735 1136 11111
1752 1082 1801 1151 lio-

100 1173 256 1228 doemonio.
291 1175 497 1229 &audiuntur
525 1193 593 1245 erpo
618 1176 700 1230 multi
722 1183 748 1229 et
767 1175 863 1228 multis
883 1191 939 1228 mo·
966 1177 1054 1230 mines
1084 1175 1151 1244 Dei,
1178 1175 1227 1244 qui
1245 1176 1378 1228 mundum
1396 1174 1427 1226 in
1449 1173 1511 1242 ejus
1535 1171 1712 1238 confessione
1728 1168 1800 1222 uice·

101 1259 148 1313 dis
172 1260 332 1314 noneolum
350 1259 506 1316 Christiani
532 1262 674 1330 catholici,
697 1264 750 1316 sed
769 1268 795 1315 et
820 1261 939 1333 poponi,
966 1271 1041 1331 runt,
1066 1280 1117 1317 suo
1130 1263 1194 1317 loco
1212 1270 1240 1316 et
1259 1263 1359 1316 ordine
1378 1260 1567 1322 nominantur,
1595 1275 1651 1312 non
1670 1263 1762 1308 tomen
1781 1271 1800 1307 a

102 1345 209 1398 Judaei
224 1354 250 1399 et
268 1346 407 1401 haeretici
424 1348 515 1402 uariis
527 1349 668 1402 erroribus
688 1356 714 1400 et
733 1346 939 1417 1111111111οηί-
966 1350 1122 1413 sacerdote,
1140 1349 1190 1420 qui
1206 1348 1360 1415 sacrificat,
1379 1347 1554 1400 invocantur.
1573 1343 1621 1397 lib.
1643 1347 1801 1401 incontra

102 1431 151 1483 bus
177 1431 277 1490 dediti.
325 1434 527 1488 Eeoudiuntur
553 1442 645 1487 omem
676 1435 719 1488 uel
748 1452 767 1487 o
795 1434 940 1503 spiritibus
966 1435 1100 1489 Faustum
1130 1451 1192 1505 cap.
1223 1439 1270 1490 21:
1317 1432 1401 1496 Quod
1430 1433 1556 1502 offertur,
1590 1432 1653 1483 Deo
1680 1429 1800 1498 offertur

102 1517 306 1587 seductoribus,
328 1521 379 1588 qui
404 1527 496 1573 tomen
515 1520 586 1574 nr'ait
598 1520 726 1590 faciunt,
748 1518 805 1572 nesi
820 1519 940 1588 permit·
967 1523 1048 1592 opud
1072 1521 1222 1575 memorias
1252 1528 1417 1587 martyrum,
1442 1535 1512 1586 quos
1541 1515 1696 1583 coronavit,
1717 1522 1748 1567 ut
1767 1531 1800 1567 eor

102 1610 205 1669 tantur,
224 1605 679 1676 Deosudlimiteretineffabilitcr
691 1605 852 1674 judicante,
871 1607 942 1675 quid
966 1609 1092 1677 ipsorum
1110 1608 1236 1661 locorum
1253 1605 1446 1660 admonitione
1465 1604 1558 1672 major
1577 1604 1691 1673 effectus
1703 1593 1801 1655 casur-

101 1690 200 1759 cuique
225 1691 404 1746 tribrsendum
434 1692 480 1759 sit,
507 1692 550 1745 uel
576 1693 612 1745 ab
643 1691 706 1761 ipso
725 1693 798 1758 Deo,
828 1692 872 1744 uel
899 1693 941 1744 od
966 1702 1024 1762 pat,
1043 1696 1085 1747 od
1109 1696 1264 1747 masadam
1289 1693 1437 1744 caritatem
1459 1698 1484 1743 st
1511 1693 1540 1743 in
1560 1690 1634 1757 illos,
1653 1705 1721 1757 quos
1739 1687 1802 1740 imi·

96 1791 220 1843 poenam
232 1776 380 1845 malitias,
412 1778 456 1831 uei
473 1780 514 1831 ad
529 1777 663 1832 solatium
679 1777 820 1843 miseriae,
838 1777 882 1831 net
899 1779 941 1830 ad
965 1781 1024 1833 tari
1038 1797 1198 1849 possumus,
1213 1786 1239 1832 et
1257 1779 1287 1831 iu
1305 1778 1394 1844 111111,
1412 1795 1466 1845 quo
1479 1776 1801 1845 adjurantepossumua.

100 1862 277 1926 monitionem
287 1865 465 1930 quaerendae
475 1863 578 1917 salutis
588 1872 729 1919 aeternna.
748 1862 851 1918 Confer
859 1868 938 1918 11111.
968 1866 1091 1920 Colimus
1108 1881 1175 1935 erpo
1190 1873 1328 1932 martprce
1344 1879 1378 1917 eo
1395 1863 1472 1918 euleu
1489 1862 1650 1916 dilectionis
1669 1869 1695 1913 et
1713 1860 1800 1914 rosia

102 1945 137 2000 de
155 1947 222 2001 eccl.
240 1944 267 2019 ξ.
286 1951 345 2002 212.
382 1952 406 2004 3.
427 1948 633 2019 Distingueuda
657 1949 743 2021 igitur
762 1956 828 2003 suut
857 1949 936 2002 mira·
965 1955 1040 2014 tntis,
1060 1970 1115 2022 quo
1134 1952 1164 2004 in
1184 1951 1239 2005 boc
1258 1952 1318 2004 uita
1336 1950 1467 2003 coluntur
1485 1948 1579 2002 suncti
1591 1948 1650 2000 Dei
1666 1947 1799 2000 semines.

100 2030 203 2087 biliaa
231 2033 379 2095 miraculis,
411 2050 513 2089 seraa
542 2034 631 2098 falsis,
660 2036 753 2089 divina
778 2053 795 2089 a
817 2035 938 2091 Satanae
965 2050 988 2092 o.
1024 2040 1214 2107 Quaecunque
1243 2035 1377 2090 miracula
1403 2040 1466 2103 post
1502 2030 1689 2103 apostolorum
1728 2037 1798 2085 tem·

99 2116 235 2184 ludibrii&
253 2135 287 2173 ⁰⁸
302 2136 374 2190 quae
391 2119 428 2173 ad
458 2119 695 2175 confirmationem
714 2121 856 2175 doctrinae
877 2138 937 2190 pro·
967 2142 1034 2194 pora
1050 2125 1125 2179 taeta
1142 2130 1216 2191 suut,
1235 2120 1270 2176 de
1290 2120 1345 2175 illis
1360 2125 1436 2175 recte
1450 2124 1600 2190 usurpatur
1612 2117 1681 2172 illud
1700 2119 1798 2188 Augu·

100 2202 212 2273 photiae
238 2211 266 2259 et
290 2205 460 2275 apostolieae
487 2206 581 2261 divina
599 2207 699 2262 virtuto
726 2206 797 2261 fiunt
821 2207 857 2260 ab
885 2207 937 2269 ilis,
965 2212 1029 2265 stini
1057 2209 1120 2264 libr.
1144 2214 1187 2264 21.
1215 2207 1251 2262 de
1275 2206 1390 2261 civitate
1422 2204 1476 2259 Dei
1506 2221 1568 2275 cap.
1596 2210 1622 2260 9.
1648 2205 1726 2273 qrrod
1743 2221 1800 2258 non

101 2305 173 2358 quas
193 2289 230 2344 ad
249 2292 467 2363 oppugnandam
494 2293 684 2362 propheticam
705 2301 732 2348 et
757 2292 937 2362 apostolicam
965 2306 1046 2351 tanta
1064 2312 1098 2349 eo
1118 2294 1289 2348 commendet
1313 2292 1477 2356 auctoritas,
1494 2298 1524 2343 ut
1543 2290 1603 2343 sine
1621 2290 1798 2355 dissimultate

101 2373 253 2430 doctrinam
278 2393 297 2430 a
312 2377 561 2448 pseudoprophetia
581 2385 610 2434 et
626 2379 797 2432 Antichristo
816 2378 893 2433 iiunt.
912 2384 938 2433 1.
964 2383 1009 2435 eal
1028 2381 1203 2434 dubitatione
1215 2380 1379 2445 credamur,
1398 2377 1524 2447 quamuis
1541 2375 1712 2431 Christianis
1724 2378 1799 2445 Jide·

102 2458 173 2514 Ossa
192 2461 295 2516 Elisuei
310 2462 406 2517 itidem
425 2463 588 2519 miraculum
607 2465 754 2519 ediderunt
773 2470 796 2519 2.
813 2464 879 2536 Rog,
901 2470 937 2526 13,
966 2469 1038 2521 lr'bns
1065 2485 1084 2520 o
1105 2467 1242 2536 fidelibus
1269 2466 1441 2518 indicuntur.
1486 2463 1562 2534 Ergo
1593 2463 1679 2516 multo
1709 2463 1800 2518 minus

102 2563 127 2600 v.
146 2551 187 2601 21.
206 2564 296 2618 neque
322 2557 414 2605 tamen
434 2550 570 2604 invocatio
602 2556 771 2605 mortuorum
792 2559 938 2618 propterea
967 2561 1045 2608 tanta
1073 2570 1168 2609 eorum
1193 2554 1246 2607 erit
1278 2551 1437 2613 auotoritas,
1467 2557 1499 2604 ut
1526 2550 1629 2619 dogma
1657 2548 1799 2619 quoddam

101 2631 156 2686 tuit
172 2633 201 2687 in
219 2633 365 2689 eeclesiam
387 2635 570 2690 israeliticam
589 2649 708 2706 recepta.
745 2643 769 2691 5.
793 2633 938 2689 11111111-
967 2641 1030 2696 fidei
1072 2646 1181 2710 praeter
1225 2643 1254 2692 et
1294 2646 1390 2691 contra
1434 2636 1592 2706 Scripturas
1629 2634 1799 2690 confirment

101 2718 257 2772 raculorum
292 2720 367 2774 cirea
399 2730 551 2792 martyrum
587 2722 716 2791 sepulcra
742 2722 770 2775 iu
797 2720 937 2791 primitiva
970 2732 1008 2782 10.
1046 2722 1209 2778 lliiruculum
1236 2739 1253 2776 a
1280 2722 1442 2777 Bernhardo
1468 2720 1573 2775 iactum
1598 2720 1672 2774 hunc
1701 2718 1801 2774 habuit

101 2803 218 2859 ecelesia
235 2805 371 2863 editorum
398 2825 573 2879 nequaquam
592 2809 653 2878 suit,
679 2815 710 2862 ut
729 2807 937 2862 confirmaretur
967 2811 1059 2874 finem,
1084 2821 1114 2864 ut
1139 2809 1348 2872 demonstraret,
1371 2808 1470 2862 falsam
1493 2824 1553 2862 esse
1571 2805 1725 2860 doctrinam
1750 2821 1801 2859 cu·

102 2888 231 2962 11311ῥο18
251 2891 399 2947 00m11d0m
418 2893 565 2957 issV008l50r
584 2894 632 2949 ted
655 2904 685 2950 ul
700 2894 840 2964 publicum
858 2891 935 2947 tetti-
964 2898 1075 2969 jusdam
1101 2894 1228 2950 monachi
1249 2892 1370 2955 ilenriei,
1395 2893 1440 2947 cui
1458 2892 1592 2947 tribuitur
1609 2891 1638 2946 iu
1656 2891 1717 2946 loeo
1735 2890 1800 2946 alle·

101 2977 223 3032 monium
240 2978 352 3034 daretur
371 2980 522 3049 doetrinae,
541 2998 624 3052 quam
650 2982 824 3038 tradiderunt
840 2981 933 3035 viven·
968 2992 1043 3051 gato,
1063 2986 1141 3054 quod
1157 2982 1247 3047 suerit
1266 2980 1355 3037 liostis
1372 2980 1508 3035 eccleciae
1526 2978 1704 3046 manifestus,
1728 2977 1800 3031 irre-

101 3069 144 3119 tes
164 3072 191 3119 et
212 3065 315 3132 mortis,
342 3083 425 3137 quam
445 3084 496 3137 pro
517 3065 627 3122 Christo
651 3069 842 3123 sustinuerunt
860 3067 936 3122 inuo-
967 3079 1094 3125 verenter
1114 3069 1311 3123 ecclesiasticis
1334 3068 1474 3136 deropans
1491 3065 1673 3118 somanrentis
1690 3063 1802 3132 pariter

102 3159 211 3221 centes,
235 3159 264 3207 et
281 3152 418 3224 gloriosae
442 3154 478 3207 ad
498 3154 581 3209 vitam
599 3155 821 3224 resurrectionis,
854 3172 938 3226 quam
968 3167 993 3212 ot
1014 3157 1159 3219 ministris,
1179 3156 1338 3225 quoditsm
1359 3152 1562 3223 ipsiusstudio
1582 3149 1803 3214 recensuerint

103 3243 264 3308 exspectant
284 3239 496 3309 requiescentes.
532 3241 707 3310 Augustinus
720 3258 784 3294 curn
803 3241 891 3295 multa
910 3247 938 3295 ct
966 3246 1130 3315 productae,
1148 3251 1177 3295 ut
1194 3242 1303 3311 passim
1320 3239 1569 3302 suerintinoentoe
1588 3237 1723 3290 ecclesias
1742 3237 1804 3290 eine

102 3323 180 3378 varia
204 3324 339 3379 miracula
362 3326 437 3395 apud
462 3327 607 3381 memorias
627 3333 782 3397 martyrum
801 3344 852 3381 suo
870 3332 938 3380 tem·
963 3330 1102 3400 plebibus,
1133 3328 1232 3397 plebes
1264 3328 1325 3381 eine
1340 3325 1544 3391 sacerdotibus,
1562 3324 1724 3376 sacerdotes
1741 3324 1802 3377 sine

103 3425 169 3480 pore
194 3409 270 3465 edita
287 3411 478 3481 recensuisset,
504 3413 615 3467 tandem
639 3412 786 3484 subjungit
807 3413 825 3467 1.
846 3412 940 3468 22111
968 3417 1061 3472 deddc
1085 3415 1253 3480 renuentia,
1281 3414 1343 3468 sina
1366 3411 1476 3466 0111111
1495 3412 1614 3480 denique
1639 3408 1802 3475 Clin'stioni,

103 3495 155 3550 cir.
174 3495 227 3550 Dei
245 3513 269 3551 1.
287 3503 316 3554 a:
348 3496 409 3567 Cui,
439 3498 499 3552 nesi
513 3499 578 3552 duic
595 3501 666 3564 [idei
691 3507 859 3553 attoetontur
884 3499 939 3551 ista
967 3505 1044 3574 quod
1058 3501 1190 3574 porculis
1220 3498 1448 3553 Christianorum
1471 3498 1576 3552 cornu
1601 3497 1687 3550 or'tam
1716 3497 1802 3550 inter·

103 3582 252 3651 miraculu,
278 3583 308 3636 in
328 3601 384 3653 qua
405 3583 531 3638 Christus
546 3586 734 3654 praedicatur
753 3585 940 3638 resurrexisse
968 3590 1092 3655 cluserit,
1130 3589 1197 3640 dcem
1215 3584 1350 3655 baptismi
1368 3584 1492 3651 pretium
1509 3584 1628 3652 reperit.
1670 3580 1802 3646 Quamvis

104 3668 135 3722 in
153 3686 239 3722 corne
257 3676 284 3722 st
303 3670 333 3722 in
350 3670 456 3724 caeliam
478 3672 661 3724 ocisccnrlisse
683 3688 856 3740 cumcurm,
874 3689 939 3723 nam
967 3693 1030 3730 vero
1060 3674 1144 3728 etiam
1172 3672 1292 3726 addatur
1320 3670 1426 3740 aliquid
1458 3669 1493 3725 de
1514 3668 1690 3724 inuocatione
1722 3684 1801 3722 suno·
1848 3670 1853 3679 “

104 3762 130 3807 tl
153 3755 212 3823 11)θὶ
235 3764 372 3823 martum
391 3756 477 3824 duim
498 3758 568 3818 fidoi
586 3766 733 3825 martyres,
758 3759 778 3810 i.
799 3774 823 3810 e.
847 3766 938 3821 testes,
966 3772 1064 3828 torum,
1085 3759 1134 3814 1111
1157 3765 1250 3813 tamen
1271 3763 1369 3828 utpote
1394 3756 1480 3810 verbo
1499 3755 1553 3810 Dei
1572 3755 1689 3810 adversa
1707 3753 1801 3810 divino

102 3840 226 3907 fuerunt.
245 3858 307 3916 cap.
330 3847 378 3897 10:
414 3842 538 3897 Faciunt
561 3842 939 3913 11111111111111111111111
967 3845 1099 3902 miraculo
1122 3843 1286 3900 confirmata
1310 3843 1366 3898 dici
1388 3843 1495 3912 nequit.
1550 3840 1673 3897 Proinde
1698 3842 1802 3896 utimur

102 3928 193 3995 Deus,
212 3927 256 3980 uel
275 3928 430 3996 orantibus,
446 3928 489 3981 uel
508 3930 720 3996 cooperantibus
735 3931 784 3994 cis,
821 3938 851 3981 ut
868 3930 938 3994 tides
967 3933 1011 3988 hic
1042 3932 1139 3988 eadem
1165 3930 1352 4001 responsione,
1382 3945 1438 4000 qus
1456 3928 1640 3984 Bellarminus
1661 3927 1697 3982 de
1720 3926 1800 3982 mira·

103 4012 156 4067 illa
173 4011 317 4081 proiciat,
350 4031 407 4083 qua
429 4030 476 4067 ⁶0⁸
495 4032 550 4066 non
569 4016 638 4068 aros
662 4031 719 4067 esse
737 4023 857 4082 nostros,
888 4017 940 4068 sao
966 4020 1028 4074 culo
1053 4017 1271 4074 Novatianornm
1289 4016 1376 4070 untur
1403 4014 1465 4070 libr.
1484 4020 1509 4071 4.
1527 4014 1561 4069 de
1582 4015 1647 4070 1111
1668 4030 1728 4085 cap.
1759 4020 1800 4071 14.

105 4116 189 4153 unum
214 4100 309 4153 Deum
342 4100 442 4153 nabere
474 4101 614 4154 nobiscum
636 4102 791 4158 credamus.
822 4101 871 4158 lib.
901 4107 939 4157 to.
966 4104 993 4180 ς’
1020 4104 1069 4159 ult
1095 4105 1205 4169 factum
1233 4118 1292 4155 esse
1317 4102 1395 4156 illud
1418 4118 1475 4154 non
1505 4101 1534 4154 in
1561 4102 1801 4168 confirmationem
1895 4139 1900 4145 -

105 4201 165 4256 rap.
193 4191 241 4240 2⁰:
279 4184 464 4256 (11111111
495 4187 637 4241 miracuta
674 4188 732 4242 eive
763 4204 818 4259 per
856 4204 938 4250 anas·
967 4193 1073 4247 erroris
1092 4189 1268 4258 Novariam,
1298 4189 1350 4241 sea
1374 4187 1515 4242 cemelici
1532 4187 1672 4254 baptismi.
1721 4185 1801 4242 Idem

104 4271 166 4336 los,
209 4272 267 4325 siue
303 4289 462 4341 quacunque
503 4274 587 4328 modo
622 4276 711 4339 dum,
750 4274 810 4327 Dei
846 4272 938 4337 unius,
965 4294 1014 4348 per
1034 4277 1127 4331 omnia
1145 4276 1181 4330 de
1199 4273 1354 4329 Bernhardi
1373 4273 1506 4329 miraculo
1526 4272 1658 4341 dicimus,
1691 4271 1798 4329 factum

104 4357 134 4411 in
163 4374 218 4427 quo
243 4358 304 4412 solo
323 4359 382 4412 nito
410 4358 561 4424 11111111,
588 4366 690 4413 endum
717 4359 936 4428 reliaionemque
964 4380 1001 4418 sc.
1035 4362 1110 4417 illud
1137 4377 1197 4417 esse
1227 4375 1284 4414 uon
1312 4359 1349 4413 sd
1386 4357 1606 4414 confirmandam
1640 4358 1799 4430 religiosam

103 4446 306 4497 conrmendant.
323 4443 372 4502 lib.
391 4443 427 4498 de
445 4460 512 4499 cura
527 4460 578 4514 pro
597 4444 710 4498 mortuis
732 4461 756 4502 e.
775 4450 822 4501 16:
857 4446 938 4498 Deus
963 4458 1121 4504 sanctorum
1148 4447 1350 4501 invocationem
1377 4444 1407 4499 iu
1433 4445 1582 4515 Scripturis
1615 4445 1800 4517 reprobatam,

104 4531 195 4584 edidit
220 4530 359 4584 miracala
378 4548 433 4600 per
450 4539 603 4598 marturum
623 4531 781 4598 memoriae,
806 4530 937 4601 quoniam
963 4535 1011 4591 sed
1039 4535 1076 4589 ad
1102 4531 1320 4589 confirmandum
1348 4531 1610 4603 paedobaptismum
1630 4539 1658 4586 et
1677 4531 1798 4587 ministe-

103 4617 156 4670 lroc
183 4616 261 4671 norit
286 4617 420 4685 expedire
453 4618 533 4671 nobis
563 4620 605 4673 ad
623 4619 833 4687 aedificandam
846 4620 935 4688 fidem
963 4622 1034 4676 rium
1053 4620 1083 4675 in
1101 4620 1252 4690 scripturis
1271 4618 1418 4672 fundatum
1435 4633 1468 4671 ae
1487 4616 1649 4685 stabilitum,
1665 4616 1799 4689 Augusti·

107 4703 219 4773 Christi,
235 4721 291 4771 pro
303 4704 385 4772 eujus
399 4706 576 4774 confessione
588 4711 652 4758 sunt
667 4705 759 4777 parsi.
785 4704 837 4760 Est
850 4705 937 4777 igitur
964 4726 1015 4762 nus
1040 4706 1088 4764 lib.
1118 4711 1158 4763 10.
1184 4705 1219 4760 de
1245 4705 1298 4760 civ.
1325 4703 1380 4759 Dei
1408 4719 1471 4773 cap.
1498 4708 1538 4760 16.
1557 4712 1633 4760 recte
1662 4704 1796 4774 disputat,

103 4788 132 4844 in
161 4798 325 4860 argumento
357 4788 468 4847 fallacia
499 4789 570 4846 finis.
605 4795 630 4847 6.
672 4789 752 4856 Quod
783 4795 937 4848 recentiora
963 4795 1040 4863 quod
1062 4810 1097 4847 ue
1123 4793 1231 4861 cupitis
1254 4791 1367 4862 quidem
1384 4791 1528 4846 seminem
1546 4791 1603 4844 sibi
1617 4791 1683 4853 fitrt'
1701 4799 1796 4860 1161611·

104 4874 238 4930 miracula
271 4873 300 4928 in
323 4882 429 4945 papatu
454 4875 530 4930 tacta
553 4876 661 4945 attinet,
685 4893 718 4932 ea
742 4892 797 4930 nou
822 4887 938 4947 possunt
961 4881 1035 4933 titus
1065 4885 1208 4932 teneantur
1234 4878 1359 4941 credere,
1388 4877 1416 4930 si
1439 4877 1483 4931 rel
1511 4877 1629 4931 manime
1652 4877 1800 4932 miraculis

104 4960 159 5016 dici
179 4960 255 5015 iacta
271 4961 307 5015 ad
331 4950 566 5016 confirmationem
597 4962 740 5016 doctrinae
759 4962 937 5033 propheticae
963 4966 1038 5020 r'tlod
1063 4966 1236 5030 coadunent,
1264 4963 1325 5018 illis
1354 4971 1447 5017 autem
1479 4964 1564 5028 tidem
1591 4963 1799 5033 1111111111-

105 5054 133 5103 et
149 5047 327 5118 apostolicae,
343 5047 447 5118 quippe
464 5063 537 5117 quas
562 5048 640 5102 novis
662 5047 801 5103 miraculis
825 5051 936 5106 minime
962 5071 1054 5121 amur,
1073 5053 1123 5122 qui
1139 5050 1196 5104 soli
1214 5052 1277 5103 Deo
1296 5050 1441 5113 sacrificia
1457 5049 1654 5121 persolvendo
1671 5065 1729 5103 sese
1748 5050 1798 5105 do·

103 5132 218 5205 indiget,
243 5148 307 5187 curn
324 5131 361 5186 ab
379 5131 446 5202 ipsis
472 5133 605 5204 apostolis
624 5134 661 5188 sit
679 5132 851 5190 sufficienter
871 5153 935 5192 con·
963 5148 1038 5205 cent,
1062 5137 1174 5194 etiamsi
1193 5136 1275 5191 noum
1301 5136 1447 5191 miraculis
1481 5136 1559 5191 iilud
1575 5136 1796 5206 haudquaquam

102 5216 220 5287 firmata,
267 5218 383 5290 proinde
410 5218 551 5289 pertinent
575 5219 612 5274 ad
638 5220 720 5292 signa
747 5229 776 5276 et
802 5221 937 5279 miracula
959 5226 1089 5296 probent.
1114 5223 1191 5279 Idem
1203 5221 1343 5292 judicium
1357 5220 1447 5277 sstda
1464 5220 1597 5292 religiosa
1614 5220 1798 5291 invocatione,

103 5303 275 5372 Antichristi,
296 5304 452 5375 dequibus
473 5302 610 5361 2.Thess.
631 5312 655 5362 2.
686 5307 803 5378 Apocal.
827 5315 936 5365 11111.
963 5328 1035 5383 quae
1062 5316 1105 5366 eet
1133 5307 1277 5380 spirituale
1292 5308 1434 5379 quoddam
1462 5305 1630 5362 sacrificium
1658 5305 1795 5364 salivato

105 5397 128 5447 ’1.
147 5391 256 5448 Sanctis
274 5391 304 5446 iu
322 5398 397 5447 terra
414 5392 506 5446 adhue
524 5392 682 5447 visentibus
702 5393 725 5448 is
747 5394 801 5449 luit
818 5395 934 5461 animus,
963 5398 1023 5453 Deo
1041 5397 1173 5452 debitum.

103 5485 136 5534 ut
166 5478 307 5533 noluerint
326 5496 361 5535 ex
390 5478 530 5534 miraculis
549 5477 632 5534 editis
649 5479 802 5551 quidquam
820 5480 936 5552 gloriae,
998 5490 1055 5542 460.
1091 5485 1187 5555 Atque
1202 5476 1707 5551 bascsuutBellarminiargumenta,
1722 5495 1796 5552 quae
1810 5483 1913 5527 urrann

104 5564 196 5625 cultus
214 5569 243 5624 11
260 5563 408 5637 religiosae
432 5564 617 5621 venerationis
640 5564 677 5621 ab
695 5564 853 5623 bominibus
870 5584 935 5641 cap·
962 5587 1014 5641 pro
1045 5569 1221 5629 invocatione
1248 5573 1408 5625 sanctorum
1438 5564 1589 5621 1111111111
1616 5565 1647 5621 in
1674 5566 1797 5625 madium
1808 5536 1941 5640 31:⁸2⁰ss
