4104 6014
202 294 264 354 472
823 277 1267 340 rmorsrusssnunnus

202 461 284 498 sunm
299 443 453 514 subjectum
472 460 527 497 non
545 441 713 512 subsistens,
730 440 826 496 ideosi
838 437 1033 504 confundatur,
1059 435 1156 491 Manes
1177 436 1404 494 resurrectionem
1428 437 1551 508 corporis
1576 433 1745 508 impugnarit
1762 450 1796 489 ex
1814 429 1894 486 dicto

203 546 315 600 prorsus
333 530 436 597 interit,
463 545 496 584 ac
521 529 636 599 proinde
661 528 772 600 quando
797 528 825 580 in
849 525 945 581 eadem
969 538 1035 577 cera
1060 523 1210 592 apostolico
1230 530 1252 578 1.
1273 524 1335 579 Cor.
1357 530 1386 592 t,
1410 541 1434 579 v.
1456 531 1480 579 5.
1514 523 1580 577 Scio
1604 520 1735 590 (dicebat)
1760 519 1895 590 spirtum

204 616 377 686 imprimitur,
395 633 451 670 non
465 622 508 669 est
520 615 593 671 idem
604 629 719 669 numero
732 614 857 685 signum3
878 612 927 666 sed
943 609 1036 664 anima
1060 609 1170 663 salvari
1186 611 1288 679 αὸεφιο
1306 626 1434 679 corpore.
1471 610 1534 664 Hoc
1557 610 1630 663 enim
1649 607 1795 678 mustolia
1813 603 1894 669 dicit,

204 700 345 755 radonalis
374 706 416 755 est
441 700 530 755 forma
555 699 709 754 essentialis
733 716 783 769 per
808 715 838 753 se
855 698 939 753 etlam
957 701 1036 751 extra
1061 697 1195 749 tradatur
1212 697 1279 750 talis
1298 696 1426 750 Mance
1443 696 1474 748 in
1494 695 1636 750 interitum
1654 695 1766 757 curnis,
1786 699 1818 745 at
1835 690 1894 759 spi·

204 787 326 856 corporis
343 785 510 840 domicilium
528 785 694 854 subsistens,
713 784 829 855 proinde
845 783 957 856 qnando
977 795 1035 836 cor·
1061 780 1132 832 ritate
1150 782 1275 834 solvetur
1296 782 1328 835 in
1349 783 1396 834 die
1417 781 1549 847 Domini,
1571 782 1635 835 hine
1658 779 1813 845 inserebat,
1837 793 1895 830 non

205 874 265 944 pori
290 890 306 928 e
328 878 401 926 terra
423 871 585 926 resuscitato
609 871 706 925 divina
728 872 830 927 virtute
853 871 953 925 iterum
973 883 1035 921 con·
1061 867 1125 929 fore
1144 867 1374 921 remorationem
1392 885 1543 937 corporum
1562 876 1613 921 nat
1631 867 1734 922 carteia.
1768 865 1896 934 Rumpun-

201 959 343 1030 jungitnr,
368 958 442 1012 idem
465 972 578 1011 numero
597 957 780 1027 compositum
798 956 891 1012 efficit.
932 960 957 1010 9.
976 951 1037 1006 Etsi
1063 954 1171 1009 demus:
1190 972 1245 1010 non
1263 962 1356 1025 potest
1372 954 1418 1009 hic
1437 955 1514 1010 locus
1532 955 1634 1026 opponi
1647 952 1806 1008 clarissimis
1820 949 1894 1005 stri-

204 1061 260 1100 non
286 1050 379 1115 potest
397 1042 452 1096 dici
473 1041 545 1095 idem
563 1058 677 1097 numero
694 1042 837 1113 sigillum,¹
853 1043 878 1096 si
895 1056 989 1094 rursus
1008 1037 1037 1091 in
1063 1047 1160 1110 pturae
1187 1041 1282 1108 dictis,
1314 1057 1386 1112 quae
1417 1058 1564 1112 corporum
1591 1038 1818 1097 resurrectionem
1845 1035 1895 1091 ad-

205 1131 302 1185 eadem
320 1145 384 1184 cera
401 1128 588 1199 imprimatur,
619 1135 713 1182 manet
731 1135 825 1184 tamen
844 1129 940 1184 eadem
959 1140 1037 1192 cera3
1063 1132 1181 1180 struunt.
1217 1126 1337 1192 Quidam
1360 1126 1446 1197 igitur
1470 1127 1610 1182 interitum
1637 1126 1728 1182 carnis
1752 1126 1897 1195 exponunt

205 1216 245 1270 sic
265 1215 317 1269 etsi
336 1213 514 1270 confunditur
530 1213 622 1285 figura
639 1212 829 1270 substantialis
847 1212 969 1283 corporis
987 1210 1037 1263 hu·
1064 1212 1099 1267 de
1118 1213 1238 1283 corporis
1257 1211 1438 1267 emaciatione
1458 1212 1584 1266 exhausti
1613 1212 1720 1268 scilicet
1737 1228 1788 1281 per
1808 1207 1896 1263 tristi·

206 1302 280 1356 mani
303 1302 334 1355 in
356 1300 498 1371 sepulcro,
525 1299 591 1370 qnia
612 1304 705 1354 tamen
726 1301 822 1355 eadem
842 1298 959 1355 materia
976 1311 1038 1351 oum
1064 1299 1131 1352 tiam
1148 1298 1225 1353 vitali
1244 1315 1341 1362 sacco,
1361 1297 1474 1368 spiritns
1492 1298 1604 1352 nomine
1624 1297 1785 1369 intelligunt
1802 1296 1896 1366 ipsam

209 1385 425 1459 proprietatibus
451 1384 689 1439 individuantibus
715 1386 809 1440 divina
831 1386 935 1440 virtute
960 1381 1038 1437 resti·
1065 1385 1192 1453 animam,
1205 1384 1249 1439 cui
1263 1382 1325 1439 κατ’
1340 1383 1437 1454 ἐξοχὴν
1450 1383 1524 1437 salus
1533 1383 1674 1437 tribuatur
1685 1382 1791 1438 l.Petr.
1800 1387 1858 1449 l,v.
1869 1386 1896 1434 9.

206 1480 312 1540 tuetur,
337 1474 410 1527 idem
435 1487 549 1525 numero
573 1487 674 1540 corpus
697 1472 891 1527 resuscitatum
913 1469 947 1524 iri
964 1474 1040 1523 recte
1066 1469 1184 1535 Quidam
1208 1486 1259 1541 per
1285 1470 1375 1525 carnis
1403 1469 1545 1523 interitum
1573 1467 1752 1523 afflictionem
1771 1467 1896 1538 corporis

207 1559 345 1614 statuitur.
1066 1555 1205 1611 aSatana
1227 1556 1333 1610 illatam
1358 1556 1524 1627 intelligunt.
1560 1555 1722 1609 Ambrosius
1747 1554 1793 1608 lib.
1817 1561 1839 1609 1.
1858 1552 1896 1607 de

208 1663 231 1707 ,r-
242 1649 285 1700 19.
321 1652 345 1700 6.
357 1643 461 1698 Eodem
474 1642 533 1697 fere
545 1641 626 1697 modo
637 1639 1035 1712 respondendumadsimilem
1066 1642 1216 1711 poenitent.
1237 1659 1298 1712 cap.
1319 1646 1357 1699 12.
1381 1647 1446 1696 tom.
1469 1649 1491 1697 1.
1516 1660 1543 1713 p.
1564 1648 1627 1697 160:
1657 1641 1737 1696 Sicut
1756 1640 1897 1694 Dominae

207 1729 452 1785 ratiocinationem.
488 1727 672 1797 Qrmecanqae
697 1730 830 1798 differant
847 1727 952 1798 specie,
982 1739 1039 1777 non
1065 1729 1096 1781 t'n
1114 1729 1238 1783 animam
1256 1731 1349 1784 sunm
1364 1730 1422 1783 Jot
1435 1737 1602 1798 potestatem
1618 1734 1675 1783 non
1693 1728 1782 1792 dedit,
1801 1727 1896 1780 sedin

208 1816 372 1870 conveniunt
400 1831 525 1870 numero.
568 1812 679 1884 Corpus
711 1823 851 1868 mortuum
883 1821 910 1867 et
940 1825 1040 1880 cottam
1065 1832 1179 1870 samem
1194 1818 1256 1885 ejas
1268 1817 1402 1887 pmmsbit
1418 1817 1579 1884 licentium,⁸
1602 1816 1645 1870 itu
1663 1822 1689 1868 et
1706 1815 1752 1868 tte
1769 1815 1897 1867 nuditer

207 1904 298 1956 oioam
329 1902 463 1971 differunt
493 1901 598 1973 specie,
631 1901 700 1971 qaia
727 1900 819 1953 uicum
848 1908 874 1954 et
902 1904 1040 1953 mortuam
1068 1903 1192 1958 ,satam
1217 1904 1415 1967 initantum
1443 1905 1556 1969 carnia,
1585 1911 1616 1956 us
1645 1918 1760 1972 perpetu
1790 1909 1897 1955 terram

207 1989 300 2058 specie
318 1989 463 2058 differunt.
501 1989 583 2055 ldrpo
602 2004 658 2040 non
677 1987 842 2040 conveniant
860 2000 989 2046 numero,
1013 1989 1039 2034 et
1065 1991 1127 2059 eju,
1144 1990 1277 2058 lemme,
1305 2007 1362 2043 Μ
1381 1999 1512 2059 noema,-
1543 1990 1607 2045 vide
1636 1989 1728 2044 locum
1756 1987 1897 2058 integrum

203 2091 258 2143 per
276 2090 444 2143 corsseqaeas
463 2090 587 2143 corpora
606 2073 774 2143 resuscitata
793 2091 850 2127 non
866 2079 931 2125 aaut
942 2070 1040 2122 tudem
1065 2091 1099 2131 ac
1123 2092 1181 2147 seq.
1208 2092 1266 2145 cap.
1295 2080 1334 2130 13.
1369 2074 1526 2147 Simplicius
1554 2081 1583 2130 et
1614 2075 1708 2145 phrasi
1735 2072 1898 2144 Scripturas

207 2176 335 2228 numero,
365 2176 436 2228 qaae
468 2160 612 2223 defuneto.
649 2157 767 2222 Quidam
795 2156 964 2228 respondent
989 2167 1040 2223 per
1066 2162 1274 2217 convenientius
1304 2169 1348 2217 est
1379 2179 1429 2232 per
1458 2178 1571 2216 comem
1601 2161 1727 2232 accipere
1757 2159 1897 2215 hominem

208 2246 421 2310 distinctionem,
449 2263 553 2315 corpas
570 2245 691 2299 hortinis
709 2246 817 2300 dachas
837 2244 931 2297 modis
950 2241 1040 2295 cond·
1066 2255 1194 2316 veterem,
1213 2265 1263 2318 per
1279 2249 1410 2318 spiritum
1427 2264 1492 2304 7010
1509 2264 1620 2317 mmm,
1639 2253 1671 2301 ut
1683 2246 1836 2317 sirpeam,
1853 2246 1897 2300 in.

209 2333 309 2387 derat-i
322 2349 413 2402 posse.
449 2331 548 2384 Primo
569 2338 706 2399 quotenne
727 2348 829 2400 corpus
854 2338 907 2398 est,
935 2328 1038 2382 deinde
1065 2339 1222 2389 cestuosum
1259 2334 1321 2389 ideo
1352 2333 1438 2389 inisse
1468 2334 1753 2403 excommunicatum,
1790 2338 1824 2388 ut
1862 2349 1897 2388 ex

208 2428 345 2488 antonus
374 2426 415 2470 est
444 2434 548 2486 sorpto
573 2418 732 2475 hamanum.
771 2416 914 2479 Quatenus
936 2431 1039 2483 eorpus
1065 2419 1223 2490 hujusmodi
1241 2435 1340 2490 poena,
1364 2420 1478 2491 pudore,
1503 2419 1605 2485 dolore,
1623 2419 1737 2474 tristitia
1755 2423 1784 2472 et
1800 2417 1898 2490 pomi-

209 2514 262 2569 est,
289 2505 486 2558 eonmderutur
510 2504 540 2556 in
566 2504 666 2557 ordine
689 2506 730 2557 ud
747 2505 942 2558 elementorum
959 2507 1039 2554 natu·
1065 2506 1161 2560 tudine
1182 2511 1275 2560 exorta
1292 2512 1372 2561 vetus
1392 2506 1474 2561 homo
1491 2522 1525 2560 ac
1544 2521 1621 2575 earo,
1649 2522 1721 2577 quae
1743 2505 1781 2560 ad
1798 2520 1897 2575 pecca·

209 2609 272 2646 ram
288 2599 313 2643 et
326 2597 367 2642 est
379 2592 511 2658 cadaver,
529 2597 555 2642 et
568 2589 610 2642 tic
630 2590 692 2642 dici
702 2607 787 2658 pocae
805 2589 897 2659 speeie
916 2587 1041 2657 differto,
1066 2600 1126 2646 tum
1143 2609 1206 2647 eum
1225 2592 1411 2648 solicitaverat
1430 2599 1459 2648 et
1476 2591 1637 2661 induxerat,
1655 2591 1791 2657 dometur,
1809 2592 1898 2646 crnci-

210 2680 282 2731 tt'ttt
300 2678 423 2730 cadaver
439 2684 466 2730 tt
484 2694 586 2746 cortem
607 2676 714 2743 tivum,
739 2694 758 2729 α
777 2693 831 2744 ttw
846 2674 975 2746 pro-'tim
993 2674 1039 2738 so
1065 2678 1168 2751 ligatur
1193 2695 1226 2734 ac
1247 2679 1435 2749 interimatur,
1467 2688 1499 2735 ut
1525 2697 1614 2735 novus
1631 2695 1665 2735 ac
1682 2679 1797 2734 interior
1815 2678 1898 2734 bomo

94 2779 148 2820 xix.
163 2777 197 2820 ae.
211 2773 285 2818 ctam
305 2771 358 2833 eet,
384 2765 527 2834 differunt
564 2764 677 2816 Deinde
696 2763 875 2817 considerari
891 2777 993 2829 corpas
1010 2758 1041 2812 t‘n
1066 2765 1216 2822 reviviscat
1228 2770 1257 2820 et
1270 2765 1306 2820 ad
1319 2765 1404 2820 ritum
1416 2773 1557 2821 aeternam
1571 2772 1760 2822 conseretur.
1789 2770 1815 2820 9.
1829 2764 1897 2820 Hie-

93 2830 147 2883 (⁸¹⁰)

210 2858 338 2920 respectu
361 2851 402 2901 ast
418 2850 542 2902 anianum
565 2865 645 2902 artam
669 2855 802 2916 mannam
821 2848 982 2916 sot-mutum
1000 2845 1042 2897 ad
1066 2868 1197 2922 ronymus
1227 2852 1256 2906 in
1293 2851 1373 2922 epist.
1403 2851 1439 2905 ad
1469 2851 1583 2907 Avitum
1614 2853 1713 2920 refert,
1748 2851 1899 2924 Origenem

207 2937 358 3005 proprium
383 2954 464 2989 ettam
487 2936 625 3004 sormam,
653 2940 678 2988 et
702 2934 775 2987 hanc
793 2941 949 3004 respectum
968 2932 1041 2985 inter
1066 2936 1118 2992 hoc
1151 2943 1315 3008 argumento
1344 2937 1571 2993 resurrectionem
1595 2937 1686 2992 carnis
1703 2937 1898 3010 impugnasse:

212 3024 336 3077 unimam
356 3030 382 3074 et
399 3038 502 3091 corpas
520 3037 578 3074 esse
597 3039 658 3074 enm
675 3027 770 3073 nsatuo
781 3021 904 3089 qaedam
916 3019 1041 3087 appetita
1068 3025 1096 3076 Ε
1114 3024 1223 3077 dachas
1240 3023 1361 3076 aderam
1378 3023 1518 3092 moenere
1536 3024 1668 3092 capimur,
1684 3032 1715 3077 at
1731 3032 1782 3078 ont
1799 3026 1898 3095 despe-

211 3117 238 3162 ct
253 3108 446 3174 inclinatione,
465 3114 496 3161 ui
515 3107 595 3160 docet
613 3106 809 3160 Bonavenittrss
826 3111 897 3176 pari.
911 3110 934 3160 Ἰ.
952 3103 1040 3159 brevi·
1066 3128 1158 3164 mmm
1175 3110 1389 3164 simulitudinem
1407 3110 1480 3175 Dei,
1509 3111 1536 3164 ai
1560 3113 1657 3165 eadem
1675 3127 1784 3179 semper
1801 3130 1898 3166 mmm

211 3195 287 3264 loqu.
305 3209 365 3263 cap.
386 3199 410 3247 5.
441 3192 477 3245 In
494 3193 546 3246 hoc
565 3201 694 3260 respecta
713 3191 837 3245 animum
853 3191 973 3260 intueri,
991 3207 1041 3259 up·
1067 3214 1190 3267 corpora
1206 3196 1339 3264 habitari,
1359 3203 1409 3250 out
1426 3197 1454 3249 si
1470 3195 1611 3251 tenuando
1623 3198 1750 3265 eiusdem
1761 3215 1824 3251 cam
1834 3199 1898 3251 Deo

206 3289 302 3350 petere
322 3287 347 3332 et
365 3281 529 3332 desiderare
546 3296 627 3332 saum
645 3286 671 3330 ct
690 3296 747 3331 non
765 3279 849 3331 uliud
866 3294 968 3346 corpus
980 3285 1039 3329 ton·
1066 3284 1139 3337 vitae
1158 3282 1365 3352 promittimur,
1396 3283 1511 3347 eadem,
1537 3299 1593 3351 qim
1610 3283 1678 3338 cinit
1696 3286 1791 3352 Deus,
1818 3285 1900 3339 nobb

211 3384 294 3436 pisam
311 3373 469 3433 competens
486 3382 566 3418 suam
582 3363 774 3417 habitaculam
793 3372 819 3416 et
840 3363 963 3416 vietam
980 3379 1042 3417 cor·
1067 3369 1225 3425 conditione
1253 3369 1385 3421 utendam
1410 3376 1458 3425 est.
1492 3366 1717 3439 Respondemus:
1749 3375 1771 3424 1.
1790 3369 1898 3440 primus

207 3452 277 3521 P‘m'
294 3458 425 3519 ‘mittam
442 3452 567 3516 sOtmatt
585 3450 674 3503 item
691 3451 721 3503 ’κ’
741 3449 892 3504 trwtt'tmit
909 3456 935 3503 et
954 3449 1041 3518 impi-
1066 3456 1148 3512 homo
1170 3454 1207 3510 ad
1229 3453 1283 3508 Dei
1307 3453 1457 3525 imaginem
1480 3460 1508 3510 et
1530 3455 1737 3512 similitudinem
1754 3463 1814 3512 erat
1832 3472 1898 3511 con·

210 3539 331 3592 rationis
349 3537 476 3602 divitae.
497 3537 578 3606 wjut
600 3536 684 3591 temti
700 3538 848 3607 parlittpt
863 3537 973 3600 factum
992 3544 1042 3601 0⁸2,
1066 3543 1141 3597 ditus
1162 3557 1195 3595 ac
1220 3539 1396 3595 nihilominus
1419 3558 1513 3597 rerum
1533 3539 1656 3597 habebat
1673 3557 1783 3613 corpus.
1821 3541 1898 3615 Ergo
1910 3553 1965 3595 ιιι.
1976 3551 2005 3596 n.

211 3626 403 3695 affectionem,
425 3640 480 3692 per
500 3641 583 3693 qaam
607 3623 751 3676 altitnatnr
770 3624 806 3677 ab
830 3622 955 3676 omnibus
973 3623 1041 3676 alit't
1065 3627 1187 3697 corporis
1210 3627 1311 3681 veritas
1337 3632 1366 3681 et
1389 3625 1444 3680 Dei
1467 3626 1618 3681 similitudo
1636 3626 1689 3681 sibi
1706 3626 1824 3682 invicem
1840 3606 1966 3684 nonffl‘i

211 3711 358 3766 animatas
388 3728 422 3763 ac
453 3711 573 3764 retinere
605 3728 685 3763 auam
708 3710 779 3766 tinne
802 3709 984 3763 demandatis
1010 3710 1041 3762 in
1065 3714 1254 3769 adversantur,
1299 3717 1323 3766 2.
1356 3711 1511 3768 Similitudo
1540 3713 1608 3780 Dei,
1639 3713 1676 3768 ad
1703 3730 1787 3786 qnam
1816 3714 1898 3770 homo

212 3801 277 3870 ipsu
295 3799 406 3850 animae
425 3799 546 3850 essentia
567 3796 711 3850 residuam
729 3805 755 3851 et
773 3797 857 3867 qaam
870 3797 994 3866 potitum
1010 3797 1041 3849 in
1067 3801 1194 3857 conditus
1219 3806 1247 3855 et
1270 3798 1306 3853 ad
1324 3816 1408 3870 quam
1427 3799 1457 3854 in
1473 3799 1531 3854 vita
1547 3805 1661 3854 aeterna
1678 3800 1898 3871 reformabimur,

212 3893 365 3955 semiantro.
399 3881 505 3948 Quodsi
523 3882 606 3937 alicui
624 3882 740 3939 dubium
759 3882 898 3948 videatur,
929 3899 965 3937 an
982 3899 1041 3937 cor·
1068 3905 1123 3942 non
1141 3888 1170 3940 in
1188 3883 1358 3954 substantia,
1390 3886 1440 3940 sed
1465 3885 1494 3939 in
1520 3886 1702 3956 qualitatibus
1731 3888 1899 3958 quaerenda.

213 3972 272 4042 pori
292 3976 400 4024 mortuo
426 3969 490 4024 talis
508 3968 618 4025 affectio
640 3978 668 4025 et
688 3970 764 4024 velut
782 3969 922 4041 appetitus
940 3969 1042 4039 proprii
1068 3979 1095 4028 3.
1122 3974 1248 4030 Christus
1275 3990 1378 4042 corpas
1403 3981 1526 4027 nostram
1551 3974 1655 4028 humile
1677 3977 1899 4045 trunafiparubit,

214 4057 335 4128 corporis
363 4061 518 4127 competat,
554 4055 706 4127 simplicius
739 4057 904 4127 respondere
933 4057 1042 4127 poterit,
1068 4068 1099 4115 at
1118 4061 1259 4114 reddatur
1279 4060 1424 4125 conforme
1442 4060 1625 4128 corporisne
1646 4060 1770 4129 plorioao
1788 4061 1899 4128 Phila,

214 4144 388 4199 identitatem
414 4143 583 4197 numericam
614 4142 686 4198 inter
712 4159 812 4213 corpus
838 4142 931 4196 rivum
956 4147 984 4196 et
1001 4160 1042 4198 re·
1070 4166 1093 4204 r.
1115 4153 1157 4204 21.
1188 4144 1263 4217 Ergo
1285 4144 1436 4200 similitudo
1456 4145 1509 4201 Dei
1528 4152 1557 4200 et
1574 4144 1692 4216 Christi,
1709 4147 1745 4201 ad
1766 4163 1850 4218 quam
1869 4148 1900 4202 in

214 4231 377 4285 suscitatum
400 4229 599 4285 aestimandam
621 4245 682 4283 esse
706 4245 762 4282 non
782 4233 911 4298 respectu
933 4229 1043 4283 termini
1070 4235 1127 4288 vim
1145 4239 1256 4289 aeterna
1274 4229 1548 4302 transfigurabimur‚
1578 4233 1778 4304 praesupponit
1797 4234 1900 4290 verita·

215 4334 304 4388 aquo
323 4316 471 4389 propioris,
491 4316 539 4388 qui
557 4321 600 4370 est
616 4331 718 4383 corpus
735 4320 881 4377 mortuum,
895 4313 945 4368 sed
957 4330 1043 4369 remo·
1069 4327 1126 4375 tem
1144 4318 1275 4389 eorporis,
1295 4323 1403 4372 tantum
1424 4317 1511 4386 abest,
1529 4325 1561 4372 nt
1579 4334 1641 4373 eam
1659 4326 1773 4375 evertat
1812 4327 1837 4377 t.
1856 4318 1901 4375 Si·

170 4428 176 4439 ·
214 4404 302 4470 tioria,
320 4404 366 4472 qni
386 4407 428 4456 est
446 4417 545 4470 corpus
563 4401 591 4454 in
609 4399 663 4454 hac
682 4399 740 4454 rita
758 4399 963 4458 adhucrivum.
1069 4406 1251 4462 militudinem
1279 4405 1355 4459 illam
1382 4409 1504 4459 nostram
1528 4422 1591 4461 cum
1607 4405 1669 4460 Deo
1687 4406 1829 4462 Johannea
1844 4409 1901 4463 col-

249 4502 290 4552 eo.
328 4504 351 4551 ῖ.
381 4496 500 4560 Quidam
526 4496 610 4551 etiam
637 4501 739 4566 urgent
764 4494 869 4549 dictrrm
896 4495 1043 4564 1.0or.t,
1070 4495 1143 4550 locat
1166 4495 1195 4548 in
1216 4492 1270 4547 Dei
1292 4491 1412 4561 visione,
1441 4507 1496 4545 non
1518 4497 1612 4546 autem
1635 4493 1664 4546 in
1691 4493 1813 4562 corporis
1832 4493 1900 4549 abo·

213 4584 590 4638 v.1³:l)earetoentrem
607 4590 632 4636 et
649 4599 729 4636 escas
746 4584 877 4637 destruet.
915 4584 994 4652 Erpo
1013 4585 1042 4637 in
1069 4582 1164 4637 litione
1191 4587 1220 4635 et
1248 4580 1277 4633 iu
1304 4578 1475 4649 spiritualem
1503 4579 1686 4635 substantiam
1712 4580 1900 4651 conversione,

212 4671 416 4723 restet-rectione
436 4677 467 4722 at
486 4671 633 4723 cessabant
652 4686 740 4738 mene,
758 4671 800 4722 ita
819 4687 927 4739 quoqne
941 4678 1043 4741 uenter,
1073 4677 1093 4725 1.
1111 4667 1175 4723 Joh.
1194 4674 1218 4731 3,
1238 4684 1263 4721 v.
1282 4671 1312 4721 2:
1334 4666 1448 4720 Similae
1463 4667 1491 4720 ei
1510 4666 1627 4731 etimne,
1647 4667 1777 4736 pamniam
1795 4668 1901 4723 videbi·

214 4765 240 4810 et
274 4774 325 4825 per
355 4772 525 4824 consequens
557 4773 678 4825 corpora
710 4757 878 4809 remucitata
909 4774 960 4811 nec
988 4766 1044 4811 sto·
1069 4774 1129 4809 mas
1148 4771 1209 4807 eam
1227 4753 1298 4805 siout
1316 4760 1365 4808 est.

213 4842 326 4895 machot
349 4857 400 4894 nec
423 4848 532 4894 ventres
554 4858 603 4893 nee
622 4857 722 4894 crimea
740 4841 883 4895 habebrmt.
920 4842 1043 4912 Respon·
1103 4847 1144 4896 81.
1177 4840 1230 4906 Qui
1255 4837 1442 4892 diversitatem
1469 4836 1600 4892 materiae
1622 4838 1652 4893 in
1676 4837 1839 4909 corporibus
1856 4849 1979 4900 ratim

214 4930 321 4983 demus:
345 4925 494 4997 Apostolus
512 4926 547 4979 de
567 4935 663 4981 ventre
675 4944 731 4982 non
744 4927 853 4983 ratione
864 4931 1042 4990 substantioe,
1068 4925 1206 4981 suscitatis
1220 4931 1383 4996 agnoscunt,
1403 4923 1456 4978 hoc
1473 4930 1590 4978 utuntur
1607 4930 1788 4996 argumento:
1806 4928 1900 4981 Mate-
1912 4906 2003 5006 mii

213 5014 261 5069 sed
279 5014 384 5068 ratione
403 5030 468 5067 ruste
487 5012 598 5082 proprie
619 5013 687 5084 agit,
708 5013 783 5085 quod
797 5013 903 5069 scilicet
916 5014 945 5068 in
957 5021 1043 5069 morte
1069 5015 1131 5068 riae
1157 5014 1291 5066 identitas
1317 5013 1358 5064 oct
1379 5011 1552 5064 numericam
1572 5019 1599 5064 et
1616 5011 1790 5066 essentialem
1806 5006 2012 5099 Μαι-’Ἢ

213 5106 308 5155 venter
326 5100 366 5153 ita
385 5100 556 5163 destruatur,
583 5103 692 5154 utnon
720 5099 840 5171 amphus
858 5100 928 5155 escis
947 5117 1041 5170 pasca·
1068 5108 1122 5152 tem
1140 5116 1315 5168 neqrsuqnom
1332 5097 1502 5166 requiritur,
1528 5098 1580 5150 sed
1602 5098 1725 5164 sufficit,
1750 5098 1779 5152 εἰ
1800 5101 1901 5154 eodem
1913 5069 1998 5152 ffuri-

212 5197 258 5243 tur
285 5193 313 5241 et
339 5202 498 5256 quanquam
521 5185 550 5238 in
569 5187 779 5266 resuscitatione
798 5187 920 5257 corporis
940 5186 1043 5240 homini
1067 5188 1163 5250 forma
1194 5177 1372 5255 permaneat.
1411 5184 1460 5237 Sic
1488 5185 1518 5237 in
1548 5185 1772 5253 oapmentnts'one
1797 5194 1825 5240 et
1853 5164 2007 5256 stc-m

213 5272 370 5327 reddendus
395 5273 444 5340 sit,
475 5288 532 5326 non
554 5278 648 5326 tamen
668 5273 786 5342 amplius
809 5273 879 5328 escis
898 5272 1042 5343 indigebit.
1069 5272 1189 5326 credone
1217 5289 1290 5325 noea
1316 5271 1435 5322 necteria
1460 5272 1627 5339 apponitur,
1657 5288 1692 5325 ac
1717 5268 1977 5328 antoninum

212 5355 423 5434 Καταργήσεται
443 5359 530 5429 igitur
553 5355 570 5425 ἡ
596 5361 686 5412 κοιλία
712 5366 772 5413 tum
799 5360 828 5413 in
846 5358 899 5414 hac
915 5359 973 5412 rita
993 5376 1044 5430 per
1068 5359 1142 5411 idem
1160 5374 1276 5412 numero
1294 5356 1447 5424 subjectam
1464 5374 1576 5410 monere
1593 5365 1726 5413 censetur.
1767 5360 1903 5421 Quomos'e

212 5453 335 5512 mortem,
352 5452 411 5498 tum
430 5445 459 5498 in
479 5444 568 5498 altera
582 5444 640 5497 vita
656 5443 763 5499 ratione
782 5461 848 5499 usus
866 5444 923 5499 cibi
943 5461 976 5498 ac
995 5462 1042 5516 po
1069 5445 1156 5513 ipitur
1173 5451 1323 5509 armantur,
1343 5445 1471 5507 mom
1489 5443 1577 5496 olium
1594 5446 1722 5514 eorporis
1741 5449 1904 5502 resuscitati

212 5540 266 5587 tus.
301 5538 324 5586 8.
343 5530 515 5600 Epiphanius
538 5535 637 5585 contra
654 5528 832 5586 Manichacus
849 5531 948 5601 refert,
968 5530 1042 5600 quod
1069 5532 1225 5597 materiam,
1243 5536 1337 5582 tumen
1352 5536 1471 5598 propter
1488 5547 1574 5582 anam
1591 5533 1764 5601 eandemque
1777 5536 1903 5590 unimam
