<?xml version="1.0" encoding="UTF-8"?>
<!DOCTYPE html PUBLIC "-//W3C//DTD XHTML 1.0 Transitional//EN"
    "http://www.w3.org/TR/xhtml1/DTD/xhtml1-transitional.dtd">
<html xmlns="http://www.w3.org/1999/xhtml" xml:lang="en" lang="en">
 <head>
  <title>
</title>
<meta http-equiv="Content-Type" content="text/html;charset=utf-8" />
  <meta name='ocr-system' content='tesseract 3.04.00' />
  <meta name='ocr-capabilities' content='ocr_page ocr_carea ocr_par ocr_line ocrx_word'/>
</head>
<body>
  <div class='ocr_page' id='page_1' title='image "./locitheologicit00gerhgoog/locitheologicit00gerhgoog_0041.png"; bbox 0 0 4104 6014; ppageno 0'>
   <div class='ocr_carea' id='block_1_1' title="bbox 219 179 1318 247">
    <p class='ocr_par' dir='ltr' id='par_1_1' title="bbox 219 179 1318 247">
     <span class='ocr_line' id='line_1_1' title="bbox 219 179 1318 247; baseline -0.003 0"><span class='ocrx_word' id='word_1_1' title='bbox 219 188 260 247; x_wconf 80' lang='grc'><strong>30</strong></span> <span class='ocrx_word' id='word_1_2' title='bbox 279 179 292 200; x_wconf 76' lang='lat'><strong>⁴</strong></span> <span class='ocrx_word' id='word_1_3' title='bbox 800 182 923 242; x_wconf 77' lang='lat' dir='ltr'><strong>Locus</strong></span> <span class='ocrx_word' id='word_1_4' title='bbox 942 181 1147 242; x_wconf 68' lang='lat' dir='ltr'><strong>manemus</strong></span> <span class='ocrx_word' id='word_1_5' title='bbox 1171 182 1318 244; x_wconf 76' lang='lat' dir='ltr'><strong>SEXTUS</strong></span> 
     </span>
    </p>
   </div>
   <div class='ocr_carea' id='block_1_2' title="bbox 93 335 1991 5176">
    <p class='ocr_par' dir='ltr' id='par_1_2' title="bbox 93 335 1991 5176">
     <span class='ocr_line' id='line_1_2' title="bbox 220 335 1915 411; baseline 0.004 -20"><span class='ocrx_word' id='word_1_6' title='bbox 220 335 308 393; x_wconf 80' lang='lat' dir='ltr'><strong>stolus</strong></span> <span class='ocrx_word' id='word_1_7' title='bbox 332 335 456 410; x_wconf 85' lang='lat' dir='ltr'><strong>loquitur</strong></span> <span class='ocrx_word' id='word_1_8' title='bbox 480 336 517 396; x_wconf 89' lang='grc' dir='ltr'><strong>ιι</strong></span> <span class='ocrx_word' id='word_1_9' title='bbox 540 343 616 395; x_wconf 87' lang='lat' dir='ltr'><strong>statu</strong></span> <span class='ocrx_word' id='word_1_10' title='bbox 633 337 716 395; x_wconf 80' lang='grc' dir='ltr'>Διιι</span> <span class='ocrx_word' id='word_1_11' title='bbox 741 344 771 395; x_wconf 90' lang='grc' dir='ltr'><strong>ιι</strong></span> <span class='ocrx_word' id='word_1_12' title='bbox 791 338 972 411; x_wconf 82' lang='lat' dir='ltr'><strong>qualitatibus</strong></span> <span class='ocrx_word' id='word_1_13' title='bbox 991 355 1051 395; x_wconf 90' lang='lat' dir='ltr'><strong>eor·</strong></span> <span class='ocrx_word' id='word_1_14' title='bbox 1077 354 1188 408; x_wconf 72' lang='lat' dir='ltr'><strong>poenas</strong></span> <span class='ocrx_word' id='word_1_15' title='bbox 1208 338 1256 393; x_wconf 82' lang='lat' dir='ltr'><strong>illi</strong></span> <span class='ocrx_word' id='word_1_16' title='bbox 1267 339 1390 408; x_wconf 76' lang='lat' dir='ltr'><strong>proprie</strong></span> <span class='ocrx_word' id='word_1_17' title='bbox 1402 340 1568 397; x_wconf 74' lang='lat' dir='ltr'><strong>semesam</strong></span> <span class='ocrx_word' id='word_1_18' title='bbox 1582 341 1693 408; x_wconf 66' lang='lat' dir='ltr'><strong>aare,</strong></span> <span class='ocrx_word' id='word_1_19' title='bbox 1711 341 1915 397; x_wconf 83' lang='lat' dir='ltr'><strong>mortalitatem</strong></span> 
     </span>
     <span class='ocr_line' id='line_1_3' title="bbox 220 423 1916 498; baseline 0.001 -18"><span class='ocrx_word' id='word_1_20' title='bbox 220 423 295 494; x_wconf 83' lang='lat' dir='ltr'><strong>poris</strong></span> <span class='ocrx_word' id='word_1_21' title='bbox 315 424 376 495; x_wconf 88' lang='lat' dir='ltr'><strong>ejus</strong></span> <span class='ocrx_word' id='word_1_22' title='bbox 395 429 460 498; x_wconf 91' lang='lat' dir='ltr'><strong>post</strong></span> <span class='ocrx_word' id='word_1_23' title='bbox 478 425 602 497; x_wconf 90' lang='lat' dir='ltr'><strong>lapsum,</strong></span> <span class='ocrx_word' id='word_1_24' title='bbox 633 425 745 498; x_wconf 88' lang='lat' dir='ltr'><strong>quando</strong></span> <span class='ocrx_word' id='word_1_25' title='bbox 762 425 854 482; x_wconf 75' lang='lat' dir='ltr'><strong>factrus</strong></span> <span class='ocrx_word' id='word_1_26' title='bbox 879 433 922 482; x_wconf 91' lang='lat' dir='ltr'><strong>est</strong></span> <span class='ocrx_word' id='word_1_27' title='bbox 939 425 1052 481; x_wconf 89' lang='lat' dir='ltr'><strong>humani</strong></span> <span class='ocrx_word' id='word_1_28' title='bbox 1080 441 1189 494; x_wconf 73' lang='lat' dir='ltr'><strong>amasse</strong></span> <span class='ocrx_word' id='word_1_29' title='bbox 1213 425 1375 480; x_wconf 72' lang='lat' dir='ltr'><strong><em>naturalem</em></strong></span> <span class='ocrx_word' id='word_1_30' title='bbox 1401 426 1560 480; x_wconf 77' lang='grc' dir='ltr'>ιιιιιιιίιιιι</span> <span class='ocrx_word' id='word_1_31' title='bbox 1582 444 1617 481; x_wconf 88' lang='lat' dir='ltr'><strong>ae</strong></span> <span class='ocrx_word' id='word_1_32' title='bbox 1644 427 1806 496; x_wconf 78' lang='grc' dir='ltr'>ιιιῑιιιιιιι,</span> <span class='ocrx_word' id='word_1_33' title='bbox 1837 429 1916 497; x_wconf 77' lang='lat' dir='ltr'><strong>qaod</strong></span> 
     </span>
     <span class='ocr_line' id='line_1_4' title="bbox 220 510 1915 586; baseline 0 -18"><span class='ocrx_word' id='word_1_34' title='bbox 220 511 330 585; x_wconf 86' lang='lat' dir='ltr'><strong>generis</strong></span> <span class='ocrx_word' id='word_1_35' title='bbox 345 529 462 583; x_wconf 85' lang='lat' dir='ltr'><strong>parens,</strong></span> <span class='ocrx_word' id='word_1_36' title='bbox 495 519 525 570; x_wconf 89' lang='lat' dir='ltr'><strong>st</strong></span> <span class='ocrx_word' id='word_1_37' title='bbox 554 529 655 586; x_wconf 89' lang='lat' dir='ltr'><strong>corpus</strong></span> <span class='ocrx_word' id='word_1_38' title='bbox 679 530 736 569; x_wconf 93' lang='lat' dir='ltr'><strong>non</strong></span> <span class='ocrx_word' id='word_1_39' title='bbox 763 513 853 569; x_wconf 91' lang='lat' dir='ltr'><strong>solum</strong></span> <span class='ocrx_word' id='word_1_40' title='bbox 878 513 995 569; x_wconf 90' lang='lat' dir='ltr'><strong>animale</strong></span> <span class='ocrx_word' id='word_1_41' title='bbox 1019 528 1053 568; x_wconf 88' lang='lat' dir='ltr'><strong>ex</strong></span> <span class='ocrx_word' id='word_1_42' title='bbox 1080 517 1172 564; x_wconf 83' lang='lat' dir='ltr'><strong>tamea</strong></span> <span class='ocrx_word' id='word_1_43' title='bbox 1190 528 1248 565; x_wconf 80' lang='lat' dir='ltr'><strong>moa</strong></span> <span class='ocrx_word' id='word_1_44' title='bbox 1264 511 1342 576; x_wconf 78' lang='lat' dir='ltr'><strong>fecs&#39;t.</strong></span> <span class='ocrx_word' id='word_1_45' title='bbox 1378 510 1450 569; x_wconf 83' lang='lat' dir='ltr'><strong>Cam</strong></span> <span class='ocrx_word' id='word_1_46' title='bbox 1463 513 1577 581; x_wconf 82' lang='lat' dir='ltr'><strong>primas</strong></span> <span class='ocrx_word' id='word_1_47' title='bbox 1595 513 1677 568; x_wconf 80' lang='lat' dir='ltr'><strong>loma</strong></span> <span class='ocrx_word' id='word_1_48' title='bbox 1695 514 1807 568; x_wconf 78' lang='lat' dir='ltr'><strong>diaboli</strong></span> <span class='ocrx_word' id='word_1_49' title='bbox 1824 530 1915 585; x_wconf 89' lang='lat' dir='ltr'><strong>opera</strong></span> 
     </span>
     <span class='ocr_line' id='line_1_5' title="bbox 220 597 1914 671; baseline 0.001 -18"><span class='ocrx_word' id='word_1_50' title='bbox 220 603 336 655; x_wconf 84' lang='lat' dir='ltr'><strong>naturae</strong></span> <span class='ocrx_word' id='word_1_51' title='bbox 356 598 522 669; x_wconf 85' lang='lat' dir='ltr'><strong>conditione,</strong></span> <span class='ocrx_word' id='word_1_52' title='bbox 544 599 696 656; x_wconf 90' lang='lat' dir='ltr'><strong>sedetiam</strong></span> <span class='ocrx_word' id='word_1_53' title='bbox 717 600 835 655; x_wconf 90' lang='lat' dir='ltr'><strong>mortale</strong></span> <span class='ocrx_word' id='word_1_54' title='bbox 861 616 894 655; x_wconf 89' lang='grc' dir='ltr'><strong>ιι</strong></span> <span class='ocrx_word' id='word_1_55' title='bbox 911 599 1053 671; x_wconf 77' lang='lat' dir='ltr'><strong>praecepti</strong></span> <span class='ocrx_word' id='word_1_56' title='bbox 1075 597 1245 666; x_wconf 80' lang='lat' dir='ltr'><strong>peccaverit,</strong></span> <span class='ocrx_word' id='word_1_57' title='bbox 1263 599 1405 668; x_wconf 72' lang='lat' dir='ltr'><strong>quidquid</strong></span> <span class='ocrx_word' id='word_1_58' title='bbox 1421 615 1454 653; x_wconf 82' lang='lat' dir='ltr'><strong>ee</strong></span> <span class='ocrx_word' id='word_1_59' title='bbox 1468 607 1586 668; x_wconf 86' lang='lat' dir='ltr'><strong>peccato</strong></span> <span class='ocrx_word' id='word_1_60' title='bbox 1604 599 1657 655; x_wconf 84' lang='lat' dir='ltr'><strong>illo</strong></span> <span class='ocrx_word' id='word_1_61' title='bbox 1671 616 1735 654; x_wconf 86' lang='lat' dir='ltr'><strong>sere</strong></span> <span class='ocrx_word' id='word_1_62' title='bbox 1750 601 1914 670; x_wconf 76' lang='lat' dir='ltr'><strong>profestum</strong></span> 
     </span>
     <span class='ocr_line' id='line_1_6' title="bbox 186 682 1915 759; baseline 0.001 -21"><span class='ocrx_word' id='word_1_63' title='bbox 186 702 191 719; x_wconf 86' lang='lat'><strong>·</strong></span> <span class='ocrx_word' id='word_1_64' title='bbox 221 682 307 739; x_wconf 84' lang='lat' dir='ltr'><strong>divini</strong></span> <span class='ocrx_word' id='word_1_65' title='bbox 341 686 561 758; x_wconf 89' lang='lat' dir='ltr'><strong>transgressione</strong></span> <span class='ocrx_word' id='word_1_66' title='bbox 590 686 696 742; x_wconf 85' lang='lat' dir='ltr'><strong>factum</strong></span> <span class='ocrx_word' id='word_1_67' title='bbox 725 685 755 740; x_wconf 91' lang='lat' dir='ltr'><strong>in</strong></span> <span class='ocrx_word' id='word_1_68' title='bbox 792 702 843 741; x_wconf 93' lang='lat' dir='ltr'><strong>nos</strong></span> <span class='ocrx_word' id='word_1_69' title='bbox 878 686 1052 759; x_wconf 81' lang='lat' dir='ltr'><strong>propagarit.</strong></span> <span class='ocrx_word' id='word_1_70' title='bbox 1079 688 1135 750; x_wconf 88' lang='lat' dir='ltr'><strong>est,</strong></span> <span class='ocrx_word' id='word_1_71' title='bbox 1166 701 1237 753; x_wconf 83' lang='lat' dir='ltr'><strong>opas</strong></span> <span class='ocrx_word' id='word_1_72' title='bbox 1255 684 1367 738; x_wconf 77' lang='lat' dir='ltr'><strong>araboli</strong></span> <span class='ocrx_word' id='word_1_73' title='bbox 1383 685 1492 739; x_wconf 81' lang='lat' dir='ltr'><strong>semesi</strong></span> <span class='ocrx_word' id='word_1_74' title='bbox 1507 686 1594 740; x_wconf 85' lang='lat' dir='ltr'><strong>delet.</strong></span> <span class='ocrx_word' id='word_1_75' title='bbox 1638 686 1728 757; x_wconf 80' lang='lat' dir='ltr'><strong>Atqui</strong></span> <span class='ocrx_word' id='word_1_76' title='bbox 1745 688 1806 741; x_wconf 83' lang='lat' dir='ltr'><strong>Dei</strong></span> <span class='ocrx_word' id='word_1_77' title='bbox 1819 689 1915 743; x_wconf 72' lang='lat' dir='ltr'><strong>lilius</strong></span> 
     </span>
     <span class='ocr_line' id='line_1_7' title="bbox 165 759 1914 846; baseline 0.002 -19"><span class='ocrx_word' id='word_1_78' title='bbox 165 759 172 778; x_wconf 85' lang='lat'>&#39;</span> <span class='ocrx_word' id='word_1_79' title='bbox 219 775 244 827; x_wconf 82' lang='lat' dir='ltr'><strong>t.</strong></span> <span class='ocrx_word' id='word_1_80' title='bbox 263 769 394 835; x_wconf 82' lang='lat' dir='ltr'><strong>Quemvis</strong></span> <span class='ocrx_word' id='word_1_81' title='bbox 412 773 499 845; x_wconf 84' lang='lat' dir='ltr'><strong>igitur</strong></span> <span class='ocrx_word' id='word_1_82' title='bbox 510 773 634 828; x_wconf 82' lang='lat' dir='ltr'><strong>Adamas</strong></span> <span class='ocrx_word' id='word_1_83' title='bbox 652 773 682 829; x_wconf 91' lang='lat' dir='ltr'><strong>in</strong></span> <span class='ocrx_word' id='word_1_84' title='bbox 703 774 791 846; x_wconf 90' lang='lat' dir='ltr'><strong>prima</strong></span> <span class='ocrx_word' id='word_1_85' title='bbox 807 773 901 828; x_wconf 88' lang='lat' dir='ltr'><strong>statim</strong></span> <span class='ocrx_word' id='word_1_86' title='bbox 914 775 1053 829; x_wconf 88' lang='lat' dir='ltr'><strong>creatione</strong></span> <span class='ocrx_word' id='word_1_87' title='bbox 1079 768 1232 839; x_wconf 77' lang='lat' dir='ltr'><strong>apparuit,</strong></span> <span class='ocrx_word' id='word_1_88' title='bbox 1262 778 1293 825; x_wconf 85' lang='lat' dir='ltr'><strong>at</strong></span> <span class='ocrx_word' id='word_1_89' title='bbox 1318 771 1482 826; x_wconf 74' lang='lat' dir='ltr'><strong>dismloeet</strong></span> <span class='ocrx_word' id='word_1_90' title='bbox 1505 787 1594 840; x_wconf 84' lang='lat' dir='ltr'><strong>opera</strong></span> <span class='ocrx_word' id='word_1_91' title='bbox 1616 771 1727 826; x_wconf 67' lang='lat' dir='ltr'><strong>emboli</strong></span> <span class='ocrx_word' id='word_1_92' title='bbox 1750 777 1772 829; x_wconf 88' lang='lat' dir='ltr'><strong>i.</strong></span> <span class='ocrx_word' id='word_1_93' title='bbox 1798 772 1863 830; x_wconf 85' lang='lat' dir='ltr'><strong>lob.</strong></span> <span class='ocrx_word' id='word_1_94' title='bbox 1889 778 1914 838; x_wconf 83' lang='grc'><strong>3,</strong></span> 
     </span>
     <span class='ocr_line' id='line_1_8' title="bbox 219 856 1915 932; baseline 0.001 -21"><span class='ocrx_word' id='word_1_95' title='bbox 219 856 310 912; x_wconf 86' lang='lat' dir='ltr'><strong>factus</strong></span> <span class='ocrx_word' id='word_1_96' title='bbox 329 858 461 915; x_wconf 78' lang='lat' dir='ltr'><strong>fueritin</strong></span> <span class='ocrx_word' id='word_1_97' title='bbox 479 861 599 916; x_wconf 90' lang='lat' dir='ltr'><strong>animam</strong></span> <span class='ocrx_word' id='word_1_98' title='bbox 618 861 756 916; x_wconf 82' lang='lat' dir='ltr'><strong>viventem</strong></span> <span class='ocrx_word' id='word_1_99' title='bbox 775 877 809 916; x_wconf 89' lang='lat' dir='ltr'><strong>ac</strong></span> <span class='ocrx_word' id='word_1_100' title='bbox 828 859 945 932; x_wconf 78' lang='lat' dir='ltr'>proinde</span> <span class='ocrx_word' id='word_1_101' title='bbox 969 861 1052 916; x_wconf 89' lang='lat' dir='ltr'><strong>etiam</strong></span> <span class='ocrx_word' id='word_1_102' title='bbox 1079 872 1103 909; x_wconf 85' lang='lat' dir='ltr'><strong>v.</strong></span> <span class='ocrx_word' id='word_1_103' title='bbox 1121 859 1145 911; x_wconf 88' lang='lat'><strong>8.</strong></span> <span class='ocrx_word' id='word_1_104' title='bbox 1162 856 1253 925; x_wconf 68' lang='lat' dir='ltr'><strong>igitar</strong></span> <span class='ocrx_word' id='word_1_105' title='bbox 1278 857 1306 911; x_wconf 88' lang='lat' dir='ltr'><strong>ss&#39;</strong></span> <span class='ocrx_word' id='word_1_106' title='bbox 1328 874 1362 912; x_wconf 80' lang='lat' dir='ltr'><strong>ea</strong></span> <span class='ocrx_word' id='word_1_107' title='bbox 1381 865 1498 926; x_wconf 86' lang='lat' dir='ltr'><strong>peceato</strong></span> <span class='ocrx_word' id='word_1_108' title='bbox 1515 858 1567 911; x_wconf 83' lang='lat' dir='ltr'><strong>illo</strong></span> <span class='ocrx_word' id='word_1_109' title='bbox 1585 857 1747 913; x_wconf 84' lang='lat' dir='ltr'><strong>mortalitas</strong></span> <span class='ocrx_word' id='word_1_110' title='bbox 1769 860 1915 914; x_wconf 75' lang='lat' dir='ltr'><strong>aatmolis</strong></span> 
     </span>
     <span class='ocr_line' id='line_1_9' title="bbox 219 943 1914 1017; baseline 0.001 -19"><span class='ocrx_word' id='word_1_111' title='bbox 219 948 285 999; x_wconf 88' lang='lat' dir='ltr'><strong>ante</strong></span> <span class='ocrx_word' id='word_1_112' title='bbox 310 943 420 1017; x_wconf 87' lang='lat' dir='ltr'><strong>lapsum</strong></span> <span class='ocrx_word' id='word_1_113' title='bbox 445 963 543 1017; x_wconf 89' lang='lat' dir='ltr'><strong>corpus</strong></span> <span class='ocrx_word' id='word_1_114' title='bbox 567 947 687 1003; x_wconf 92' lang='lat' dir='ltr'><strong>animale</strong></span> <span class='ocrx_word' id='word_1_115' title='bbox 714 948 825 1004; x_wconf 86' lang='lat' dir='ltr'><strong>sortitus</strong></span> <span class='ocrx_word' id='word_1_116' title='bbox 854 947 952 1011; x_wconf 84' lang='lat' dir='ltr'><strong>inerit,</strong></span> <span class='ocrx_word' id='word_1_117' title='bbox 982 946 1052 1002; x_wconf 90' lang='lat' dir='ltr'><strong>illud</strong></span> <span class='ocrx_word' id='word_1_118' title='bbox 1078 957 1110 994; x_wconf 81' lang='lat' dir='ltr'><strong>rs</strong></span> <span class='ocrx_word' id='word_1_119' title='bbox 1130 958 1198 996; x_wconf 81' lang='lat' dir='ltr'><strong>vera</strong></span> <span class='ocrx_word' id='word_1_120' title='bbox 1212 945 1346 1012; x_wconf 78' lang='lat' dir='ltr'><strong>profecta</strong></span> <span class='ocrx_word' id='word_1_121' title='bbox 1360 951 1440 1008; x_wconf 84' lang='lat' dir='ltr'><strong>esest,</strong></span> <span class='ocrx_word' id='word_1_122' title='bbox 1455 960 1518 999; x_wconf 91' lang='lat' dir='ltr'><strong>eam</strong></span> <span class='ocrx_word' id='word_1_123' title='bbox 1535 960 1644 1015; x_wconf 73' lang='lat' dir='ltr'><strong>armasse</strong></span> <span class='ocrx_word' id='word_1_124' title='bbox 1662 945 1757 999; x_wconf 77' lang='lat' dir='ltr'><strong>Filias</strong></span> <span class='ocrx_word' id='word_1_125' title='bbox 1777 946 1836 1000; x_wconf 76' lang='lat' dir='ltr'><strong>Des·</strong></span> <span class='ocrx_word' id='word_1_126' title='bbox 1855 947 1914 1000; x_wconf 84' lang='lat' dir='ltr'><strong>siis·</strong></span> 
     </span>
     <span class='ocr_line' id='line_1_10' title="bbox 96 1027 1912 1105; baseline 0.008 -33"><span class='ocrx_word' id='word_1_127' title='bbox 96 1029 206 1075; x_wconf 78' lang='lat' dir='ltr'><strong>xvittt.</strong></span> <span class='ocrx_word' id='word_1_128' title='bbox 220 1035 314 1087; x_wconf 62' lang='lat' dir='ltr'><strong>tmen</strong></span> <span class='ocrx_word' id='word_1_129' title='bbox 348 1031 471 1087; x_wconf 69' lang='lat' dir='ltr'><strong>nondum</strong></span> <span class='ocrx_word' id='word_1_130' title='bbox 507 1031 563 1088; x_wconf 70' lang='lat' dir='ltr'><strong>fuit</strong></span> <span class='ocrx_word' id='word_1_131' title='bbox 595 1035 728 1105; x_wconf 60' lang='lat' dir='ltr'><strong>mortale,</strong></span> <span class='ocrx_word' id='word_1_132' title='bbox 763 1033 813 1089; x_wconf 63' lang='lat' dir='ltr'><strong>flod</strong></span> <span class='ocrx_word' id='word_1_133' title='bbox 847 1039 911 1104; x_wconf 62' lang='lat' dir='ltr'><strong>poet</strong></span> <span class='ocrx_word' id='word_1_134' title='bbox 945 1033 1053 1103; x_wconf 68' lang='lat' dir='ltr'><strong>lapsum</strong></span> <span class='ocrx_word' id='word_1_135' title='bbox 1079 1027 1215 1082; x_wconf 70' lang='lat' dir='ltr'><strong>solvisset.</strong></span> <span class='ocrx_word' id='word_1_136' title='bbox 1251 1027 1477 1101; x_wconf 79' lang='lat' dir='ltr'><strong>Respondemus:</strong></span> <span class='ocrx_word' id='word_1_137' title='bbox 1509 1037 1602 1101; x_wconf 83' lang='lat' dir='ltr'><strong>1.per</strong></span> <span class='ocrx_word' id='word_1_138' title='bbox 1622 1032 1797 1090; x_wconf 76' lang='lat' dir='ltr'><strong>instantiam.</strong></span> <span class='ocrx_word' id='word_1_139' title='bbox 1835 1032 1912 1087; x_wconf 86' lang='lat' dir='ltr'><strong>Chri·</strong></span> 
     </span>
     <span class='ocr_line' id='line_1_11' title="bbox 221 1114 1914 1191; baseline 0.001 -19"><span class='ocrx_word' id='word_1_140' title='bbox 221 1116 332 1173; x_wconf 89' lang='lat' dir='ltr'><strong>demum</strong></span> <span class='ocrx_word' id='word_1_141' title='bbox 358 1118 534 1174; x_wconf 75' lang='lat' dir='ltr'><strong>mortalitatis</strong></span> <span class='ocrx_word' id='word_1_142' title='bbox 559 1119 711 1174; x_wconf 91' lang='lat' dir='ltr'><strong>conditioni</strong></span> <span class='ocrx_word' id='word_1_143' title='bbox 735 1119 892 1191; x_wconf 88' lang='lat' dir='ltr'><strong>subjectum</strong></span> <span class='ocrx_word' id='word_1_144' title='bbox 917 1118 987 1189; x_wconf 88' lang='lat' dir='ltr'><strong>init,</strong></span> <span class='ocrx_word' id='word_1_145' title='bbox 1020 1134 1054 1172; x_wconf 87' lang='lat' dir='ltr'><strong>ac</strong></span> <span class='ocrx_word' id='word_1_146' title='bbox 1080 1120 1139 1169; x_wconf 88' lang='lat' dir='ltr'><strong>stus</strong></span> <span class='ocrx_word' id='word_1_147' title='bbox 1151 1116 1234 1186; x_wconf 88' lang='lat' dir='ltr'><strong>juxta</strong></span> <span class='ocrx_word' id='word_1_148' title='bbox 1253 1114 1346 1171; x_wconf 85' lang='lat' dir='ltr'><strong>Socini</strong></span> <span class='ocrx_word' id='word_1_149' title='bbox 1361 1116 1530 1188; x_wconf 82' lang='lat' dir='ltr'><strong>hypothesin</strong></span> <span class='ocrx_word' id='word_1_150' title='bbox 1547 1122 1663 1173; x_wconf 85' lang='lat' dir='ltr'><strong>mortem</strong></span> <span class='ocrx_word' id='word_1_151' title='bbox 1679 1118 1835 1174; x_wconf 71' lang='lat' dir='ltr'><strong>naturalem</strong></span> <span class='ocrx_word' id='word_1_152' title='bbox 1854 1117 1914 1174; x_wconf 85' lang='lat' dir='ltr'><strong>sive</strong></span> 
     </span>
     <span class='ocr_line' id='line_1_12' title="bbox 222 1202 1913 1277; baseline 0 -18"><span class='ocrx_word' id='word_1_153' title='bbox 222 1205 339 1276; x_wconf 89' lang='lat' dir='ltr'><strong>preinde</strong></span> <span class='ocrx_word' id='word_1_154' title='bbox 359 1223 414 1259; x_wconf 83' lang='lat' dir='ltr'><strong>aaa</strong></span> <span class='ocrx_word' id='word_1_155' title='bbox 433 1206 650 1275; x_wconf 80' lang='lat' dir='ltr'><strong>mortalitatem,</strong></span> <span class='ocrx_word' id='word_1_156' title='bbox 681 1205 740 1275; x_wconf 90' lang='lat' dir='ltr'><strong>sed,</strong></span> <span class='ocrx_word' id='word_1_157' title='bbox 757 1210 789 1260; x_wconf 90' lang='lat' dir='ltr'><strong>nt</strong></span> <span class='ocrx_word' id='word_1_158' title='bbox 808 1205 848 1260; x_wconf 90' lang='lat' dir='ltr'><strong>sic</strong></span> <span class='ocrx_word' id='word_1_159' title='bbox 866 1205 972 1277; x_wconf 87' lang='lat' dir='ltr'><strong>loquar,</strong></span> <span class='ocrx_word' id='word_1_160' title='bbox 993 1205 1054 1259; x_wconf 73' lang='grc' dir='ltr'>ιιι-</span> <span class='ocrx_word' id='word_1_161' title='bbox 1081 1202 1261 1271; x_wconf 81' lang='lat' dir='ltr'><strong>temporalem</strong></span> <span class='ocrx_word' id='word_1_162' title='bbox 1279 1218 1334 1257; x_wconf 93' lang='lat' dir='ltr'><strong>non</strong></span> <span class='ocrx_word' id='word_1_163' title='bbox 1353 1202 1482 1272; x_wconf 87' lang='lat' dir='ltr'><strong>abstulit,</strong></span> <span class='ocrx_word' id='word_1_164' title='bbox 1512 1219 1564 1259; x_wconf 87' lang='lat' dir='ltr'><strong>nec</strong></span> <span class='ocrx_word' id='word_1_165' title='bbox 1582 1202 1702 1274; x_wconf 82' lang='lat' dir='ltr'><strong>delevit,</strong></span> <span class='ocrx_word' id='word_1_166' title='bbox 1730 1222 1793 1260; x_wconf 90' lang='lat' dir='ltr'><strong>cnm</strong></span> <span class='ocrx_word' id='word_1_167' title='bbox 1818 1221 1913 1260; x_wconf 88' lang='lat' dir='ltr'><strong>omnes</strong></span> 
     </span>
     <span class='ocr_line' id='line_1_13' title="bbox 220 1247 1914 1364; baseline 0.001 -19"><span class='ocrx_word' id='word_1_168' title='bbox 220 1291 376 1346; x_wconf 82' lang='lat' dir='ltr'><strong>malitatem</strong></span> <span class='ocrx_word' id='word_1_169' title='bbox 408 1292 531 1363; x_wconf 90' lang='lat' dir='ltr'><strong>corporis</strong></span> <span class='ocrx_word' id='word_1_170' title='bbox 565 1247 696 1348; x_wconf 75' lang='lat' dir='ltr'><strong>Ademici</strong></span> <span class='ocrx_word' id='word_1_171' title='bbox 730 1293 872 1364; x_wconf 86' lang='lat' dir='ltr'><strong>apostolus</strong></span> <span class='ocrx_word' id='word_1_172' title='bbox 911 1309 945 1348; x_wconf 87' lang='lat' dir='ltr'><strong>ex</strong></span> <span class='ocrx_word' id='word_1_173' title='bbox 979 1291 1055 1346; x_wconf 91' lang='lat' dir='ltr'><strong>dicto</strong></span> <span class='ocrx_word' id='word_1_174' title='bbox 1080 1287 1204 1344; x_wconf 90' lang='lat' dir='ltr'><strong>homines</strong></span> <span class='ocrx_word' id='word_1_175' title='bbox 1227 1288 1268 1343; x_wconf 92' lang='lat' dir='ltr'><strong>illi</strong></span> <span class='ocrx_word' id='word_1_176' title='bbox 1294 1289 1387 1345; x_wconf 91' lang='lat' dir='ltr'><strong>adhuc</strong></span> <span class='ocrx_word' id='word_1_177' title='bbox 1422 1290 1478 1346; x_wconf 92' lang='lat' dir='ltr'><strong>sint</strong></span> <span class='ocrx_word' id='word_1_178' title='bbox 1503 1289 1629 1357; x_wconf 85' lang='lat' dir='ltr'><strong>obnoxii,</strong></span> <span class='ocrx_word' id='word_1_179' title='bbox 1658 1297 1716 1347; x_wconf 89' lang='lat' dir='ltr'><strong>tam</strong></span> <span class='ocrx_word' id='word_1_180' title='bbox 1743 1292 1796 1363; x_wconf 89' lang='lat' dir='ltr'><strong>pii,</strong></span> <span class='ocrx_word' id='word_1_181' title='bbox 1829 1309 1914 1364; x_wconf 89' lang='lat' dir='ltr'><strong>qaam</strong></span> 
     </span>
     <span class='ocr_line' id='line_1_14' title="bbox 222 1363 1913 1450; baseline 0.001 -16"><span class='ocrx_word' id='word_1_182' title='bbox 222 1376 362 1434; x_wconf 78' lang='lat' dir='ltr'><strong>Geneeeos</strong></span> <span class='ocrx_word' id='word_1_183' title='bbox 380 1379 491 1449; x_wconf 87' lang='lat' dir='ltr'><strong>probat.</strong></span> <span class='ocrx_word' id='word_1_184' title='bbox 1081 1374 1165 1446; x_wconf 92' lang='lat' dir='ltr'><strong>impii.</strong></span> <span class='ocrx_word' id='word_1_185' title='bbox 1212 1375 1253 1432; x_wconf 89' lang='lat' dir='ltr'><strong>Ut</strong></span> <span class='ocrx_word' id='word_1_186' title='bbox 1272 1376 1345 1431; x_wconf 88' lang='lat' dir='ltr'><strong>enim</strong></span> <span class='ocrx_word' id='word_1_187' title='bbox 1363 1376 1479 1434; x_wconf 88' lang='lat' dir='ltr'><strong>Socinas</strong></span> <span class='ocrx_word' id='word_1_188' title='bbox 1498 1394 1532 1433; x_wconf 84' lang='lat' dir='ltr'><strong>ex</strong></span> <span class='ocrx_word' id='word_1_189' title='bbox 1552 1394 1597 1444; x_wconf 85' lang='lat' dir='ltr'><strong>eo,</strong></span> <span class='ocrx_word' id='word_1_190' title='bbox 1630 1363 1706 1450; x_wconf 74' lang='lat' dir='ltr'><strong>qdod</strong></span> <span class='ocrx_word' id='word_1_191' title='bbox 1730 1379 1823 1434; x_wconf 90' lang='lat' dir='ltr'><strong>adhuc</strong></span> <span class='ocrx_word' id='word_1_192' title='bbox 1841 1396 1913 1435; x_wconf 90' lang='lat' dir='ltr'><strong>mor·</strong></span> 
     </span>
     <span class='ocr_line' id='line_1_15' title="bbox 93 1461 1953 1535; baseline 0 -14"><span class='ocrx_word' id='word_1_193' title='bbox 93 1466 159 1509; x_wconf 59' lang='grc' dir='ltr'><strong>ιιι</strong></span> <span class='ocrx_word' id='word_1_194' title='bbox 255 1469 298 1522; x_wconf 79' lang='grc'><strong>46.</strong></span> <span class='ocrx_word' id='word_1_195' title='bbox 333 1470 358 1522; x_wconf 80' lang='lat' dir='ltr'><strong>t</strong></span> <span class='ocrx_word' id='word_1_196' title='bbox 380 1468 427 1520; x_wconf 82' lang='lat' dir='ltr'><strong>Ea</strong></span> <span class='ocrx_word' id='word_1_197' title='bbox 455 1466 589 1535; x_wconf 78' lang='lat' dir='ltr'><strong>imaps&#39;as&#39;s</strong></span> <span class='ocrx_word' id='word_1_198' title='bbox 612 1467 775 1534; x_wconf 69' lang='lat' dir='ltr'><strong>gestatione.</strong></span> <span class='ocrx_word' id='word_1_199' title='bbox 823 1464 938 1520; x_wconf 80' lang='lat' dir='ltr'><strong>Primus</strong></span> <span class='ocrx_word' id='word_1_200' title='bbox 966 1463 1055 1532; x_wconf 81' lang='lat' dir='ltr'><strong>homo,</strong></span> <span class='ocrx_word' id='word_1_201' title='bbox 1081 1461 1151 1518; x_wconf 91' lang='lat' dir='ltr'><strong>tales</strong></span> <span class='ocrx_word' id='word_1_202' title='bbox 1168 1479 1277 1533; x_wconf 86' lang='lat' dir='ltr'><strong>sumne,</strong></span> <span class='ocrx_word' id='word_1_203' title='bbox 1302 1462 1401 1530; x_wconf 81' lang='lat' dir='ltr'><strong>infert,</strong></span> <span class='ocrx_word' id='word_1_204' title='bbox 1427 1463 1567 1519; x_wconf 83' lang='lat' dir='ltr'><strong>Chrismm</strong></span> <span class='ocrx_word' id='word_1_205' title='bbox 1588 1482 1644 1522; x_wconf 92' lang='lat' dir='ltr'><strong>non</strong></span> <span class='ocrx_word' id='word_1_206' title='bbox 1668 1465 1816 1522; x_wconf 75' lang='lat' dir='ltr'><strong>abstulisse</strong></span> <span class='ocrx_word' id='word_1_207' title='bbox 1833 1474 1913 1521; x_wconf 89' lang='lat' dir='ltr'><strong>natu·</strong></span> <span class='ocrx_word' id='word_1_208' title='bbox 1946 1480 1953 1498; x_wconf 86' lang='lat'><strong>·</strong></span> 
     </span>
     <span class='ocr_line' id='line_1_16' title="bbox 93 1504 1913 1623; baseline -0.001 -13"><span class='ocrx_word' id='word_1_209' title='bbox 93 1519 198 1621; x_wconf 41' lang='lat' dir='ltr'><strong>iliad„</strong></span> <span class='ocrx_word' id='word_1_210' title='bbox 221 1559 371 1621; x_wconf 80' lang='lat' dir='ltr'><strong>amteqaam</strong></span> <span class='ocrx_word' id='word_1_211' title='bbox 383 1560 527 1622; x_wconf 81' lang='lat' dir='ltr'><strong>peccaret,</strong></span> <span class='ocrx_word' id='word_1_212' title='bbox 541 1551 607 1621; x_wconf 86' lang='lat' dir='ltr'><strong>jam</strong></span> <span class='ocrx_word' id='word_1_213' title='bbox 625 1560 687 1606; x_wconf 89' lang='lat' dir='ltr'><strong>erat</strong></span> <span class='ocrx_word' id='word_1_214' title='bbox 705 1559 846 1622; x_wconf 80' lang='lat' dir='ltr'><strong>terremus,</strong></span> <span class='ocrx_word' id='word_1_215' title='bbox 870 1567 967 1620; x_wconf 75' lang='lat' dir='ltr'><strong>nempe</strong></span> <span class='ocrx_word' id='word_1_216' title='bbox 987 1550 1055 1619; x_wconf 79' lang='lat' dir='ltr'><strong>quia</strong></span> <span class='ocrx_word' id='word_1_217' title='bbox 1080 1547 1166 1605; x_wconf 83' lang='lat' dir='ltr'><strong>salem</strong></span> <span class='ocrx_word' id='word_1_218' title='bbox 1190 1504 1401 1618; x_wconf 82' lang='lat' dir='ltr'><strong>mortalitatem,</strong></span> <span class='ocrx_word' id='word_1_219' title='bbox 1430 1550 1470 1605; x_wconf 92' lang='lat' dir='ltr'><strong>ita</strong></span> <span class='ocrx_word' id='word_1_220' title='bbox 1488 1568 1521 1606; x_wconf 83' lang='lat' dir='ltr'><strong>ex</strong></span> <span class='ocrx_word' id='word_1_221' title='bbox 1538 1550 1636 1607; x_wconf 89' lang='lat' dir='ltr'><strong>eodem</strong></span> <span class='ocrx_word' id='word_1_222' title='bbox 1660 1552 1798 1623; x_wconf 86' lang='lat' dir='ltr'><strong>principio</strong></span> <span class='ocrx_word' id='word_1_223' title='bbox 1817 1553 1913 1608; x_wconf 86' lang='lat' dir='ltr'><strong>inferri</strong></span> 
     </span>
     <span class='ocr_line' id='line_1_17' title="bbox 93 1624 1913 1710; baseline 0.003 -20.028"><span class='ocrx_word' id='word_1_224' title='bbox 93 1624 164 1663; x_wconf 50' lang='grc'><strong>0100·</strong></span> <span class='ocrx_word' id='word_1_225' title='bbox 220 1653 237 1690; x_wconf 93' lang='lat' dir='ltr'><strong>e</strong></span> <span class='ocrx_word' id='word_1_226' title='bbox 260 1643 339 1692; x_wconf 84' lang='lat' dir='ltr'><strong>terra</strong></span> <span class='ocrx_word' id='word_1_227' title='bbox 362 1639 506 1703; x_wconf 70' lang='lat' dir='ltr'><strong>farinatus</strong></span> <span class='ocrx_word' id='word_1_228' title='bbox 528 1640 633 1703; x_wconf 78' lang='lat' dir='ltr'><strong>fuerat.</strong></span> <span class='ocrx_word' id='word_1_229' title='bbox 684 1637 745 1693; x_wconf 84' lang='lat' dir='ltr'><strong>Sed</strong></span> <span class='ocrx_word' id='word_1_230' title='bbox 768 1655 819 1692; x_wconf 84' lang='lat' dir='ltr'><strong>mos</strong></span> <span class='ocrx_word' id='word_1_231' title='bbox 845 1638 876 1691; x_wconf 84' lang='grc' dir='ltr'><strong>ιἰι</strong></span> <span class='ocrx_word' id='word_1_232' title='bbox 901 1653 948 1705; x_wconf 85' lang='grc' dir='ltr'><strong>ιι,</strong></span> <span class='ocrx_word' id='word_1_233' title='bbox 977 1637 1055 1705; x_wconf 80' lang='lat' dir='ltr'><strong>qaod</strong></span> <span class='ocrx_word' id='word_1_234' title='bbox 1080 1640 1180 1705; x_wconf 90' lang='lat' dir='ltr'><strong>potest,</strong></span> <span class='ocrx_word' id='word_1_235' title='bbox 1198 1634 1337 1690; x_wconf 84' lang='lat' dir='ltr'><strong>Christum</strong></span> <span class='ocrx_word' id='word_1_236' title='bbox 1357 1653 1413 1691; x_wconf 92' lang='lat' dir='ltr'><strong>non</strong></span> <span class='ocrx_word' id='word_1_237' title='bbox 1430 1636 1578 1693; x_wconf 81' lang='lat' dir='ltr'><strong>abstulisse</strong></span> <span class='ocrx_word' id='word_1_238' title='bbox 1597 1645 1723 1709; x_wconf 90' lang='lat' dir='ltr'><strong>mortem,</strong></span> <span class='ocrx_word' id='word_1_239' title='bbox 1740 1639 1913 1710; x_wconf 90' lang='lat' dir='ltr'><strong>quiaomnes</strong></span> 
     </span>
     <span class='ocr_line' id='line_1_18' title="bbox 222 1720 1912 1796; baseline 0.004 -20"><span class='ocrx_word' id='word_1_240' title='bbox 222 1726 359 1778; x_wconf 78' lang='lat' dir='ltr'><strong>morimur</strong></span> <span class='ocrx_word' id='word_1_241' title='bbox 379 1732 405 1779; x_wconf 85' lang='lat' dir='ltr'><strong>et</strong></span> <span class='ocrx_word' id='word_1_242' title='bbox 420 1726 634 1795; x_wconf 81' lang='lat' dir='ltr'><strong>eorrumpimar,</strong></span> <span class='ocrx_word' id='word_1_243' title='bbox 652 1724 803 1792; x_wconf 71' lang='lat' dir='ltr'><strong>incepissem</strong></span> <span class='ocrx_word' id='word_1_244' title='bbox 816 1725 908 1796; x_wconf 72' lang='lat' dir='ltr'><strong>prims·</strong></span> <span class='ocrx_word' id='word_1_245' title='bbox 925 1722 1053 1790; x_wconf 80' lang='lat' dir='ltr'><strong>homimis,</strong></span> <span class='ocrx_word' id='word_1_246' title='bbox 1082 1722 1220 1777; x_wconf 87' lang='lat' dir='ltr'><strong>morimur.</strong></span> <span class='ocrx_word' id='word_1_247' title='bbox 1268 1720 1333 1777; x_wconf 83' lang='lat' dir='ltr'><strong>lam</strong></span> <span class='ocrx_word' id='word_1_248' title='bbox 1359 1738 1425 1778; x_wconf 85' lang='lat' dir='ltr'><strong>vero</strong></span> <span class='ocrx_word' id='word_1_249' title='bbox 1452 1724 1581 1779; x_wconf 88' lang='lat' dir='ltr'><strong>concedit</strong></span> <span class='ocrx_word' id='word_1_250' title='bbox 1605 1724 1737 1790; x_wconf 85' lang='lat' dir='ltr'><strong>Socinus,</strong></span> <span class='ocrx_word' id='word_1_251' title='bbox 1766 1733 1912 1796; x_wconf 90' lang='lat' dir='ltr'><strong>peecatum</strong></span> 
     </span>
     <span class='ocr_line' id='line_1_19' title="bbox 220 1809 1912 1884; baseline 0.001 -19"><span class='ocrx_word' id='word_1_252' title='bbox 220 1819 357 1879; x_wconf 73' lang='lat' dir='ltr'><strong>quatem</strong></span> <span class='ocrx_word' id='word_1_253' title='bbox 374 1819 503 1865; x_wconf 80' lang='lat' dir='ltr'><strong>terremus</strong></span> <span class='ocrx_word' id='word_1_254' title='bbox 526 1819 602 1878; x_wconf 88' lang='lat' dir='ltr'><strong>erat,</strong></span> <span class='ocrx_word' id='word_1_255' title='bbox 630 1819 786 1881; x_wconf 82' lang='lat' dir='ltr'><strong>portamus.</strong></span> <span class='ocrx_word' id='word_1_256' title='bbox 837 1811 918 1881; x_wconf 84' lang='lat' dir='ltr'><strong>Erpa</strong></span> <span class='ocrx_word' id='word_1_257' title='bbox 941 1812 1052 1881; x_wconf 71' lang='lat' dir='ltr'><strong>primam</strong></span> <span class='ocrx_word' id='word_1_258' title='bbox 1080 1824 1139 1864; x_wconf 85' lang='lat' dir='ltr'><strong>esse</strong></span> <span class='ocrx_word' id='word_1_259' title='bbox 1157 1824 1270 1864; x_wconf 82' lang='lat' dir='ltr'><strong>eausam</strong></span> <span class='ocrx_word' id='word_1_260' title='bbox 1288 1809 1460 1865; x_wconf 77' lang='lat' dir='ltr'><strong>necessariae</strong></span> <span class='ocrx_word' id='word_1_261' title='bbox 1478 1809 1586 1879; x_wconf 89' lang='lat' dir='ltr'><strong>mortis,</strong></span> <span class='ocrx_word' id='word_1_262' title='bbox 1615 1818 1731 1867; x_wconf 84' lang='lat' dir='ltr'><strong>mortem</strong></span> <span class='ocrx_word' id='word_1_263' title='bbox 1755 1829 1817 1868; x_wconf 87' lang='lat' dir='ltr'><strong>esse</strong></span> <span class='ocrx_word' id='word_1_264' title='bbox 1841 1829 1912 1884; x_wconf 85' lang='lat' dir='ltr'><strong>opus</strong></span> 
     </span>
     <span class='ocr_line' id='line_1_20' title="bbox 219 1893 1910 1970; baseline 0.004 -20"><span class='ocrx_word' id='word_1_265' title='bbox 219 1896 317 1966; x_wconf 75' lang='lat' dir='ltr'><strong>homo,</strong></span> <span class='ocrx_word' id='word_1_266' title='bbox 339 1905 477 1967; x_wconf 69' lang='grc' dir='ltr'>ᾳιιιιιιιιι</span> <span class='ocrx_word' id='word_1_267' title='bbox 502 1905 629 1952; x_wconf 77' lang='lat' dir='ltr'><strong>terrenas</strong></span> <span class='ocrx_word' id='word_1_268' title='bbox 648 1898 722 1967; x_wconf 73' lang='lat' dir='ltr'><strong>risit,</strong></span> <span class='ocrx_word' id='word_1_269' title='bbox 746 1898 875 1952; x_wconf 80' lang='lat' dir='ltr'><strong>mortalis</strong></span> <span class='ocrx_word' id='word_1_270' title='bbox 900 1899 1052 1952; x_wconf 76' lang='lat' dir='ltr'><strong>emendas</strong></span> <span class='ocrx_word' id='word_1_271' title='bbox 1079 1893 1184 1949; x_wconf 92' lang='lat' dir='ltr'><strong>diaboli</strong></span> <span class='ocrx_word' id='word_1_272' title='bbox 1212 1911 1245 1950; x_wconf 90' lang='grc' dir='ltr'><strong>ιι</strong></span> <span class='ocrx_word' id='word_1_273' title='bbox 1270 1901 1386 1966; x_wconf 85' lang='lat' dir='ltr'><strong>peccato</strong></span> <span class='ocrx_word' id='word_1_274' title='bbox 1408 1895 1490 1965; x_wconf 90' lang='lat' dir='ltr'><strong>primi</strong></span> <span class='ocrx_word' id='word_1_275' title='bbox 1513 1895 1631 1952; x_wconf 88' lang='lat' dir='ltr'><strong>hominis</strong></span> <span class='ocrx_word' id='word_1_276' title='bbox 1657 1913 1722 1953; x_wconf 82' lang='lat' dir='ltr'><strong>vere</strong></span> <span class='ocrx_word' id='word_1_277' title='bbox 1747 1898 1910 1970; x_wconf 85' lang='lat' dir='ltr'><strong>proiectum.</strong></span> 
     </span>
     <span class='ocr_line' id='line_1_21' title="bbox 220 1980 1910 2057; baseline 0.003 -20"><span class='ocrx_word' id='word_1_278' title='bbox 220 1991 268 2052; x_wconf 89' lang='lat' dir='ltr'><strong>est,</strong></span> <span class='ocrx_word' id='word_1_279' title='bbox 288 1991 316 2037; x_wconf 87' lang='lat' dir='ltr'><strong>st</strong></span> <span class='ocrx_word' id='word_1_280' title='bbox 332 1985 374 2038; x_wconf 81' lang='lat' dir='ltr'><strong>sic</strong></span> <span class='ocrx_word' id='word_1_281' title='bbox 391 1985 646 2055; x_wconf 75' lang='lat' dir='ltr'><strong>etiam,amtepaam</strong></span> <span class='ocrx_word' id='word_1_282' title='bbox 654 1993 792 2054; x_wconf 79' lang='lat' dir='ltr'><strong>peccaret.</strong></span> <span class='ocrx_word' id='word_1_283' title='bbox 827 1983 1051 2056; x_wconf 83' lang='lat' dir='ltr'><strong>Respondemus:</strong></span> <span class='ocrx_word' id='word_1_284' title='bbox 1079 1980 1224 2051; x_wconf 77' lang='lat' dir='ltr'><strong>Agnoscat</strong></span> <span class='ocrx_word' id='word_1_285' title='bbox 1248 1981 1347 2052; x_wconf 90' lang='lat' dir='ltr'><strong>igitur,</strong></span> <span class='ocrx_word' id='word_1_286' title='bbox 1376 1998 1432 2037; x_wconf 90' lang='lat' dir='ltr'><strong>non</strong></span> <span class='ocrx_word' id='word_1_287' title='bbox 1449 1998 1530 2053; x_wconf 89' lang='lat' dir='ltr'><strong>posse</strong></span> <span class='ocrx_word' id='word_1_288' title='bbox 1549 1981 1589 2038; x_wconf 89' lang='lat' dir='ltr'><strong>sio</strong></span> <span class='ocrx_word' id='word_1_289' title='bbox 1606 1982 1716 2054; x_wconf 88' lang='lat' dir='ltr'><strong>inferri,</strong></span> <span class='ocrx_word' id='word_1_290' title='bbox 1746 1984 1770 2039; x_wconf 90' lang='lat' dir='ltr'><strong>si</strong></span> <span class='ocrx_word' id='word_1_291' title='bbox 1795 2003 1828 2041; x_wconf 88' lang='lat' dir='ltr'><strong>ex</strong></span> <span class='ocrx_word' id='word_1_292' title='bbox 1847 2003 1910 2057; x_wconf 90' lang='lat' dir='ltr'><strong>pee-</strong></span> 
     </span>
     <span class='ocr_line' id='line_1_22' title="bbox 213 2067 1909 2143; baseline 0.003 -20"><span class='ocrx_word' id='word_1_293' title='bbox 213 2074 244 2125; x_wconf 85' lang='lat' dir='ltr'><strong>i.</strong></span> <span class='ocrx_word' id='word_1_294' title='bbox 264 2067 294 2125; x_wconf 89' lang='lat' dir='ltr'><strong>Si</strong></span> <span class='ocrx_word' id='word_1_295' title='bbox 310 2069 367 2126; x_wconf 79' lang='lat' dir='ltr'><strong>&#39;val</strong></span> <span class='ocrx_word' id='word_1_296' title='bbox 398 2073 517 2127; x_wconf 83' lang='lat' dir='ltr'><strong>maxime</strong></span> <span class='ocrx_word' id='word_1_297' title='bbox 547 2072 583 2127; x_wconf 93' lang='lat' dir='ltr'><strong>de</strong></span> <span class='ocrx_word' id='word_1_298' title='bbox 612 2078 688 2128; x_wconf 90' lang='lat' dir='ltr'><strong>statu</strong></span> <span class='ocrx_word' id='word_1_299' title='bbox 706 2070 825 2127; x_wconf 92' lang='lat' dir='ltr'><strong>bominis</strong></span> <span class='ocrx_word' id='word_1_300' title='bbox 851 2076 917 2127; x_wconf 90' lang='lat' dir='ltr'><strong>ante</strong></span> <span class='ocrx_word' id='word_1_301' title='bbox 944 2071 1052 2143; x_wconf 90' lang='lat' dir='ltr'><strong>lapsum</strong></span> <span class='ocrx_word' id='word_1_302' title='bbox 1077 2074 1139 2122; x_wconf 88' lang='lat' dir='ltr'><strong>cate</strong></span> <span class='ocrx_word' id='word_1_303' title='bbox 1158 2068 1310 2123; x_wconf 86' lang='lat' dir='ltr'><strong>mortalitas</strong></span> <span class='ocrx_word' id='word_1_304' title='bbox 1328 2069 1462 2123; x_wconf 90' lang='lat' dir='ltr'><strong>naturalis</strong></span> <span class='ocrx_word' id='word_1_305' title='bbox 1481 2086 1591 2126; x_wconf 80' lang='lat' dir='ltr'><strong>revera</strong></span> <span class='ocrx_word' id='word_1_306' title='bbox 1608 2069 1828 2142; x_wconf 84' lang='lat' dir='ltr'><strong>proiectaesset,</strong></span> <span class='ocrx_word' id='word_1_307' title='bbox 1847 2087 1909 2129; x_wconf 90' lang='lat' dir='ltr'><strong>earn</strong></span> 
     </span>
     <span class='ocr_line' id='line_1_23' title="bbox 218 2153 1910 2230; baseline 0.002 -20"><span class='ocrx_word' id='word_1_308' title='bbox 218 2155 362 2227; x_wconf 82' lang='lat' dir='ltr'><strong>apostolus</strong></span> <span class='ocrx_word' id='word_1_309' title='bbox 372 2165 486 2230; x_wconf 78' lang='lat' dir='ltr'><strong>ageret,</strong></span> <span class='ocrx_word' id='word_1_310' title='bbox 504 2158 575 2212; x_wconf 92' lang='lat' dir='ltr'><strong>nihil</strong></span> <span class='ocrx_word' id='word_1_311' title='bbox 585 2158 744 2214; x_wconf 90' lang='lat' dir='ltr'><strong>obtinerent</strong></span> <span class='ocrx_word' id='word_1_312' title='bbox 762 2156 929 2228; x_wconf 88' lang='lat' dir='ltr'><strong>Photiniani,</strong></span> <span class='ocrx_word' id='word_1_313' title='bbox 948 2157 1053 2230; x_wconf 90' lang='lat' dir='ltr'><strong>primus</strong></span> <span class='ocrx_word' id='word_1_314' title='bbox 1078 2170 1189 2226; x_wconf 88' lang='lat' dir='ltr'><strong>quoqne</strong></span> <span class='ocrx_word' id='word_1_315' title='bbox 1219 2153 1308 2209; x_wconf 82' lang='lat' dir='ltr'><strong>Filius</strong></span> <span class='ocrx_word' id='word_1_316' title='bbox 1338 2153 1392 2210; x_wconf 91' lang='lat' dir='ltr'><strong>Dei</strong></span> <span class='ocrx_word' id='word_1_317' title='bbox 1433 2155 1619 2222; x_wconf 78' lang='lat' dir='ltr'><strong>dissolvisset,</strong></span> <span class='ocrx_word' id='word_1_318' title='bbox 1656 2173 1800 2228; x_wconf 87' lang='lat' dir='ltr'><strong>possemus</strong></span> <span class='ocrx_word' id='word_1_319' title='bbox 1836 2159 1910 2214; x_wconf 89' lang='lat' dir='ltr'><strong>enim</strong></span> 
     </span>
     <span class='ocr_line' id='line_1_24' title="bbox 220 2240 1909 2316; baseline 0.001 -18"><span class='ocrx_word' id='word_1_320' title='bbox 220 2242 293 2298; x_wconf 87' lang='lat' dir='ltr'><strong>enim</strong></span> <span class='ocrx_word' id='word_1_321' title='bbox 319 2242 402 2299; x_wconf 92' lang='lat' dir='ltr'><strong>homo</strong></span> <span class='ocrx_word' id='word_1_322' title='bbox 426 2251 553 2301; x_wconf 86' lang='lat' dir='ltr'><strong>terrenus</strong></span> <span class='ocrx_word' id='word_1_323' title='bbox 570 2245 710 2301; x_wconf 86' lang='lat' dir='ltr'><strong>diceretur</strong></span> <span class='ocrx_word' id='word_1_324' title='bbox 728 2261 784 2300; x_wconf 93' lang='lat' dir='ltr'><strong>non</strong></span> <span class='ocrx_word' id='word_1_325' title='bbox 797 2251 911 2316; x_wconf 89' lang='lat' dir='ltr'><strong>propter</strong></span> <span class='ocrx_word' id='word_1_326' title='bbox 931 2245 1049 2301; x_wconf 89' lang='lat' dir='ltr'><strong>mortali·</strong></span> <span class='ocrx_word' id='word_1_327' title='bbox 1077 2242 1173 2296; x_wconf 90' lang='lat' dir='ltr'><strong>eodem</strong></span> <span class='ocrx_word' id='word_1_328' title='bbox 1197 2242 1279 2297; x_wconf 91' lang='lat' dir='ltr'><strong>modo</strong></span> <span class='ocrx_word' id='word_1_329' title='bbox 1304 2248 1400 2296; x_wconf 80' lang='lat' dir='ltr'><strong>contm</strong></span> <span class='ocrx_word' id='word_1_330' title='bbox 1416 2240 1509 2298; x_wconf 89' lang='lat' dir='ltr'><strong>Socini</strong></span> <span class='ocrx_word' id='word_1_331' title='bbox 1539 2242 1709 2314; x_wconf 77' lang='lat' dir='ltr'><strong>hypothesin</strong></span> <span class='ocrx_word' id='word_1_332' title='bbox 1727 2244 1843 2301; x_wconf 86' lang='lat' dir='ltr'><strong>inferre:</strong></span> <span class='ocrx_word' id='word_1_333' title='bbox 1878 2244 1909 2302; x_wconf 88' lang='lat' dir='ltr'><strong>Si</strong></span> 
     </span>
     <span class='ocr_line' id='line_1_25' title="bbox 220 2327 1907 2404; baseline 0.001 -19"><span class='ocrx_word' id='word_1_334' title='bbox 220 2330 286 2385; x_wconf 87' lang='lat' dir='ltr'><strong>tatis</strong></span> <span class='ocrx_word' id='word_1_335' title='bbox 306 2330 506 2401; x_wconf 87' lang='lat' dir='ltr'><strong>conditionem,</strong></span> <span class='ocrx_word' id='word_1_336' title='bbox 531 2332 598 2404; x_wconf 90' lang='lat' dir='ltr'><strong>quia</strong></span> <span class='ocrx_word' id='word_1_337' title='bbox 616 2331 784 2387; x_wconf 88' lang='lat' dir='ltr'><strong>contrarium</strong></span> <span class='ocrx_word' id='word_1_338' title='bbox 802 2332 951 2387; x_wconf 89' lang='lat' dir='ltr'><strong>ostendunt</strong></span> <span class='ocrx_word' id='word_1_339' title='bbox 969 2347 1051 2404; x_wconf 87' lang='lat' dir='ltr'><strong>argu-</strong></span> <span class='ocrx_word' id='word_1_340' title='bbox 1078 2341 1111 2381; x_wconf 88' lang='lat' dir='ltr'><strong>ex</strong></span> <span class='ocrx_word' id='word_1_341' title='bbox 1133 2332 1247 2396; x_wconf 87' lang='lat' dir='ltr'><strong>peccato</strong></span> <span class='ocrx_word' id='word_1_342' title='bbox 1272 2342 1344 2382; x_wconf 91' lang='lat' dir='ltr'><strong>mors</strong></span> <span class='ocrx_word' id='word_1_343' title='bbox 1361 2327 1423 2399; x_wconf 91' lang='lat' dir='ltr'><strong>ipsa</strong></span> <span class='ocrx_word' id='word_1_344' title='bbox 1439 2344 1470 2383; x_wconf 91' lang='lat' dir='ltr'><strong>re</strong></span> <span class='ocrx_word' id='word_1_345' title='bbox 1490 2345 1557 2384; x_wconf 82' lang='lat' dir='ltr'><strong>vera</strong></span> <span class='ocrx_word' id='word_1_346' title='bbox 1572 2328 1698 2400; x_wconf 83' lang='lat' dir='ltr'><strong>proiecta</strong></span> <span class='ocrx_word' id='word_1_347' title='bbox 1714 2330 1828 2396; x_wconf 86' lang='lat' dir='ltr'><strong>fuisset,</strong></span> <span class='ocrx_word' id='word_1_348' title='bbox 1846 2347 1907 2387; x_wconf 88' lang='lat' dir='ltr'><strong>eam</strong></span> 
     </span>
     <span class='ocr_line' id='line_1_26' title="bbox 219 2413 1908 2490; baseline 0.001 -18"><span class='ocrx_word' id='word_1_349' title='bbox 219 2422 313 2472; x_wconf 89' lang='lat' dir='ltr'><strong>menta</strong></span> <span class='ocrx_word' id='word_1_350' title='bbox 330 2417 457 2488; x_wconf 89' lang='lat' dir='ltr'><strong>superius</strong></span> <span class='ocrx_word' id='word_1_351' title='bbox 475 2418 621 2489; x_wconf 87' lang='lat' dir='ltr'><strong>producta,</strong></span> <span class='ocrx_word' id='word_1_352' title='bbox 638 2419 686 2474; x_wconf 91' lang='lat' dir='ltr'><strong>sed</strong></span> <span class='ocrx_word' id='word_1_353' title='bbox 704 2426 763 2474; x_wconf 91' lang='lat' dir='ltr'><strong>tum</strong></span> <span class='ocrx_word' id='word_1_354' title='bbox 776 2424 890 2490; x_wconf 89' lang='lat' dir='ltr'><strong>propter</strong></span> <span class='ocrx_word' id='word_1_355' title='bbox 906 2419 1051 2488; x_wconf 78' lang='lat' dir='ltr'><strong>oripimem,</strong></span> <span class='ocrx_word' id='word_1_356' title='bbox 1079 2428 1189 2484; x_wconf 88' lang='lat' dir='ltr'><strong>quoque</strong></span> <span class='ocrx_word' id='word_1_357' title='bbox 1208 2413 1295 2468; x_wconf 81' lang='lat' dir='ltr'><strong>Filius</strong></span> <span class='ocrx_word' id='word_1_358' title='bbox 1313 2413 1368 2470; x_wconf 90' lang='lat' dir='ltr'><strong>Dei</strong></span> <span class='ocrx_word' id='word_1_359' title='bbox 1387 2414 1566 2472; x_wconf 80' lang='lat' dir='ltr'><strong>dissolvisset.</strong></span> <span class='ocrx_word' id='word_1_360' title='bbox 1602 2419 1626 2471; x_wconf 81' lang='lat'><strong>2.</strong></span> <span class='ocrx_word' id='word_1_361' title='bbox 1645 2415 1701 2471; x_wconf 87' lang='lat' dir='ltr'><strong>Per</strong></span> <span class='ocrx_word' id='word_1_362' title='bbox 1718 2418 1908 2474; x_wconf 78' lang='lat' dir='ltr'><strong>inversionem.</strong></span> 
     </span>
     <span class='ocr_line' id='line_1_27' title="bbox 220 2497 1910 2576; baseline -0.001 -16"><span class='ocrx_word' id='word_1_363' title='bbox 220 2503 286 2574; x_wconf 84' lang='lat' dir='ltr'><strong>qnia</strong></span> <span class='ocrx_word' id='word_1_364' title='bbox 314 2519 348 2558; x_wconf 88' lang='lat' dir='ltr'><strong>ex</strong></span> <span class='ocrx_word' id='word_1_365' title='bbox 376 2503 441 2559; x_wconf 91' lang='lat' dir='ltr'><strong>limo</strong></span> <span class='ocrx_word' id='word_1_366' title='bbox 466 2512 556 2561; x_wconf 90' lang='lat' dir='ltr'><strong>terrae</strong></span> <span class='ocrx_word' id='word_1_367' title='bbox 583 2504 718 2572; x_wconf 82' lang='lat' dir='ltr'><strong>formatas</strong></span> <span class='ocrx_word' id='word_1_368' title='bbox 746 2514 819 2575; x_wconf 89' lang='lat' dir='ltr'><strong>erat,</strong></span> <span class='ocrx_word' id='word_1_369' title='bbox 849 2511 910 2559; x_wconf 92' lang='lat' dir='ltr'><strong>tnm</strong></span> <span class='ocrx_word' id='word_1_370' title='bbox 939 2512 1052 2576; x_wconf 87' lang='lat' dir='ltr'><strong>propter</strong></span> <span class='ocrx_word' id='word_1_371' title='bbox 1077 2498 1105 2554; x_wconf 82' lang='lat' dir='ltr'>A</span> <span class='ocrx_word' id='word_1_372' title='bbox 1131 2515 1298 2571; x_wconf 85' lang='lat' dir='ltr'><strong>quocunque</strong></span> <span class='ocrx_word' id='word_1_373' title='bbox 1320 2517 1371 2555; x_wconf 90' lang='lat' dir='ltr'><strong>nos</strong></span> <span class='ocrx_word' id='word_1_374' title='bbox 1391 2500 1517 2556; x_wconf 82' lang='lat' dir='ltr'><strong>Christus</strong></span> <span class='ocrx_word' id='word_1_375' title='bbox 1540 2517 1593 2557; x_wconf 90' lang='lat' dir='ltr'><strong>sua</strong></span> <span class='ocrx_word' id='word_1_376' title='bbox 1615 2502 1745 2572; x_wconf 82' lang='lat' dir='ltr'><strong>passione</strong></span> <span class='ocrx_word' id='word_1_377' title='bbox 1770 2520 1804 2558; x_wconf 89' lang='lat' dir='ltr'><strong>ac</strong></span> <span class='ocrx_word' id='word_1_378' title='bbox 1823 2497 1910 2560; x_wconf 87' lang='lat' dir='ltr'><strong>morte</strong></span> 
     </span>
     <span class='ocr_line' id='line_1_28' title="bbox 218 2584 1911 2662; baseline 0.003 -20"><span class='ocrx_word' id='word_1_379' title='bbox 218 2589 434 2658; x_wconf 78' lang='lat' dir='ltr'><strong>latitationem,</strong></span> <span class='ocrx_word' id='word_1_380' title='bbox 466 2591 533 2662; x_wconf 88' lang='lat' dir='ltr'><strong>qnia</strong></span> <span class='ocrx_word' id='word_1_381' title='bbox 559 2590 588 2645; x_wconf 91' lang='lat' dir='ltr'><strong>in</strong></span> <span class='ocrx_word' id='word_1_382' title='bbox 615 2591 776 2662; x_wconf 83' lang='lat' dir='ltr'><strong>paradisum</strong></span> <span class='ocrx_word' id='word_1_383' title='bbox 802 2599 941 2648; x_wconf 80' lang='lat' dir='ltr'><strong>terrerum</strong></span> <span class='ocrx_word' id='word_1_384' title='bbox 969 2592 1051 2647; x_wconf 84' lang='lat' dir='ltr'><strong>collo</strong></span> <span class='ocrx_word' id='word_1_385' title='bbox 1078 2584 1224 2656; x_wconf 87' lang='lat' dir='ltr'><strong>liberavit,</strong></span> <span class='ocrx_word' id='word_1_386' title='bbox 1253 2587 1324 2642; x_wconf 89' lang='lat' dir='ltr'><strong>illud</strong></span> <span class='ocrx_word' id='word_1_387' title='bbox 1353 2587 1444 2659; x_wconf 88' lang='lat' dir='ltr'><strong>ipsum</strong></span> <span class='ocrx_word' id='word_1_388' title='bbox 1470 2605 1525 2644; x_wconf 90' lang='lat' dir='ltr'><strong>non</strong></span> <span class='ocrx_word' id='word_1_389' title='bbox 1553 2595 1596 2644; x_wconf 90' lang='lat' dir='ltr'><strong>est</strong></span> <span class='ocrx_word' id='word_1_390' title='bbox 1620 2596 1767 2646; x_wconf 77' lang='lat' dir='ltr'><strong>concreata</strong></span> <span class='ocrx_word' id='word_1_391' title='bbox 1791 2590 1911 2647; x_wconf 92' lang='lat' dir='ltr'><strong>hominis</strong></span> 
     </span>
     <span class='ocr_line' id='line_1_29' title="bbox 220 2672 1991 2751; baseline 0.001 -19"><span class='ocrx_word' id='word_1_392' title='bbox 220 2681 299 2732; x_wconf 88' lang='lat' dir='ltr'><strong>catus</strong></span> <span class='ocrx_word' id='word_1_393' title='bbox 317 2683 377 2732; x_wconf 91' lang='lat' dir='ltr'><strong>erat</strong></span> <span class='ocrx_word' id='word_1_394' title='bbox 395 2693 429 2733; x_wconf 90' lang='lat' dir='ltr'><strong>ac</strong></span> <span class='ocrx_word' id='word_1_395' title='bbox 448 2677 535 2732; x_wconf 83' lang='lat' dir='ltr'><strong>vitam</strong></span> <span class='ocrx_word' id='word_1_396' title='bbox 553 2678 584 2733; x_wconf 92' lang='lat' dir='ltr'><strong>in</strong></span> <span class='ocrx_word' id='word_1_397' title='bbox 601 2677 645 2733; x_wconf 90' lang='lat' dir='ltr'><strong>his</strong></span> <span class='ocrx_word' id='word_1_398' title='bbox 665 2679 745 2735; x_wconf 87' lang='lat' dir='ltr'><strong>terris</strong></span> <span class='ocrx_word' id='word_1_399' title='bbox 757 2679 930 2751; x_wconf 87' lang='lat' dir='ltr'><strong>aliquamdiu</strong></span> <span class='ocrx_word' id='word_1_400' title='bbox 943 2678 1052 2751; x_wconf 83' lang='lat' dir='ltr'><strong>exigere</strong></span> <span class='ocrx_word' id='word_1_401' title='bbox 1078 2672 1214 2737; x_wconf 82' lang='lat' dir='ltr'><strong>conditio,</strong></span> <span class='ocrx_word' id='word_1_402' title='bbox 1234 2674 1284 2729; x_wconf 89' lang='lat' dir='ltr'><strong>sed</strong></span> <span class='ocrx_word' id='word_1_403' title='bbox 1302 2674 1406 2728; x_wconf 86' lang='lat' dir='ltr'><strong>maium</strong></span> <span class='ocrx_word' id='word_1_404' title='bbox 1423 2691 1458 2730; x_wconf 86' lang='lat' dir='ltr'><strong>ex</strong></span> <span class='ocrx_word' id='word_1_405' title='bbox 1474 2682 1589 2745; x_wconf 82' lang='lat' dir='ltr'><strong>peccato</strong></span> <span class='ocrx_word' id='word_1_406' title='bbox 1608 2680 1699 2730; x_wconf 93' lang='lat' dir='ltr'><strong>ortum</strong></span> <span class='ocrx_word' id='word_1_407' title='bbox 1730 2692 1764 2731; x_wconf 97' lang='grc' dir='ltr'><strong>ιι</strong></span> <span class='ocrx_word' id='word_1_408' title='bbox 1793 2678 1910 2747; x_wconf 90' lang='lat' dir='ltr'><strong>proinde</strong></span> <span class='ocrx_word' id='word_1_409' title='bbox 1923 2690 1991 2734; x_wconf 74' lang='grc' dir='ltr'>ιιι.</span> 
     </span>
     <span class='ocr_line' id='line_1_30' title="bbox 220 2759 1910 2838; baseline 0.002 -22"><span class='ocrx_word' id='word_1_410' title='bbox 220 2762 359 2828; x_wconf 82' lang='grc' dir='ltr'>ιιιιιιι,</span> <span class='ocrx_word' id='word_1_411' title='bbox 388 2771 538 2835; x_wconf 87' lang='lat' dir='ltr'><strong>antequam</strong></span> <span class='ocrx_word' id='word_1_412' title='bbox 561 2765 591 2819; x_wconf 91' lang='lat' dir='ltr'><strong>in</strong></span> <span class='ocrx_word' id='word_1_413' title='bbox 617 2765 764 2821; x_wconf 86' lang='lat' dir='ltr'><strong>coelestem</strong></span> <span class='ocrx_word' id='word_1_414' title='bbox 787 2764 947 2838; x_wconf 84' lang='lat' dir='ltr'><strong>paradisum</strong></span> <span class='ocrx_word' id='word_1_415' title='bbox 976 2764 1051 2819; x_wconf 91' lang='lat' dir='ltr'><strong>etin</strong></span> <span class='ocrx_word' id='word_1_416' title='bbox 1078 2759 1108 2814; x_wconf 92' lang='lat' dir='ltr'><strong>in</strong></span> <span class='ocrx_word' id='word_1_417' title='bbox 1131 2767 1205 2815; x_wconf 89' lang='lat' dir='ltr'><strong>statu</strong></span> <span class='ocrx_word' id='word_1_418' title='bbox 1227 2759 1395 2831; x_wconf 82' lang='lat' dir='ltr'><strong>integritatis</strong></span> <span class='ocrx_word' id='word_1_419' title='bbox 1422 2777 1479 2815; x_wconf 90' lang='lat' dir='ltr'><strong>non</strong></span> <span class='ocrx_word' id='word_1_420' title='bbox 1497 2759 1595 2816; x_wconf 91' lang='lat' dir='ltr'><strong>habuit</strong></span> <span class='ocrx_word' id='word_1_421' title='bbox 1611 2760 1712 2819; x_wconf 92' lang='lat' dir='ltr'><strong>locum.</strong></span> <span class='ocrx_word' id='word_1_422' title='bbox 1760 2763 1825 2819; x_wconf 81' lang='lat' dir='ltr'><strong>lam</strong></span> <span class='ocrx_word' id='word_1_423' title='bbox 1843 2782 1910 2820; x_wconf 84' lang='lat' dir='ltr'><strong>vero</strong></span> 
     </span>
     <span class='ocr_line' id='line_1_31' title="bbox 220 2844 1910 2919; baseline 0.002 -16"><span class='ocrx_word' id='word_1_424' title='bbox 220 2853 323 2903; x_wconf 89' lang='lat' dir='ltr'><strong>statum</strong></span> <span class='ocrx_word' id='word_1_425' title='bbox 355 2848 466 2904; x_wconf 79' lang='lat' dir='ltr'><strong>futurae</strong></span> <span class='ocrx_word' id='word_1_426' title='bbox 493 2850 567 2906; x_wconf 83' lang='lat' dir='ltr'><strong>vitae</strong></span> <span class='ocrx_word' id='word_1_427' title='bbox 583 2853 787 2907; x_wconf 82' lang='grc' dir='ltr'>ιιιιιιιιιτιιιιι.</span> <span class='ocrx_word' id='word_1_428' title='bbox 836 2857 862 2909; x_wconf 82' lang='grc'><strong>2.</strong></span> <span class='ocrx_word' id='word_1_429' title='bbox 881 2850 942 2915; x_wconf 86' lang='lat' dir='ltr'><strong>Quo</strong></span> <span class='ocrx_word' id='word_1_430' title='bbox 970 2867 1051 2906; x_wconf 87' lang='lat' dir='ltr'><strong>sensu</strong></span> <span class='ocrx_word' id='word_1_431' title='bbox 1078 2844 1206 2900; x_wconf 84' lang='lat' dir='ltr'><strong>Christus</strong></span> <span class='ocrx_word' id='word_1_432' title='bbox 1224 2862 1242 2900; x_wconf 89' lang='lat' dir='ltr'><strong>a</strong></span> <span class='ocrx_word' id='word_1_433' title='bbox 1259 2845 1429 2902; x_wconf 86' lang='lat' dir='ltr'><strong>mortalitate</strong></span> <span class='ocrx_word' id='word_1_434' title='bbox 1446 2852 1474 2903; x_wconf 91' lang='lat' dir='ltr'><strong>et</strong></span> <span class='ocrx_word' id='word_1_435' title='bbox 1490 2853 1579 2903; x_wconf 88' lang='lat' dir='ltr'><strong>morte</strong></span> <span class='ocrx_word' id='word_1_436' title='bbox 1596 2865 1646 2903; x_wconf 89' lang='lat' dir='ltr'><strong>nos</strong></span> <span class='ocrx_word' id='word_1_437' title='bbox 1666 2847 1810 2919; x_wconf 85' lang='lat' dir='ltr'><strong>liberavit,</strong></span> <span class='ocrx_word' id='word_1_438' title='bbox 1828 2859 1860 2906; x_wconf 89' lang='lat' dir='ltr'><strong>ut</strong></span> <span class='ocrx_word' id='word_1_439' title='bbox 1877 2869 1910 2908; x_wconf 89' lang='lat' dir='ltr'><strong>ex</strong></span> 
     </span>
     <span class='ocr_line' id='line_1_32' title="bbox 221 2930 1910 3009; baseline 0.001 -19"><span class='ocrx_word' id='word_1_440' title='bbox 221 2936 326 3007; x_wconf 90' lang='lat' dir='ltr'><strong>primus</strong></span> <span class='ocrx_word' id='word_1_441' title='bbox 343 2935 425 2991; x_wconf 93' lang='lat' dir='ltr'><strong>homo</strong></span> <span class='ocrx_word' id='word_1_442' title='bbox 439 2935 548 2991; x_wconf 88' lang='lat' dir='ltr'><strong>dicatur</strong></span> <span class='ocrx_word' id='word_1_443' title='bbox 560 2945 696 3006; x_wconf 81' lang='lat' dir='ltr'><strong>terreum,</strong></span> <span class='ocrx_word' id='word_1_444' title='bbox 713 2955 746 2993; x_wconf 87' lang='grc' dir='ltr'><strong>ιι</strong></span> <span class='ocrx_word' id='word_1_445' title='bbox 756 2937 887 2994; x_wconf 84' lang='lat' dir='ltr'><strong>antithesi</strong></span> <span class='ocrx_word' id='word_1_446' title='bbox 899 2936 1053 3009; x_wconf 87' lang='lat' dir='ltr'><strong>apostolica</strong></span> <span class='ocrx_word' id='word_1_447' title='bbox 1078 2931 1232 2987; x_wconf 81' lang='lat' dir='ltr'><strong>manifestis</strong></span> <span class='ocrx_word' id='word_1_448' title='bbox 1250 2931 1411 3002; x_wconf 85' lang='lat' dir='ltr'><strong>Scripturas</strong></span> <span class='ocrx_word' id='word_1_449' title='bbox 1429 2930 1511 2989; x_wconf 88' lang='lat' dir='ltr'><strong>dictis</strong></span> <span class='ocrx_word' id='word_1_450' title='bbox 1530 2932 1614 3002; x_wconf 89' lang='lat' dir='ltr'><strong>paulo</strong></span> <span class='ocrx_word' id='word_1_451' title='bbox 1634 2940 1698 3004; x_wconf 90' lang='lat' dir='ltr'><strong>post</strong></span> <span class='ocrx_word' id='word_1_452' title='bbox 1709 2935 1910 2994; x_wconf 90' lang='lat' dir='ltr'><strong>demonstrabi-</strong></span> 
     </span>
     <span class='ocr_line' id='line_1_33' title="bbox 224 3019 1912 3096; baseline -0.003 -19"><span class='ocrx_word' id='word_1_453' title='bbox 224 3026 248 3078; x_wconf 88' lang='grc' dir='ltr'><strong>ι.</strong></span> <span class='ocrx_word' id='word_1_454' title='bbox 266 3021 329 3077; x_wconf 81' lang='lat' dir='ltr'><strong>Cor.</strong></span> <span class='ocrx_word' id='word_1_455' title='bbox 352 3028 391 3089; x_wconf 82' lang='lat'><strong>15,</strong></span> <span class='ocrx_word' id='word_1_456' title='bbox 409 3039 435 3078; x_wconf 82' lang='lat' dir='ltr'><strong>v.</strong></span> <span class='ocrx_word' id='word_1_457' title='bbox 453 3027 495 3078; x_wconf 82' lang='grc'><strong>47.</strong></span> <span class='ocrx_word' id='word_1_458' title='bbox 515 3023 636 3079; x_wconf 88' lang='lat' dir='ltr'><strong>omnium</strong></span> <span class='ocrx_word' id='word_1_459' title='bbox 654 3023 757 3095; x_wconf 87' lang='lat' dir='ltr'><strong>optime</strong></span> <span class='ocrx_word' id='word_1_460' title='bbox 774 3025 923 3096; x_wconf 75' lang='lat' dir='ltr'><strong>colligitur.</strong></span> <span class='ocrx_word' id='word_1_461' title='bbox 952 3024 1052 3089; x_wconf 86' lang='lat' dir='ltr'><strong>Quem·</strong></span> <span class='ocrx_word' id='word_1_462' title='bbox 1071 3037 1148 3083; x_wconf 84' lang='lat' dir='ltr'><strong>mus.</strong></span> <span class='ocrx_word' id='word_1_463' title='bbox 1197 3019 1272 3090; x_wconf 83' lang='lat' dir='ltr'><strong>Ergo</strong></span> <span class='ocrx_word' id='word_1_464' title='bbox 1296 3019 1449 3074; x_wconf 87' lang='lat' dir='ltr'><strong>mortalitas</strong></span> <span class='ocrx_word' id='word_1_465' title='bbox 1472 3025 1502 3074; x_wconf 91' lang='lat' dir='ltr'><strong>et</strong></span> <span class='ocrx_word' id='word_1_466' title='bbox 1528 3035 1600 3075; x_wconf 89' lang='lat' dir='ltr'><strong>mors</strong></span> <span class='ocrx_word' id='word_1_467' title='bbox 1625 3036 1681 3076; x_wconf 89' lang='lat' dir='ltr'><strong>non</strong></span> <span class='ocrx_word' id='word_1_468' title='bbox 1706 3028 1748 3076; x_wconf 81' lang='grc' dir='ltr'><strong>ιιι</strong></span> <span class='ocrx_word' id='word_1_469' title='bbox 1765 3030 1912 3081; x_wconf 64' lang='lat' dir='ltr'><strong>concreata</strong></span> 
     </span>
     <span class='ocr_line' id='line_1_34' title="bbox 221 3105 1911 3179; baseline 0.003 -17"><span class='ocrx_word' id='word_1_470' title='bbox 221 3107 369 3164; x_wconf 87' lang='lat' dir='ltr'><strong>admodum</strong></span> <span class='ocrx_word' id='word_1_471' title='bbox 401 3108 474 3165; x_wconf 91' lang='lat' dir='ltr'><strong>enim</strong></span> <span class='ocrx_word' id='word_1_472' title='bbox 506 3111 645 3165; x_wconf 88' lang='lat' dir='ltr'><strong>secundus</strong></span> <span class='ocrx_word' id='word_1_473' title='bbox 675 3111 757 3166; x_wconf 92' lang='lat' dir='ltr'><strong>homo</strong></span> <span class='ocrx_word' id='word_1_474' title='bbox 795 3110 920 3166; x_wconf 78' lang='lat' dir='ltr'><strong>Christus</strong></span> <span class='ocrx_word' id='word_1_475' title='bbox 952 3111 1054 3166; x_wconf 90' lang='lat' dir='ltr'><strong>dieitur</strong></span> <span class='ocrx_word' id='word_1_476' title='bbox 1079 3105 1196 3162; x_wconf 91' lang='lat' dir='ltr'><strong>bominis</strong></span> <span class='ocrx_word' id='word_1_477' title='bbox 1224 3105 1362 3171; x_wconf 90' lang='lat' dir='ltr'><strong>conditio,</strong></span> <span class='ocrx_word' id='word_1_478' title='bbox 1392 3106 1442 3161; x_wconf 91' lang='lat' dir='ltr'><strong>sed</strong></span> <span class='ocrx_word' id='word_1_479' title='bbox 1467 3106 1570 3163; x_wconf 88' lang='lat' dir='ltr'><strong>malum</strong></span> <span class='ocrx_word' id='word_1_480' title='bbox 1602 3123 1636 3162; x_wconf 86' lang='lat' dir='ltr'><strong>ex</strong></span> <span class='ocrx_word' id='word_1_481' title='bbox 1664 3116 1780 3179; x_wconf 88' lang='lat' dir='ltr'><strong>peccato</strong></span> <span class='ocrx_word' id='word_1_482' title='bbox 1811 3117 1911 3167; x_wconf 92' lang='lat' dir='ltr'><strong>ortum.</strong></span> 
     </span>
     <span class='ocr_line' id='line_1_35' title="bbox 222 3192 1911 3270; baseline 0.002 -21"><span class='ocrx_word' id='word_1_483' title='bbox 222 3197 351 3249; x_wconf 72' lang='lat' dir='ltr'><strong>domim</strong></span> <span class='ocrx_word' id='word_1_484' title='bbox 370 3196 407 3249; x_wconf 84' lang='lat' dir='ltr'><strong>de</strong></span> <span class='ocrx_word' id='word_1_485' title='bbox 432 3196 511 3251; x_wconf 86' lang='lat' dir='ltr'><strong>coelo</strong></span> <span class='ocrx_word' id='word_1_486' title='bbox 550 3197 659 3252; x_wconf 85' lang='lat' dir='ltr'><strong>ratione</strong></span> <span class='ocrx_word' id='word_1_487' title='bbox 676 3199 809 3266; x_wconf 74' lang='lat' dir='ltr'><strong>originis,</strong></span> <span class='ocrx_word' id='word_1_488' title='bbox 838 3197 958 3270; x_wconf 87' lang='lat' dir='ltr'><strong>quiade</strong></span> <span class='ocrx_word' id='word_1_489' title='bbox 979 3196 1054 3252; x_wconf 90' lang='lat' dir='ltr'><strong>coelo</strong></span> <span class='ocrx_word' id='word_1_490' title='bbox 1079 3200 1105 3251; x_wconf 78' lang='grc'><strong>3.</strong></span> <span class='ocrx_word' id='word_1_491' title='bbox 1132 3192 1188 3249; x_wconf 83' lang='grc' dir='ltr'><strong>Ριι</strong></span> <span class='ocrx_word' id='word_1_492' title='bbox 1215 3193 1422 3263; x_wconf 76' lang='lat' dir='ltr'><strong>inficiationem.</strong></span> <span class='ocrx_word' id='word_1_493' title='bbox 1471 3192 1612 3265; x_wconf 87' lang='lat' dir='ltr'><strong>Negamus</strong></span> <span class='ocrx_word' id='word_1_494' title='bbox 1637 3194 1722 3263; x_wconf 89' lang='lat' dir='ltr'><strong>iliud,</strong></span> <span class='ocrx_word' id='word_1_495' title='bbox 1751 3197 1826 3267; x_wconf 86' lang='lat' dir='ltr'><strong>quod</strong></span> <span class='ocrx_word' id='word_1_496' title='bbox 1854 3204 1911 3253; x_wconf 91' lang='lat' dir='ltr'><strong>tam</strong></span> 
     </span>
     <span class='ocr_line' id='line_1_36' title="bbox 221 3278 1911 3354; baseline 0.002 -18"><span class='ocrx_word' id='word_1_497' title='bbox 221 3280 301 3352; x_wconf 87' lang='lat' dir='ltr'><strong>quasi</strong></span> <span class='ocrx_word' id='word_1_498' title='bbox 318 3281 348 3335; x_wconf 92' lang='lat' dir='ltr'><strong>in</strong></span> <span class='ocrx_word' id='word_1_499' title='bbox 364 3288 488 3336; x_wconf 90' lang='lat' dir='ltr'><strong>nostram</strong></span> <span class='ocrx_word' id='word_1_500' title='bbox 506 3299 617 3338; x_wconf 89' lang='lat' dir='ltr'><strong>carnem</strong></span> <span class='ocrx_word' id='word_1_501' title='bbox 637 3300 697 3340; x_wconf 89' lang='lat' dir='ltr'><strong>sese</strong></span> <span class='ocrx_word' id='word_1_502' title='bbox 715 3283 828 3354; x_wconf 78' lang='lat' dir='ltr'><strong>dimisit,</strong></span> <span class='ocrx_word' id='word_1_503' title='bbox 846 3284 1052 3352; x_wconf 76' lang='lat' dir='ltr'><strong>Lne.1,v.78.</strong></span> <span class='ocrx_word' id='word_1_504' title='bbox 1078 3278 1241 3336; x_wconf 87' lang='lat' dir='ltr'><strong>confitenter</strong></span> <span class='ocrx_word' id='word_1_505' title='bbox 1259 3280 1359 3335; x_wconf 89' lang='lat' dir='ltr'><strong>asserit</strong></span> <span class='ocrx_word' id='word_1_506' title='bbox 1378 3278 1502 3350; x_wconf 84' lang='lat' dir='ltr'><strong>Socinus,</strong></span> <span class='ocrx_word' id='word_1_507' title='bbox 1522 3279 1662 3337; x_wconf 82' lang='lat' dir='ltr'><strong>Christum</strong></span> <span class='ocrx_word' id='word_1_508' title='bbox 1688 3299 1744 3339; x_wconf 92' lang='lat' dir='ltr'><strong>non</strong></span> <span class='ocrx_word' id='word_1_509' title='bbox 1763 3281 1911 3341; x_wconf 87' lang='lat' dir='ltr'><strong>abstulisse</strong></span> 
     </span>
     <span class='ocr_line' id='line_1_37' title="bbox 211 3366 1911 3443; baseline 0.004 -23"><span class='ocrx_word' id='word_1_510' title='bbox 211 3368 263 3421; x_wconf 84' lang='lat' dir='ltr'><strong>-sic</strong></span> <span class='ocrx_word' id='word_1_511' title='bbox 280 3368 364 3422; x_wconf 87' lang='lat' dir='ltr'><strong>etiam</strong></span> <span class='ocrx_word' id='word_1_512' title='bbox 381 3367 506 3423; x_wconf 83' lang='lat' dir='ltr'><strong>Adamus</strong></span> <span class='ocrx_word' id='word_1_513' title='bbox 523 3384 540 3424; x_wconf 90' lang='lat' dir='ltr'><strong>e</strong></span> <span class='ocrx_word' id='word_1_514' title='bbox 558 3371 697 3424; x_wconf 89' lang='lat' dir='ltr'><strong>contrario</strong></span> <span class='ocrx_word' id='word_1_515' title='bbox 717 3371 819 3426; x_wconf 88' lang='lat' dir='ltr'><strong>dicitnr</strong></span> <span class='ocrx_word' id='word_1_516' title='bbox 837 3377 970 3438; x_wconf 86' lang='lat' dir='ltr'><strong>terrenus,</strong></span> <span class='ocrx_word' id='word_1_517' title='bbox 988 3369 1054 3441; x_wconf 87' lang='lat' dir='ltr'><strong>quia</strong></span> <span class='ocrx_word' id='word_1_518' title='bbox 1080 3384 1132 3423; x_wconf 90' lang='lat' dir='ltr'><strong>nec</strong></span> <span class='ocrx_word' id='word_1_519' title='bbox 1164 3366 1299 3423; x_wconf 86' lang='lat' dir='ltr'><strong>delevisse</strong></span> <span class='ocrx_word' id='word_1_520' title='bbox 1330 3367 1540 3438; x_wconf 87' lang='lat' dir='ltr'><strong>mortalitatem,</strong></span> <span class='ocrx_word' id='word_1_521' title='bbox 1572 3385 1624 3424; x_wconf 90' lang='lat' dir='ltr'><strong>nec</strong></span> <span class='ocrx_word' id='word_1_522' title='bbox 1653 3369 1812 3426; x_wconf 84' lang='lat' dir='ltr'><strong>dissolvisse</strong></span> <span class='ocrx_word' id='word_1_523' title='bbox 1840 3389 1911 3443; x_wconf 88' lang='lat' dir='ltr'><strong>opus</strong></span> 
     </span>
     <span class='ocr_line' id='line_1_38' title="bbox 221 3452 1910 3528; baseline 0.003 -19"><span class='ocrx_word' id='word_1_524' title='bbox 221 3468 255 3509; x_wconf 87' lang='grc' dir='ltr'><strong>ιι</strong></span> <span class='ocrx_word' id='word_1_525' title='bbox 278 3461 352 3509; x_wconf 88' lang='lat' dir='ltr'><strong>terra</strong></span> <span class='ocrx_word' id='word_1_526' title='bbox 374 3452 508 3510; x_wconf 86' lang='lat' dir='ltr'><strong>formatus</strong></span> <span class='ocrx_word' id='word_1_527' title='bbox 535 3461 585 3511; x_wconf 89' lang='grc' dir='ltr'><strong>ιιι</strong></span> <span class='ocrx_word' id='word_1_528' title='bbox 626 3460 652 3513; x_wconf 83' lang='grc'><strong>3.</strong></span> <span class='ocrx_word' id='word_1_529' title='bbox 670 3455 714 3510; x_wconf 88' lang='grc' dir='ltr'><strong>Ει</strong></span> <span class='ocrx_word' id='word_1_530' title='bbox 730 3460 789 3511; x_wconf 88' lang='lat' dir='ltr'><strong>toto</strong></span> <span class='ocrx_word' id='word_1_531' title='bbox 818 3462 949 3512; x_wconf 84' lang='lat' dir='ltr'><strong>contextu</strong></span> <span class='ocrx_word' id='word_1_532' title='bbox 968 3455 1054 3510; x_wconf 91' lang='lat' dir='ltr'><strong>mani-</strong></span> <span class='ocrx_word' id='word_1_533' title='bbox 1081 3453 1185 3509; x_wconf 92' lang='lat' dir='ltr'><strong>diaboli</strong></span> <span class='ocrx_word' id='word_1_534' title='bbox 1209 3471 1243 3510; x_wconf 88' lang='lat' dir='ltr'><strong>ex</strong></span> <span class='ocrx_word' id='word_1_535' title='bbox 1266 3461 1383 3525; x_wconf 88' lang='lat' dir='ltr'><strong>peccato</strong></span> <span class='ocrx_word' id='word_1_536' title='bbox 1404 3455 1503 3511; x_wconf 81' lang='lat' dir='ltr'><strong>ortum.</strong></span> <span class='ocrx_word' id='word_1_537' title='bbox 1550 3454 1748 3528; x_wconf 87' lang='lat' dir='ltr'><strong>Progredimur</strong></span> <span class='ocrx_word' id='word_1_538' title='bbox 1769 3463 1864 3513; x_wconf 87' lang='lat' dir='ltr'><strong>antem</strong></span> <span class='ocrx_word' id='word_1_539' title='bbox 1882 3458 1910 3514; x_wconf 91' lang='lat' dir='ltr'><strong>in</strong></span> 
     </span>
     <span class='ocr_line' id='line_1_39' title="bbox 221 3539 1910 3614; baseline 0.004 -19"><span class='ocrx_word' id='word_1_540' title='bbox 221 3539 324 3595; x_wconf 77' lang='lat' dir='ltr'><strong>testum</strong></span> <span class='ocrx_word' id='word_1_541' title='bbox 348 3547 406 3610; x_wconf 88' lang='lat' dir='ltr'><strong>est,</strong></span> <span class='ocrx_word' id='word_1_542' title='bbox 435 3542 591 3612; x_wconf 88' lang='lat' dir='ltr'><strong>apostolum</strong></span> <span class='ocrx_word' id='word_1_543' title='bbox 614 3559 671 3597; x_wconf 92' lang='lat' dir='ltr'><strong>non</strong></span> <span class='ocrx_word' id='word_1_544' title='bbox 696 3543 772 3614; x_wconf 86' lang='lat' dir='ltr'><strong>loqui</strong></span> <span class='ocrx_word' id='word_1_545' title='bbox 795 3543 832 3599; x_wconf 91' lang='lat' dir='ltr'><strong>de</strong></span> <span class='ocrx_word' id='word_1_546' title='bbox 855 3548 931 3598; x_wconf 88' lang='lat' dir='ltr'><strong>statu</strong></span> <span class='ocrx_word' id='word_1_547' title='bbox 950 3543 1053 3598; x_wconf 84' lang='lat' dir='ltr'><strong>Adami</strong></span> <span class='ocrx_word' id='word_1_548' title='bbox 1079 3539 1296 3595; x_wconf 89' lang='lat' dir='ltr'><strong>demonstranda</strong></span> <span class='ocrx_word' id='word_1_549' title='bbox 1322 3542 1474 3598; x_wconf 85' lang='lat' dir='ltr'><strong>assertione</strong></span> <span class='ocrx_word' id='word_1_550' title='bbox 1502 3544 1641 3599; x_wconf 89' lang='lat' dir='ltr'><strong>contraria</strong></span> <span class='ocrx_word' id='word_1_551' title='bbox 1667 3543 1720 3598; x_wconf 92' lang='lat' dir='ltr'><strong>hoc</strong></span> <span class='ocrx_word' id='word_1_552' title='bbox 1736 3544 1830 3601; x_wconf 91' lang='lat' dir='ltr'><strong>modo:</strong></span> <span class='ocrx_word' id='word_1_553' title='bbox 1860 3545 1910 3602; x_wconf 93' lang='lat' dir='ltr'><strong>Uti</strong></span> 
     </span>
     <span class='ocr_line' id='line_1_40' title="bbox 221 3627 1909 3702; baseline 0.004 -21"><span class='ocrx_word' id='word_1_554' title='bbox 221 3631 286 3682; x_wconf 90' lang='lat' dir='ltr'><strong>ante</strong></span> <span class='ocrx_word' id='word_1_555' title='bbox 310 3627 435 3698; x_wconf 87' lang='lat' dir='ltr'><strong>lapsum,</strong></span> <span class='ocrx_word' id='word_1_556' title='bbox 464 3629 513 3683; x_wconf 90' lang='lat' dir='ltr'><strong>sed</strong></span> <span class='ocrx_word' id='word_1_557' title='bbox 540 3628 576 3684; x_wconf 91' lang='lat' dir='ltr'><strong>de</strong></span> <span class='ocrx_word' id='word_1_558' title='bbox 601 3634 677 3683; x_wconf 83' lang='lat' dir='ltr'><strong>statn</strong></span> <span class='ocrx_word' id='word_1_559' title='bbox 704 3629 830 3699; x_wconf 89' lang='lat' dir='ltr'><strong>ejusdem</strong></span> <span class='ocrx_word' id='word_1_560' title='bbox 857 3637 920 3700; x_wconf 89' lang='lat' dir='ltr'><strong>post</strong></span> <span class='ocrx_word' id='word_1_561' title='bbox 935 3629 1053 3700; x_wconf 87' lang='lat' dir='ltr'><strong>lapsum,</strong></span> <span class='ocrx_word' id='word_1_562' title='bbox 1079 3628 1177 3683; x_wconf 89' lang='lat' dir='ltr'><strong>eadem</strong></span> <span class='ocrx_word' id='word_1_563' title='bbox 1194 3634 1237 3683; x_wconf 88' lang='lat' dir='ltr'><strong>est</strong></span> <span class='ocrx_word' id='word_1_564' title='bbox 1253 3627 1324 3683; x_wconf 89' lang='lat' dir='ltr'><strong>ratio</strong></span> <span class='ocrx_word' id='word_1_565' title='bbox 1342 3628 1520 3685; x_wconf 85' lang='lat' dir='ltr'><strong>mortalitatis</strong></span> <span class='ocrx_word' id='word_1_566' title='bbox 1538 3637 1567 3686; x_wconf 91' lang='lat' dir='ltr'><strong>et</strong></span> <span class='ocrx_word' id='word_1_567' title='bbox 1586 3630 1682 3685; x_wconf 91' lang='lat' dir='ltr'><strong>mortis</strong></span> <span class='ocrx_word' id='word_1_568' title='bbox 1708 3636 1774 3686; x_wconf 90' lang='lat' dir='ltr'><strong>ante</strong></span> <span class='ocrx_word' id='word_1_569' title='bbox 1791 3630 1909 3702; x_wconf 91' lang='lat' dir='ltr'><strong>lapsam,</strong></span> 
     </span>
     <span class='ocr_line' id='line_1_41' title="bbox 222 3714 1910 3791; baseline 0.004 -23"><span class='ocrx_word' id='word_1_570' title='bbox 222 3729 257 3768; x_wconf 87' lang='lat' dir='ltr'><strong>ac</strong></span> <span class='ocrx_word' id='word_1_571' title='bbox 276 3719 425 3785; x_wconf 77' lang='lat' dir='ltr'><strong>atramque</strong></span> <span class='ocrx_word' id='word_1_572' title='bbox 444 3714 606 3786; x_wconf 88' lang='lat' dir='ltr'><strong>complecti,</strong></span> <span class='ocrx_word' id='word_1_573' title='bbox 633 3721 693 3771; x_wconf 90' lang='lat' dir='ltr'><strong>tum</strong></span> <span class='ocrx_word' id='word_1_574' title='bbox 711 3716 779 3787; x_wconf 88' lang='lat' dir='ltr'><strong>quid</strong></span> <span class='ocrx_word' id='word_1_575' title='bbox 799 3715 922 3771; x_wconf 79' lang='lat' dir='ltr'><strong>Adamas</strong></span> <span class='ocrx_word' id='word_1_576' title='bbox 939 3715 1053 3771; x_wconf 90' lang='lat' dir='ltr'><strong>obtinu-</strong></span> <span class='ocrx_word' id='word_1_577' title='bbox 1078 3715 1117 3769; x_wconf 90' lang='lat' dir='ltr'><strong>ita</strong></span> <span class='ocrx_word' id='word_1_578' title='bbox 1135 3732 1245 3787; x_wconf 89' lang='lat' dir='ltr'><strong>quoque</strong></span> <span class='ocrx_word' id='word_1_579' title='bbox 1263 3721 1327 3786; x_wconf 87' lang='lat' dir='ltr'><strong>post</strong></span> <span class='ocrx_word' id='word_1_580' title='bbox 1346 3714 1462 3786; x_wconf 91' lang='lat' dir='ltr'><strong>lapsum.</strong></span> <span class='ocrx_word' id='word_1_581' title='bbox 1502 3716 1543 3770; x_wconf 91' lang='lat' dir='ltr'><strong>Ut</strong></span> <span class='ocrx_word' id='word_1_582' title='bbox 1564 3717 1637 3773; x_wconf 91' lang='lat' dir='ltr'><strong>enim</strong></span> <span class='ocrx_word' id='word_1_583' title='bbox 1652 3734 1708 3773; x_wconf 90' lang='lat' dir='ltr'><strong>non</strong></span> <span class='ocrx_word' id='word_1_584' title='bbox 1721 3719 1810 3774; x_wconf 90' lang='lat' dir='ltr'><strong>solum</strong></span> <span class='ocrx_word' id='word_1_585' title='bbox 1827 3737 1910 3791; x_wconf 89' lang='lat' dir='ltr'><strong>mors,</strong></span> 
     </span>
     <span class='ocr_line' id='line_1_42' title="bbox 221 3800 1910 3877; baseline 0.002 -21"><span class='ocrx_word' id='word_1_586' title='bbox 221 3800 275 3856; x_wconf 90' lang='lat' dir='ltr'><strong>erit</strong></span> <span class='ocrx_word' id='word_1_587' title='bbox 293 3817 326 3856; x_wconf 89' lang='grc' dir='ltr'><strong>ιι</strong></span> <span class='ocrx_word' id='word_1_588' title='bbox 344 3801 478 3857; x_wconf 85' lang='lat' dir='ltr'><strong>beneficio</strong></span> <span class='ocrx_word' id='word_1_589' title='bbox 497 3802 654 3873; x_wconf 83' lang='lat' dir='ltr'><strong>creationis,</strong></span> <span class='ocrx_word' id='word_1_590' title='bbox 670 3808 729 3857; x_wconf 91' lang='lat' dir='ltr'><strong>tum</strong></span> <span class='ocrx_word' id='word_1_591' title='bbox 749 3803 817 3874; x_wconf 87' lang='lat' dir='ltr'><strong>quid</strong></span> <span class='ocrx_word' id='word_1_592' title='bbox 834 3804 1001 3860; x_wconf 72' lang='lat' dir='ltr'><strong>sorbuerit</strong></span> <span class='ocrx_word' id='word_1_593' title='bbox 1019 3821 1053 3860; x_wconf 88' lang='grc' dir='ltr'><strong>ιι</strong></span> <span class='ocrx_word' id='word_1_594' title='bbox 1078 3803 1127 3858; x_wconf 88' lang='grc' dir='ltr'><strong>ιιι</strong></span> <span class='ocrx_word' id='word_1_595' title='bbox 1151 3802 1234 3857; x_wconf 90' lang='lat' dir='ltr'><strong>etiam</strong></span> <span class='ocrx_word' id='word_1_596' title='bbox 1260 3802 1413 3857; x_wconf 87' lang='lat' dir='ltr'><strong>mortalitas</strong></span> <span class='ocrx_word' id='word_1_597' title='bbox 1436 3802 1465 3857; x_wconf 94' lang='lat' dir='ltr'><strong>in</strong></span> <span class='ocrx_word' id='word_1_598' title='bbox 1490 3808 1566 3858; x_wconf 90' lang='lat' dir='ltr'><strong>statu</strong></span> <span class='ocrx_word' id='word_1_599' title='bbox 1586 3803 1753 3875; x_wconf 80' lang='lat' dir='ltr'><strong>integritatis</strong></span> <span class='ocrx_word' id='word_1_600' title='bbox 1778 3821 1797 3860; x_wconf 90' lang='lat' dir='ltr'><strong>a</strong></span> <span class='ocrx_word' id='word_1_601' title='bbox 1821 3808 1910 3877; x_wconf 90' lang='lat' dir='ltr'><strong>primo</strong></span> 
     </span>
     <span class='ocr_line' id='line_1_43' title="bbox 221 3887 1909 3962; baseline 0.004 -21"><span class='ocrx_word' id='word_1_602' title='bbox 221 3887 288 3942; x_wconf 81' lang='lat' dir='ltr'><strong>sitio</strong></span> <span class='ocrx_word' id='word_1_603' title='bbox 319 3888 559 3960; x_wconf 82' lang='lat' dir='ltr'><strong>transgressionis,</strong></span> <span class='ocrx_word' id='word_1_604' title='bbox 587 3896 736 3961; x_wconf 89' lang='lat' dir='ltr'><strong>utrumque</strong></span> <span class='ocrx_word' id='word_1_605' title='bbox 766 3890 839 3946; x_wconf 91' lang='lat' dir='ltr'><strong>enim</strong></span> <span class='ocrx_word' id='word_1_606' title='bbox 868 3890 898 3944; x_wconf 92' lang='lat' dir='ltr'><strong>in</strong></span> <span class='ocrx_word' id='word_1_607' title='bbox 926 3907 975 3946; x_wconf 93' lang='lat' dir='ltr'><strong>nos</strong></span> <span class='ocrx_word' id='word_1_608' title='bbox 1003 3907 1053 3962; x_wconf 92' lang='lat' dir='ltr'><strong>per</strong></span> <span class='ocrx_word' id='word_1_609' title='bbox 1078 3888 1189 3944; x_wconf 88' lang='lat' dir='ltr'><strong>homine</strong></span> <span class='ocrx_word' id='word_1_610' title='bbox 1205 3889 1315 3960; x_wconf 88' lang='lat' dir='ltr'><strong>penitus</strong></span> <span class='ocrx_word' id='word_1_611' title='bbox 1333 3888 1437 3953; x_wconf 85' lang='lat' dir='ltr'><strong>abfuit;</strong></span> <span class='ocrx_word' id='word_1_612' title='bbox 1455 3888 1495 3944; x_wconf 87' lang='lat' dir='ltr'><strong>ita</strong></span> <span class='ocrx_word' id='word_1_613' title='bbox 1514 3905 1627 3960; x_wconf 83' lang='lat' dir='ltr'><strong>quoque</strong></span> <span class='ocrx_word' id='word_1_614' title='bbox 1645 3906 1701 3945; x_wconf 89' lang='lat' dir='ltr'><strong>non</strong></span> <span class='ocrx_word' id='word_1_615' title='bbox 1720 3890 1810 3946; x_wconf 89' lang='lat' dir='ltr'><strong>solum</strong></span> <span class='ocrx_word' id='word_1_616' title='bbox 1828 3909 1909 3958; x_wconf 89' lang='lat' dir='ltr'><strong>mors,</strong></span> 
     </span>
     <span class='ocr_line' id='line_1_44' title="bbox 222 3974 1909 4049; baseline 0.004 -21"><span class='ocrx_word' id='word_1_617' title='bbox 222 3974 361 4031; x_wconf 89' lang='lat' dir='ltr'><strong>carnalem</strong></span> <span class='ocrx_word' id='word_1_618' title='bbox 381 3975 588 4046; x_wconf 77' lang='lat' dir='ltr'><strong>generationem</strong></span> <span class='ocrx_word' id='word_1_619' title='bbox 606 3976 635 4029; x_wconf 91' lang='lat' dir='ltr'><strong>in</strong></span> <span class='ocrx_word' id='word_1_620' title='bbox 650 3975 703 4031; x_wconf 88' lang='lat' dir='ltr'><strong>hac</strong></span> <span class='ocrx_word' id='word_1_621' title='bbox 721 3977 779 4031; x_wconf 85' lang='lat' dir='ltr'><strong>rita</strong></span> <span class='ocrx_word' id='word_1_622' title='bbox 796 3986 942 4049; x_wconf 86' lang='lat' dir='ltr'><strong>propagat.</strong></span> <span class='ocrx_word' id='word_1_623' title='bbox 986 3976 1052 4032; x_wconf 90' lang='lat' dir='ltr'><strong>Ter·</strong></span> <span class='ocrx_word' id='word_1_624' title='bbox 1079 3976 1129 4031; x_wconf 93' lang='lat' dir='ltr'><strong>sed</strong></span> <span class='ocrx_word' id='word_1_625' title='bbox 1151 3975 1234 4032; x_wconf 91' lang='lat' dir='ltr'><strong>etiam</strong></span> <span class='ocrx_word' id='word_1_626' title='bbox 1259 3976 1411 4031; x_wconf 86' lang='lat' dir='ltr'><strong>mortalitas</strong></span> <span class='ocrx_word' id='word_1_627' title='bbox 1435 3992 1485 4046; x_wconf 90' lang='lat' dir='ltr'><strong>per</strong></span> <span class='ocrx_word' id='word_1_628' title='bbox 1502 3983 1649 4046; x_wconf 90' lang='lat' dir='ltr'><strong>peceatum</strong></span> <span class='ocrx_word' id='word_1_629' title='bbox 1667 3976 1696 4031; x_wconf 90' lang='lat' dir='ltr'><strong>in</strong></span> <span class='ocrx_word' id='word_1_630' title='bbox 1714 3979 1848 4033; x_wconf 89' lang='lat' dir='ltr'><strong>mundum</strong></span> <span class='ocrx_word' id='word_1_631' title='bbox 1867 3980 1909 4034; x_wconf 91' lang='lat' dir='ltr'><strong>in-</strong></span> 
     </span>
     <span class='ocr_line' id='line_1_45' title="bbox 220 4061 1910 4136; baseline 0.003 -20"><span class='ocrx_word' id='word_1_632' title='bbox 220 4077 304 4117; x_wconf 88' lang='lat' dir='ltr'><strong>renus</strong></span> <span class='ocrx_word' id='word_1_633' title='bbox 322 4066 372 4130; x_wconf 87' lang='lat' dir='ltr'><strong>est,</strong></span> <span class='ocrx_word' id='word_1_634' title='bbox 391 4067 451 4115; x_wconf 90' lang='lat' dir='ltr'><strong>tum</strong></span> <span class='ocrx_word' id='word_1_635' title='bbox 471 4063 579 4118; x_wconf 88' lang='lat' dir='ltr'><strong>ratione</strong></span> <span class='ocrx_word' id='word_1_636' title='bbox 596 4072 691 4131; x_wconf 87' lang='lat' dir='ltr'><strong>ortas,</strong></span> <span class='ocrx_word' id='word_1_637' title='bbox 721 4068 780 4118; x_wconf 91' lang='lat' dir='ltr'><strong>tum</strong></span> <span class='ocrx_word' id='word_1_638' title='bbox 798 4066 904 4119; x_wconf 90' lang='lat' dir='ltr'><strong>ratione</strong></span> <span class='ocrx_word' id='word_1_639' title='bbox 932 4064 1053 4134; x_wconf 71' lang='lat' dir='ltr'><strong>andsta-</strong></span> <span class='ocrx_word' id='word_1_640' title='bbox 1077 4061 1162 4118; x_wconf 86' lang='lat' dir='ltr'><strong>troiit</strong></span> <span class='ocrx_word' id='word_1_641' title='bbox 1201 4062 1267 4116; x_wconf 80' lang='lat' dir='ltr'><strong>dam</strong></span> <span class='ocrx_word' id='word_1_642' title='bbox 1289 4079 1354 4118; x_wconf 86' lang='lat' dir='ltr'><strong>vero</strong></span> <span class='ocrx_word' id='word_1_643' title='bbox 1374 4061 1499 4116; x_wconf 90' lang='lat' dir='ltr'><strong>Christus</strong></span> <span class='ocrx_word' id='word_1_644' title='bbox 1522 4062 1672 4118; x_wconf 86' lang='lat' dir='ltr'><strong>derivando</strong></span> <span class='ocrx_word' id='word_1_645' title='bbox 1698 4064 1728 4118; x_wconf 91' lang='lat' dir='ltr'><strong>in</strong></span> <span class='ocrx_word' id='word_1_646' title='bbox 1752 4080 1782 4120; x_wconf 91' lang='lat' dir='ltr'><strong>se</strong></span> <span class='ocrx_word' id='word_1_647' title='bbox 1805 4082 1910 4136; x_wconf 85' lang='lat' dir='ltr'><strong>poenas</strong></span> 
     </span>
     <span class='ocr_line' id='line_1_46' title="bbox 221 4147 1910 4223; baseline 0.003 -21"><span class='ocrx_word' id='word_1_648' title='bbox 221 4156 279 4203; x_wconf 87' lang='lat' dir='ltr'><strong>tam</strong></span> <span class='ocrx_word' id='word_1_649' title='bbox 295 4149 462 4203; x_wconf 69' lang='lat' dir='ltr'><strong>odiosarum</strong></span> <span class='ocrx_word' id='word_1_650' title='bbox 479 4164 513 4203; x_wconf 88' lang='lat' dir='ltr'><strong>ex</strong></span> <span class='ocrx_word' id='word_1_651' title='bbox 530 4147 612 4220; x_wconf 87' lang='lat' dir='ltr'><strong>lapsu</strong></span> <span class='ocrx_word' id='word_1_652' title='bbox 630 4154 849 4220; x_wconf 89' lang='lat' dir='ltr'><strong>contractarum,</strong></span> <span class='ocrx_word' id='word_1_653' title='bbox 875 4167 944 4222; x_wconf 88' lang='lat' dir='ltr'><strong>quas</strong></span> <span class='ocrx_word' id='word_1_654' title='bbox 969 4151 1053 4206; x_wconf 88' lang='lat' dir='ltr'><strong>etiam</strong></span> <span class='ocrx_word' id='word_1_655' title='bbox 1079 4166 1112 4204; x_wconf 91' lang='grc' dir='ltr'><strong>ιι</strong></span> <span class='ocrx_word' id='word_1_656' title='bbox 1129 4156 1244 4220; x_wconf 86' lang='lat' dir='ltr'><strong>peccato</strong></span> <span class='ocrx_word' id='word_1_657' title='bbox 1262 4154 1336 4203; x_wconf 88' lang='lat' dir='ltr'><strong>ortas</strong></span> <span class='ocrx_word' id='word_1_658' title='bbox 1356 4147 1468 4203; x_wconf 86' lang='lat' dir='ltr'><strong>sustulit</strong></span> <span class='ocrx_word' id='word_1_659' title='bbox 1485 4147 1554 4202; x_wconf 91' lang='lat' dir='ltr'><strong>illud</strong></span> <span class='ocrx_word' id='word_1_660' title='bbox 1573 4164 1667 4217; x_wconf 88' lang='lat' dir='ltr'><strong>omne,</strong></span> <span class='ocrx_word' id='word_1_661' title='bbox 1693 4150 1769 4221; x_wconf 88' lang='lat' dir='ltr'><strong>quod</strong></span> <span class='ocrx_word' id='word_1_662' title='bbox 1795 4168 1830 4206; x_wconf 86' lang='grc' dir='ltr'><strong>ιι</strong></span> <span class='ocrx_word' id='word_1_663' title='bbox 1847 4169 1910 4223; x_wconf 89' lang='lat' dir='ltr'><strong>pec·</strong></span> 
     </span>
     <span class='ocr_line' id='line_1_47' title="bbox 220 4235 1909 4307; baseline 0.002 -18"><span class='ocrx_word' id='word_1_664' title='bbox 220 4235 250 4289; x_wconf 93' lang='lat' dir='ltr'><strong>in</strong></span> <span class='ocrx_word' id='word_1_665' title='bbox 272 4251 323 4290; x_wconf 88' lang='lat' dir='ltr'><strong>nos</strong></span> <span class='ocrx_word' id='word_1_666' title='bbox 347 4250 441 4290; x_wconf 91' lang='lat' dir='ltr'><strong>omnes</strong></span> <span class='ocrx_word' id='word_1_667' title='bbox 465 4241 616 4306; x_wconf 85' lang='lat' dir='ltr'><strong>propagat,</strong></span> <span class='ocrx_word' id='word_1_668' title='bbox 645 4242 678 4290; x_wconf 89' lang='lat' dir='ltr'><strong>nt</strong></span> <span class='ocrx_word' id='word_1_669' title='bbox 702 4236 850 4307; x_wconf 88' lang='lat' dir='ltr'><strong>imaginem</strong></span> <span class='ocrx_word' id='word_1_670' title='bbox 874 4238 976 4293; x_wconf 80' lang='lat' dir='ltr'><strong>terrem</strong></span> <span class='ocrx_word' id='word_1_671' title='bbox 1000 4237 1053 4293; x_wconf 90' lang='lat' dir='ltr'><strong>hac</strong></span> <span class='ocrx_word' id='word_1_672' title='bbox 1078 4242 1142 4292; x_wconf 85' lang='lat' dir='ltr'><strong>cato</strong></span> <span class='ocrx_word' id='word_1_673' title='bbox 1166 4244 1277 4297; x_wconf 84' lang='lat' dir='ltr'><strong>ortum.¹</strong></span> <span class='ocrx_word' id='word_1_674' title='bbox 1314 4235 1390 4306; x_wconf 84' lang='lat' dir='ltr'><strong>Ergo</strong></span> <span class='ocrx_word' id='word_1_675' title='bbox 1408 4250 1464 4289; x_wconf 92' lang='lat' dir='ltr'><strong>non</strong></span> <span class='ocrx_word' id='word_1_676' title='bbox 1483 4235 1571 4290; x_wconf 90' lang='lat' dir='ltr'><strong>solum</strong></span> <span class='ocrx_word' id='word_1_677' title='bbox 1599 4243 1727 4301; x_wconf 89' lang='lat' dir='ltr'><strong>mortem,</strong></span> <span class='ocrx_word' id='word_1_678' title='bbox 1756 4237 1909 4292; x_wconf 89' lang='lat' dir='ltr'><strong>sedetiam</strong></span> 
     </span>
     <span class='ocr_line' id='line_1_48' title="bbox 220 4320 1908 4394; baseline 0.002 -18"><span class='ocrx_word' id='word_1_679' title='bbox 220 4321 327 4377; x_wconf 91' lang='lat' dir='ltr'><strong>ratione</strong></span> <span class='ocrx_word' id='word_1_680' title='bbox 350 4329 497 4394; x_wconf 86' lang='lat' dir='ltr'><strong>gestemus.</strong></span> <span class='ocrx_word' id='word_1_681' title='bbox 546 4327 571 4379; x_wconf 81' lang='grc' dir='ltr'><strong>ι.</strong></span> <span class='ocrx_word' id='word_1_682' title='bbox 598 4321 704 4393; x_wconf 86' lang='lat' dir='ltr'><strong>Scopas</strong></span> <span class='ocrx_word' id='word_1_683' title='bbox 732 4324 848 4394; x_wconf 88' lang='lat' dir='ltr'><strong>apostoli</strong></span> <span class='ocrx_word' id='word_1_684' title='bbox 874 4330 916 4380; x_wconf 92' lang='lat' dir='ltr'><strong>est</strong></span> <span class='ocrx_word' id='word_1_685' title='bbox 940 4325 1051 4380; x_wconf 89' lang='lat' dir='ltr'><strong>demon·</strong></span> <span class='ocrx_word' id='word_1_686' title='bbox 1078 4322 1272 4379; x_wconf 88' lang='lat' dir='ltr'><strong>mortalitatem</strong></span> <span class='ocrx_word' id='word_1_687' title='bbox 1290 4321 1445 4378; x_wconf 90' lang='lat' dir='ltr'><strong>naturalem</strong></span> <span class='ocrx_word' id='word_1_688' title='bbox 1462 4337 1479 4376; x_wconf 90' lang='lat' dir='ltr'><strong>a</strong></span> <span class='ocrx_word' id='word_1_689' title='bbox 1496 4320 1577 4376; x_wconf 90' lang='lat' dir='ltr'><strong>nobis</strong></span> <span class='ocrx_word' id='word_1_690' title='bbox 1596 4321 1716 4377; x_wconf 80' lang='lat' dir='ltr'><strong>sustulit</strong></span> <span class='ocrx_word' id='word_1_691' title='bbox 1753 4322 1908 4394; x_wconf 88' lang='lat' dir='ltr'><strong>Utrumque</strong></span> 
     </span>
     <span class='ocr_line' id='line_1_49' title="bbox 222 4406 1910 4480; baseline 0.001 -17"><span class='ocrx_word' id='word_1_692' title='bbox 222 4415 319 4471; x_wconf 87' lang='lat' dir='ltr'><strong>strare,</strong></span> <span class='ocrx_word' id='word_1_693' title='bbox 357 4408 509 4465; x_wconf 83' lang='lat' dir='ltr'><strong>adirersis</strong></span> <span class='ocrx_word' id='word_1_694' title='bbox 538 4408 681 4480; x_wconf 87' lang='lat' dir='ltr'><strong>principiis</strong></span> <span class='ocrx_word' id='word_1_695' title='bbox 708 4410 831 4466; x_wconf 83' lang='lat' dir='ltr'><strong>diversas</strong></span> <span class='ocrx_word' id='word_1_696' title='bbox 858 4411 929 4466; x_wconf 86' lang='lat' dir='ltr'><strong>vitas</strong></span> <span class='ocrx_word' id='word_1_697' title='bbox 950 4410 980 4465; x_wconf 93' lang='lat' dir='ltr'><strong>in</strong></span> <span class='ocrx_word' id='word_1_698' title='bbox 1003 4429 1052 4466; x_wconf 90' lang='lat' dir='ltr'><strong>nos</strong></span> <span class='ocrx_word' id='word_1_699' title='bbox 1077 4416 1187 4466; x_wconf 89' lang='lat' dir='ltr'><strong>constat</strong></span> <span class='ocrx_word' id='word_1_700' title='bbox 1208 4427 1243 4466; x_wconf 87' lang='lat' dir='ltr'><strong>ex</strong></span> <span class='ocrx_word' id='word_1_701' title='bbox 1265 4409 1418 4465; x_wconf 84' lang='lat' dir='ltr'><strong>manifestis</strong></span> <span class='ocrx_word' id='word_1_702' title='bbox 1446 4407 1606 4478; x_wconf 84' lang='lat' dir='ltr'><strong>Scripturas</strong></span> <span class='ocrx_word' id='word_1_703' title='bbox 1631 4408 1720 4464; x_wconf 89' lang='lat' dir='ltr'><strong>dictis.</strong></span> <span class='ocrx_word' id='word_1_704' title='bbox 1759 4406 1848 4463; x_wconf 88' lang='lat' dir='ltr'><strong>Oscae</strong></span> <span class='ocrx_word' id='word_1_705' title='bbox 1869 4414 1910 4479; x_wconf 82' lang='lat'><strong>1³,</strong></span> 
     </span>
     <span class='ocr_line' id='line_1_50' title="bbox 221 4495 1911 4568; baseline 0.001 -19"><span class='ocrx_word' id='word_1_706' title='bbox 221 4496 384 4567; x_wconf 88' lang='lat' dir='ltr'><strong>propagari,</strong></span> <span class='ocrx_word' id='word_1_707' title='bbox 414 4496 529 4567; x_wconf 88' lang='lat' dir='ltr'><strong>perinde</strong></span> <span class='ocrx_word' id='word_1_708' title='bbox 560 4500 592 4550; x_wconf 90' lang='lat' dir='ltr'><strong>ut</strong></span> <span class='ocrx_word' id='word_1_709' title='bbox 617 4495 647 4551; x_wconf 89' lang='lat' dir='ltr'><strong>in</strong></span> <span class='ocrx_word' id='word_1_710' title='bbox 675 4512 736 4568; x_wconf 88' lang='lat' dir='ltr'><strong>cap.</strong></span> <span class='ocrx_word' id='word_1_711' title='bbox 766 4503 790 4553; x_wconf 81' lang='grc' dir='ltr'><strong>ι.</strong></span> <span class='ocrx_word' id='word_1_712' title='bbox 812 4497 930 4554; x_wconf 86' lang='lat' dir='ltr'><strong>Roman.</strong></span> <span class='ocrx_word' id='word_1_713' title='bbox 954 4497 1051 4554; x_wconf 88' lang='lat' dir='ltr'><strong>eadem</strong></span> <span class='ocrx_word' id='word_1_714' title='bbox 1077 4515 1102 4554; x_wconf 87' lang='lat' dir='ltr'><strong>v.</strong></span> <span class='ocrx_word' id='word_1_715' title='bbox 1125 4497 1458 4566; x_wconf 75' lang='lat' dir='ltr'><strong>142Eropestr&#39;staao</strong></span> <span class='ocrx_word' id='word_1_716' title='bbox 1478 4513 1561 4549; x_wconf 84' lang='lat' dir='ltr'><strong>mors.</strong></span> <span class='ocrx_word' id='word_1_717' title='bbox 1599 4496 1705 4567; x_wconf 87' lang='lat' dir='ltr'><strong>Utique</strong></span> <span class='ocrx_word' id='word_1_718' title='bbox 1722 4511 1788 4566; x_wconf 87' lang='lat' dir='ltr'><strong>ergo</strong></span> <span class='ocrx_word' id='word_1_719' title='bbox 1809 4495 1911 4551; x_wconf 89' lang='lat' dir='ltr'><strong>Christi</strong></span> 
     </span>
     <span class='ocr_line' id='line_1_51' title="bbox 222 4580 1910 4656; baseline 0 -20"><span class='ocrx_word' id='word_1_720' title='bbox 222 4580 471 4637; x_wconf 67' lang='lat' dir='ltr'><strong>latescentem.</strong></span> <span class='ocrx_word' id='word_1_721' title='bbox 508 4581 556 4637; x_wconf 83' lang='lat' dir='ltr'><strong>Ab</strong></span> <span class='ocrx_word' id='word_1_722' title='bbox 577 4581 688 4637; x_wconf 79' lang='lat' dir='ltr'><strong>adamo</strong></span> <span class='ocrx_word' id='word_1_723' title='bbox 706 4583 735 4637; x_wconf 92' lang='lat' dir='ltr'><strong>in</strong></span> <span class='ocrx_word' id='word_1_724' title='bbox 751 4590 895 4653; x_wconf 90' lang='lat' dir='ltr'><strong>peccatum</strong></span> <span class='ocrx_word' id='word_1_725' title='bbox 922 4584 1052 4656; x_wconf 87' lang='lat' dir='ltr'><strong>prolapso</strong></span> <span class='ocrx_word' id='word_1_726' title='bbox 1078 4600 1150 4639; x_wconf 88' lang='lat' dir='ltr'><strong>mors</strong></span> <span class='ocrx_word' id='word_1_727' title='bbox 1175 4592 1218 4641; x_wconf 90' lang='grc' dir='ltr'><strong>ιιι</strong></span> <span class='ocrx_word' id='word_1_728' title='bbox 1243 4601 1315 4640; x_wconf 92' lang='lat' dir='ltr'><strong>mors</strong></span> <span class='ocrx_word' id='word_1_729' title='bbox 1342 4591 1453 4639; x_wconf 91' lang='lat' dir='ltr'><strong>nostrae</strong></span> <span class='ocrx_word' id='word_1_730' title='bbox 1475 4584 1578 4641; x_wconf 90' lang='lat' dir='ltr'><strong>mortis.</strong></span> <span class='ocrx_word' id='word_1_731' title='bbox 1615 4590 1636 4640; x_wconf 88' lang='lat'><strong>1.</strong></span> <span class='ocrx_word' id='word_1_732' title='bbox 1654 4582 1717 4638; x_wconf 81' lang='lat' dir='ltr'><strong>Cor.</strong></span> <span class='ocrx_word' id='word_1_733' title='bbox 1744 4587 1787 4651; x_wconf 80' lang='lat'><strong>15,</strong></span> <span class='ocrx_word' id='word_1_734' title='bbox 1818 4601 1844 4637; x_wconf 86' lang='lat' dir='ltr'><strong>v.</strong></span> <span class='ocrx_word' id='word_1_735' title='bbox 1863 4589 1910 4639; x_wconf 77' lang='lat' dir='ltr'><strong>tr:</strong></span> 
     </span>
     <span class='ocr_line' id='line_1_52' title="bbox 222 4668 1912 4740; baseline 0.001 -17"><span class='ocrx_word' id='word_1_736' title='bbox 222 4669 367 4723; x_wconf 88' lang='lat' dir='ltr'><strong>animalem</strong></span> <span class='ocrx_word' id='word_1_737' title='bbox 394 4673 423 4724; x_wconf 90' lang='lat' dir='ltr'><strong>et</strong></span> <span class='ocrx_word' id='word_1_738' title='bbox 447 4668 648 4738; x_wconf 87' lang='lat' dir='ltr'><strong>transitoriam,</strong></span> <span class='ocrx_word' id='word_1_739' title='bbox 677 4668 822 4725; x_wconf 84' lang='lat' dir='ltr'><strong>aChristo</strong></span> <span class='ocrx_word' id='word_1_740' title='bbox 852 4669 999 4726; x_wconf 85' lang='lat' dir='ltr'><strong>coelestem</strong></span> <span class='ocrx_word' id='word_1_741' title='bbox 1024 4677 1053 4726; x_wconf 91' lang='lat' dir='ltr'><strong>et</strong></span> <span class='ocrx_word' id='word_1_742' title='bbox 1077 4673 1135 4726; x_wconf 85' lang='lat' dir='ltr'><strong>Per</strong></span> <span class='ocrx_word' id='word_1_743' title='bbox 1167 4671 1302 4727; x_wconf 82' lang='lat' dir='ltr'><strong>homiaem</strong></span> <span class='ocrx_word' id='word_1_744' title='bbox 1333 4689 1408 4725; x_wconf 89' lang='lat' dir='ltr'><strong>mars</strong></span> <span class='ocrx_word' id='word_1_745' title='bbox 1438 4678 1464 4724; x_wconf 86' lang='lat' dir='ltr'><strong>et</strong></span> <span class='ocrx_word' id='word_1_746' title='bbox 1490 4687 1543 4740; x_wconf 81' lang='lat' dir='ltr'><strong>per</strong></span> <span class='ocrx_word' id='word_1_747' title='bbox 1571 4671 1707 4725; x_wconf 81' lang='lat' dir='ltr'><strong>homimem</strong></span> <span class='ocrx_word' id='word_1_748' title='bbox 1742 4670 1912 4724; x_wconf 81' lang='lat' dir='ltr'><strong>resurrectio</strong></span> 
     </span>
     <span class='ocr_line' id='line_1_53' title="bbox 222 4754 1912 4830; baseline -0.001 -18"><span class='ocrx_word' id='word_1_749' title='bbox 222 4763 363 4812; x_wconf 88' lang='lat' dir='ltr'><strong>aeternam</strong></span> <span class='ocrx_word' id='word_1_750' title='bbox 390 4754 476 4809; x_wconf 85' lang='lat' dir='ltr'><strong>vitam</strong></span> <span class='ocrx_word' id='word_1_751' title='bbox 504 4755 713 4826; x_wconf 85' lang='lat' dir='ltr'><strong>consequimur;</strong></span> <span class='ocrx_word' id='word_1_752' title='bbox 742 4755 778 4810; x_wconf 89' lang='lat' dir='ltr'><strong>ab</strong></span> <span class='ocrx_word' id='word_1_753' title='bbox 805 4757 853 4812; x_wconf 90' lang='lat' dir='ltr'><strong>illo</strong></span> <span class='ocrx_word' id='word_1_754' title='bbox 872 4757 985 4830; x_wconf 89' lang='lat' dir='ltr'><strong>quidem</strong></span> <span class='ocrx_word' id='word_1_755' title='bbox 1003 4772 1053 4828; x_wconf 91' lang='lat' dir='ltr'><strong>per</strong></span> <span class='ocrx_word' id='word_1_756' title='bbox 1077 4768 1264 4829; x_wconf 67' lang='lat' dir='ltr'><strong>mortuoram·</strong></span> <span class='ocrx_word' id='word_1_757' title='bbox 1292 4773 1317 4813; x_wconf 86' lang='lat' dir='ltr'><strong>r.</strong></span> <span class='ocrx_word' id='word_1_758' title='bbox 1338 4761 1379 4813; x_wconf 83' lang='lat'><strong>22.</strong></span> <span class='ocrx_word' id='word_1_759' title='bbox 1401 4764 1429 4812; x_wconf 90' lang='lat' dir='ltr'><strong>et</strong></span> <span class='ocrx_word' id='word_1_760' title='bbox 1446 4758 1519 4811; x_wconf 86' lang='lat' dir='ltr'><strong>sicat</strong></span> <span class='ocrx_word' id='word_1_761' title='bbox 1536 4758 1567 4811; x_wconf 80' lang='grc' dir='ltr'><strong>ιι</strong></span> <span class='ocrx_word' id='word_1_762' title='bbox 1584 4758 1699 4811; x_wconf 83' lang='lat' dir='ltr'><strong>Adamo</strong></span> <span class='ocrx_word' id='word_1_763' title='bbox 1717 4773 1811 4812; x_wconf 83' lang='lat' dir='ltr'><strong>ommes</strong></span> <span class='ocrx_word' id='word_1_764' title='bbox 1828 4759 1912 4812; x_wconf 83' lang='lat' dir='ltr'><strong>mori·</strong></span> 
     </span>
     <span class='ocr_line' id='line_1_54' title="bbox 222 4833 1910 4914; baseline 0.001 -17"><span class='ocrx_word' id='word_1_765' title='bbox 222 4842 361 4897; x_wconf 89' lang='lat' dir='ltr'><strong>carnalem</strong></span> <span class='ocrx_word' id='word_1_766' title='bbox 374 4839 589 4912; x_wconf 89' lang='lat' dir='ltr'><strong>generationem,</strong></span> <span class='ocrx_word' id='word_1_767' title='bbox 607 4841 645 4897; x_wconf 85' lang='lat' dir='ltr'><strong>ab</strong></span> <span class='ocrx_word' id='word_1_768' title='bbox 661 4842 714 4897; x_wconf 92' lang='lat' dir='ltr'><strong>hoc</strong></span> <span class='ocrx_word' id='word_1_769' title='bbox 732 4858 798 4898; x_wconf 85' lang='lat' dir='ltr'><strong>vero</strong></span> <span class='ocrx_word' id='word_1_770' title='bbox 811 4859 862 4913; x_wconf 89' lang='lat' dir='ltr'><strong>per</strong></span> <span class='ocrx_word' id='word_1_771' title='bbox 880 4843 1052 4914; x_wconf 88' lang='lat' dir='ltr'><strong>spiritualem</strong></span> <span class='ocrx_word' id='word_1_772' title='bbox 1079 4855 1179 4914; x_wconf 75' lang='lat' dir='ltr'><strong>artur,</strong></span> <span class='ocrx_word' id='word_1_773' title='bbox 1205 4847 1246 4901; x_wconf 85' lang='lat' dir='ltr'><strong>ita</strong></span> <span class='ocrx_word' id='word_1_774' title='bbox 1265 4845 1295 4899; x_wconf 84' lang='grc' dir='ltr'><strong>ιἰι</strong></span> <span class='ocrx_word' id='word_1_775' title='bbox 1312 4843 1423 4898; x_wconf 81' lang='lat' dir='ltr'><strong>Olrs‘sto</strong></span> <span class='ocrx_word' id='word_1_776' title='bbox 1444 4833 1540 4898; x_wconf 80' lang='lat' dir='ltr'><strong>ommes</strong></span> <span class='ocrx_word' id='word_1_777' title='bbox 1562 4843 1785 4910; x_wconf 75' lang='lat' dir='ltr'><strong>vivificabantur.</strong></span> <span class='ocrx_word' id='word_1_778' title='bbox 1822 4862 1848 4903; x_wconf 86' lang='lat' dir='ltr'><strong>v.</strong></span> <span class='ocrx_word' id='word_1_779' title='bbox 1869 4847 1910 4899; x_wconf 79' lang='lat' dir='ltr'><strong>to.</strong></span> 
     </span>
     <span class='ocr_line' id='line_1_55' title="bbox 222 4926 1911 5001; baseline -0.001 -16"><span class='ocrx_word' id='word_1_780' title='bbox 222 4927 467 5001; x_wconf 86' lang='lat' dir='ltr'><strong>regenerationem.</strong></span> <span class='ocrx_word' id='word_1_781' title='bbox 518 4926 597 4981; x_wconf 83' lang='lat' dir='ltr'><strong>Sicut</strong></span> <span class='ocrx_word' id='word_1_782' title='bbox 613 4927 738 4983; x_wconf 78' lang='lat' dir='ltr'><strong>adamus</strong></span> <span class='ocrx_word' id='word_1_783' title='bbox 767 4929 797 4983; x_wconf 91' lang='lat' dir='ltr'><strong>in</strong></span> <span class='ocrx_word' id='word_1_784' title='bbox 821 4936 966 4999; x_wconf 88' lang='lat' dir='ltr'><strong>peccatum</strong></span> <span class='ocrx_word' id='word_1_785' title='bbox 992 4946 1054 5000; x_wconf 88' lang='lat' dir='ltr'><strong>pro·</strong></span> <span class='ocrx_word' id='word_1_786' title='bbox 1080 4933 1256 4988; x_wconf 80' lang='lat' dir='ltr'><strong>Novissimas</strong></span> <span class='ocrx_word' id='word_1_787' title='bbox 1273 4931 1361 4985; x_wconf 81' lang='lat' dir='ltr'><strong>losts&#39;s</strong></span> <span class='ocrx_word' id='word_1_788' title='bbox 1378 4932 1630 4985; x_wconf 78' lang='lat' dir='ltr'><strong>amsmaarmors.</strong></span> <span class='ocrx_word' id='word_1_789' title='bbox 1660 4934 1684 4985; x_wconf 86' lang='lat'><strong>2.</strong></span> <span class='ocrx_word' id='word_1_790' title='bbox 1697 4928 1771 4984; x_wconf 93' lang='lat' dir='ltr'><strong>Tim.</strong></span> <span class='ocrx_word' id='word_1_791' title='bbox 1788 4936 1809 4998; x_wconf 89' lang='lat'><strong>1,</strong></span> <span class='ocrx_word' id='word_1_792' title='bbox 1822 4948 1850 4985; x_wconf 86' lang='lat' dir='ltr'><strong>v.</strong></span> <span class='ocrx_word' id='word_1_793' title='bbox 1865 4934 1911 4986; x_wconf 84' lang='lat' dir='ltr'><strong>to:</strong></span> 
     </span>
     <span class='ocr_line' id='line_1_56' title="bbox 223 5014 1912 5086; baseline 0.001 -16"><span class='ocrx_word' id='word_1_794' title='bbox 223 5015 318 5086; x_wconf 83' lang='lat' dir='ltr'><strong>lapsus</strong></span> <span class='ocrx_word' id='word_1_795' title='bbox 346 5019 461 5068; x_wconf 87' lang='lat' dir='ltr'><strong>mortem</strong></span> <span class='ocrx_word' id='word_1_796' title='bbox 492 5017 521 5066; x_wconf 91' lang='lat' dir='ltr'><strong>et</strong></span> <span class='ocrx_word' id='word_1_797' title='bbox 549 5014 753 5085; x_wconf 88' lang='lat' dir='ltr'><strong>corruptionem</strong></span> <span class='ocrx_word' id='word_1_798' title='bbox 783 5016 813 5069; x_wconf 92' lang='lat' dir='ltr'><strong>in</strong></span> <span class='ocrx_word' id='word_1_799' title='bbox 835 5033 885 5071; x_wconf 88' lang='lat' dir='ltr'><strong>noe</strong></span> <span class='ocrx_word' id='word_1_800' title='bbox 905 5016 1055 5081; x_wconf 82' lang='lat' dir='ltr'><strong>derivavit;</strong></span> <span class='ocrx_word' id='word_1_801' title='bbox 1081 5018 1208 5073; x_wconf 79' lang='lat' dir='ltr'><strong>Christus</strong></span> <span class='ocrx_word' id='word_1_802' title='bbox 1235 5024 1353 5072; x_wconf 86' lang='lat' dir='ltr'><strong>mortem</strong></span> <span class='ocrx_word' id='word_1_803' title='bbox 1382 5018 1529 5086; x_wconf 73' lang='grc' dir='ltr'>ιιιιιιιιιι,</span> <span class='ocrx_word' id='word_1_804' title='bbox 1559 5017 1590 5070; x_wconf 83' lang='grc' dir='ltr'><strong>ιἰι</strong></span> <span class='ocrx_word' id='word_1_805' title='bbox 1612 5017 1702 5071; x_wconf 85' lang='lat' dir='ltr'><strong>lacem</strong></span> <span class='ocrx_word' id='word_1_806' title='bbox 1730 5024 1823 5071; x_wconf 81' lang='lat' dir='ltr'><strong>uatem</strong></span> <span class='ocrx_word' id='word_1_807' title='bbox 1842 5034 1912 5086; x_wconf 85' lang='lat' dir='ltr'><strong>pro·</strong></span> 
     </span>
     <span class='ocr_line' id='line_1_57' title="bbox 224 5099 1913 5176; baseline 0.004 -19"><span class='ocrx_word' id='word_1_808' title='bbox 224 5101 264 5157; x_wconf 91' lang='lat' dir='ltr'><strong>sic</strong></span> <span class='ocrx_word' id='word_1_809' title='bbox 283 5099 410 5156; x_wconf 82' lang='lat' dir='ltr'><strong>Christus</strong></span> <span class='ocrx_word' id='word_1_810' title='bbox 437 5101 666 5154; x_wconf 87' lang='lat' dir='ltr'><strong>resurrectionem</strong></span> <span class='ocrx_word' id='word_1_811' title='bbox 686 5101 725 5155; x_wconf 89' lang='lat' dir='ltr'><strong>ad</strong></span> <span class='ocrx_word' id='word_1_812' title='bbox 752 5101 839 5157; x_wconf 81' lang='lat' dir='ltr'><strong>sitam</strong></span> <span class='ocrx_word' id='word_1_813' title='bbox 863 5108 1053 5174; x_wconf 89' lang='lat' dir='ltr'><strong>etcorporum</strong></span> <span class='ocrx_word' id='word_1_814' title='bbox 1081 5107 1161 5160; x_wconf 79' lang='lat' dir='ltr'><strong>duait</strong></span> <span class='ocrx_word' id='word_1_815' title='bbox 1188 5105 1273 5158; x_wconf 82' lang='lat' dir='ltr'><strong>vitam</strong></span> <span class='ocrx_word' id='word_1_816' title='bbox 1300 5113 1328 5160; x_wconf 90' lang='lat' dir='ltr'><strong>et</strong></span> <span class='ocrx_word' id='word_1_817' title='bbox 1349 5101 1531 5176; x_wconf 77' lang='grc' dir='ltr'><strong><em>ἀφθαρσίαν,</em></strong></span> <span class='ocrx_word' id='word_1_818' title='bbox 1560 5102 1610 5158; x_wconf 95' lang='lat' dir='ltr'><strong>nbi</strong></span> <span class='ocrx_word' id='word_1_819' title='bbox 1633 5109 1775 5173; x_wconf 88' lang='lat' dir='ltr'><strong>respectus</strong></span> <span class='ocrx_word' id='word_1_820' title='bbox 1793 5101 1913 5163; x_wconf 84' lang='lat' dir='ltr'><strong>habetur</strong></span> 
     </span>
    </p>
   </div>
   <div class='ocr_carea' id='block_1_3' title="bbox 96 5184 1913 5349">
    <p class='ocr_par' dir='ltr' id='par_1_3' title="bbox 96 5184 1913 5349">
     <span class='ocr_line' id='line_1_58' title="bbox 223 5184 1913 5261; baseline 0.004 -20"><span class='ocrx_word' id='word_1_821' title='bbox 223 5187 390 5260; x_wconf 72' lang='lat' dir='ltr'><strong>lotapatae</strong></span> <span class='ocrx_word' id='word_1_822' title='bbox 406 5184 486 5240; x_wconf 90' lang='lat' dir='ltr'><strong>nobis</strong></span> <span class='ocrx_word' id='word_1_823' title='bbox 506 5185 664 5256; x_wconf 85' lang='lat' dir='ltr'><strong>premeruit</strong></span> <span class='ocrx_word' id='word_1_824' title='bbox 1081 5193 1118 5248; x_wconf 87' lang='lat' dir='ltr'><strong>ad</strong></span> <span class='ocrx_word' id='word_1_825' title='bbox 1136 5208 1206 5261; x_wconf 89' lang='lat' dir='ltr'><strong>opus</strong></span> <span class='ocrx_word' id='word_1_826' title='bbox 1224 5189 1384 5258; x_wconf 87' lang='lat' dir='ltr'><strong>creationis,</strong></span> <span class='ocrx_word' id='word_1_827' title='bbox 1409 5197 1441 5247; x_wconf 92' lang='grc' dir='ltr'><strong>ιιι</strong></span> <span class='ocrx_word' id='word_1_828' title='bbox 1459 5192 1496 5246; x_wconf 90' lang='lat' dir='ltr'><strong>sit</strong></span> <span class='ocrx_word' id='word_1_829' title='bbox 1513 5206 1623 5256; x_wconf 90' lang='lat' dir='ltr'><strong>sensus,</strong></span> <span class='ocrx_word' id='word_1_830' title='bbox 1646 5189 1787 5245; x_wconf 75' lang='lat' dir='ltr'><strong>Christum</strong></span> <span class='ocrx_word' id='word_1_831' title='bbox 1816 5192 1913 5247; x_wconf 91' lang='lat' dir='ltr'><strong>eadem</strong></span> 
     </span>
     <span class='ocr_line' id='line_1_59' title="bbox 96 5271 1913 5349; baseline 0.004 -23"><span class='ocrx_word' id='word_1_832' title='bbox 96 5285 117 5326; x_wconf 83' lang='grc' dir='ltr'><strong>ι.</strong></span> <span class='ocrx_word' id='word_1_833' title='bbox 131 5287 150 5326; x_wconf 79' lang='lat' dir='ltr'><strong>s</strong></span> <span class='ocrx_word' id='word_1_834' title='bbox 259 5281 302 5330; x_wconf 81' lang='lat' dir='ltr'><strong>tt.</strong></span> <span class='ocrx_word' id='word_1_835' title='bbox 337 5278 364 5330; x_wconf 74' lang='grc' dir='ltr'><strong>ι.</strong></span> <span class='ocrx_word' id='word_1_836' title='bbox 384 5273 410 5327; x_wconf 76' lang='grc' dir='ltr'><strong><em>Α</em></strong></span> <span class='ocrx_word' id='word_1_837' title='bbox 433 5271 541 5328; x_wconf 77' lang='lat' dir='ltr'><strong>Christi</strong></span> <span class='ocrx_word' id='word_1_838' title='bbox 554 5273 732 5330; x_wconf 80' lang='lat' dir='ltr'><strong>redemtione.</strong></span> <span class='ocrx_word' id='word_1_839' title='bbox 771 5275 806 5331; x_wconf 76' lang='lat' dir='ltr'><strong>ss·</strong></span> <span class='ocrx_word' id='word_1_840' title='bbox 818 5282 966 5344; x_wconf 81' lang='lat' dir='ltr'><strong>peceatum</strong></span> <span class='ocrx_word' id='word_1_841' title='bbox 983 5293 1055 5331; x_wconf 90' lang='lat' dir='ltr'><strong>mor-</strong></span> <span class='ocrx_word' id='word_1_842' title='bbox 1081 5279 1185 5334; x_wconf 80' lang='lat' dir='ltr'><strong>virtute</strong></span> <span class='ocrx_word' id='word_1_843' title='bbox 1212 5284 1328 5332; x_wconf 91' lang='lat' dir='ltr'><strong>mortem</strong></span> <span class='ocrx_word' id='word_1_844' title='bbox 1358 5277 1511 5333; x_wconf 81' lang='lat' dir='ltr'><strong>abolevisse</strong></span> <span class='ocrx_word' id='word_1_845' title='bbox 1541 5292 1575 5331; x_wconf 88' lang='lat' dir='ltr'><strong>sc</strong></span> <span class='ocrx_word' id='word_1_846' title='bbox 1607 5275 1693 5332; x_wconf 82' lang='lat' dir='ltr'><strong>sitam</strong></span> <span class='ocrx_word' id='word_1_847' title='bbox 1722 5279 1913 5349; x_wconf 88' lang='lat' dir='ltr'><strong>promeruisse,</strong></span> 
     </span>
    </p>
   </div>
   <div class='ocr_carea' id='block_1_4' title="bbox 96 5337 1914 5437">
    <p class='ocr_par' dir='ltr' id='par_1_4' title="bbox 96 5337 1914 5437">
     <span class='ocr_line' id='line_1_60' title="bbox 96 5337 1914 5437; baseline 0.002 -20"><span class='ocrx_word' id='word_1_848' title='bbox 96 5337 187 5430; x_wconf 55' lang='lat' dir='ltr'><strong>,cm</strong></span> <span class='ocrx_word' id='word_1_849' title='bbox 226 5361 366 5416; x_wconf 82' lang='lat' dir='ltr'><strong>talitatem</strong></span> <span class='ocrx_word' id='word_1_850' title='bbox 382 5359 541 5413; x_wconf 82' lang='lat' dir='ltr'><strong>matusalem</strong></span> <span class='ocrx_word' id='word_1_851' title='bbox 560 5359 668 5414; x_wconf 77' lang='lat' dir='ltr'><strong>homini</strong></span> <span class='ocrx_word' id='word_1_852' title='bbox 682 5361 831 5431; x_wconf 77' lang='grc' dir='ltr'>ιιιιιιιιιι,</span> <span class='ocrx_word' id='word_1_853' title='bbox 852 5362 989 5431; x_wconf 71' lang='lat' dir='ltr'><strong>Christro,</strong></span> <span class='ocrx_word' id='word_1_854' title='bbox 1009 5362 1060 5432; x_wconf 70' lang='lat' dir='ltr'><strong>aas·</strong></span> <span class='ocrx_word' id='word_1_855' title='bbox 1082 5381 1139 5437; x_wconf 86' lang='lat' dir='ltr'><strong>qua</strong></span> <span class='ocrx_word' id='word_1_856' title='bbox 1157 5365 1223 5420; x_wconf 93' lang='lat' dir='ltr'><strong>olim</strong></span> <span class='ocrx_word' id='word_1_857' title='bbox 1241 5380 1275 5419; x_wconf 86' lang='lat' dir='ltr'><strong>ex</strong></span> <span class='ocrx_word' id='word_1_858' title='bbox 1293 5364 1415 5420; x_wconf 91' lang='lat' dir='ltr'><strong>tenebris</strong></span> <span class='ocrx_word' id='word_1_859' title='bbox 1430 5364 1545 5420; x_wconf 88' lang='lat' dir='ltr'><strong>lucem</strong></span> <span class='ocrx_word' id='word_1_860' title='bbox 1538 5381 1567 5418; x_wconf 92' lang='lat' dir='ltr'><strong>m</strong></span> <span class='ocrx_word' id='word_1_861' title='bbox 1584 5364 1674 5435; x_wconf 90' lang='lat' dir='ltr'><strong>prima</strong></span> <span class='ocrx_word' id='word_1_862' title='bbox 1694 5365 1834 5421; x_wconf 88' lang='lat' dir='ltr'><strong>creatione</strong></span> <span class='ocrx_word' id='word_1_863' title='bbox 1851 5383 1914 5437; x_wconf 90' lang='lat' dir='ltr'><strong>pro·</strong></span> 
     </span>
    </p>
   </div>
   <div class='ocr_carea' id='block_1_5' title="bbox 96 5418 1914 5524">
    <p class='ocr_par' dir='ltr' id='par_1_5' title="bbox 96 5418 1914 5524">
     <span class='ocr_line' id='line_1_61' title="bbox 96 5418 1914 5524; baseline 0.004 -23"><span class='ocrx_word' id='word_1_864' title='bbox 96 5441 166 5483; x_wconf 53' lang='lat'><strong>*¹⁰¹¹*</strong></span> <span class='ocrx_word' id='word_1_865' title='bbox 225 5457 372 5524; x_wconf 66' lang='lat' dir='ltr'><strong>matum</strong></span> <span class='ocrx_word' id='word_1_866' title='bbox 391 5447 507 5503; x_wconf 74' lang='lat' dir='ltr'><strong>masiis</strong></span> <span class='ocrx_word' id='word_1_867' title='bbox 525 5449 640 5519; x_wconf 75' lang='lat' dir='ltr'><strong>ejurasse</strong></span> <span class='ocrx_word' id='word_1_868' title='bbox 654 5449 805 5518; x_wconf 80' lang='lat' dir='ltr'><strong>propriam</strong></span> <span class='ocrx_word' id='word_1_869' title='bbox 820 5452 876 5506; x_wconf 85' lang='lat' dir='ltr'><strong>eim</strong></span> <span class='ocrx_word' id='word_1_870' title='bbox 900 5467 1007 5508; x_wconf 81' lang='lat' dir='ltr'><strong>omrem</strong></span> <span class='ocrx_word' id='word_1_871' title='bbox 1023 5418 1072 5504; x_wconf 89' lang='lat' dir='ltr'><strong>ael</strong></span> <span class='ocrx_word' id='word_1_872' title='bbox 1084 5451 1170 5508; x_wconf 84' lang='lat' dir='ltr'><strong>duxit.</strong></span> <span class='ocrx_word' id='word_1_873' title='bbox 1210 5451 1301 5508; x_wconf 88' lang='lat' dir='ltr'><strong>Probe</strong></span> <span class='ocrx_word' id='word_1_874' title='bbox 1318 5457 1412 5509; x_wconf 87' lang='lat' dir='ltr'><strong>autem</strong></span> <span class='ocrx_word' id='word_1_875' title='bbox 1430 5450 1648 5523; x_wconf 81' lang='lat' dir='ltr'><strong>observandum,</strong></span> <span class='ocrx_word' id='word_1_876' title='bbox 1672 5451 1748 5524; x_wconf 90' lang='lat' dir='ltr'><strong>quod</strong></span> <span class='ocrx_word' id='word_1_877' title='bbox 1772 5452 1914 5522; x_wconf 86' lang='lat' dir='ltr'><strong>apostolus</strong></span> 
     </span>
    </p>
   </div>
   <div class='ocr_carea' id='block_1_6' title="bbox 0 0 2059 6004">
    <p class='ocr_par' dir='ltr' id='par_1_6' title="bbox 0 0 2059 6004">
     <span class='ocr_line' id='line_1_62' title="bbox 0 0 2059 6004; baseline 0 0"><span class='ocrx_word' id='word_1_878' title='bbox 0 0 2059 6004; x_wconf 95' lang='lat' dir='ltr'><strong> </strong></span> 
     </span>
    </p>
   </div>
  </div>
 </body>
</html>
