4104 6014
254 237 316 298 336
847 231 971 292 mous
988 230 1194 292 vlcusmue
1212 232 1359 293 SEXTUS

253 388 324 462 frag.
355 388 486 462 apostol:
513 390 618 446 Sancte
636 390 720 446 Juda
745 391 872 463 apostole
897 393 1034 462 ἀφίεσαν
1053 395 1088 458 te,
1115 390 1223 446 Nulius
1241 400 1295 460 eet,
1318 392 1368 462 qai
1384 393 1480 448 natoue
1497 394 1563 461 fiat,
1588 390 1647 445 aiei
1661 407 1715 462 per
1731 397 1757 445 u
1782 387 1870 460 Virpo
1888 405 1954 442 rans·

254 486 285 532 ut
304 496 324 532 a
348 478 547 532 cmuududins
564 486 745 548 peecatorum
762 495 888 533 meorum
905 480 960 533 tuis
981 477 1089 532 merdis
1115 478 1249 533 ctissime.
1280 481 1370 534 Nemo
1389 487 1437 547 ert,
1456 479 1507 549 qui
1523 478 1658 533 liberetur
1675 497 1694 533 a
1715 477 1809 544 malie,
1826 476 1886 529 nisi
1900 493 1955 545 par

254 581 298 618 mc
315 564 466 618 abstrahas
480 572 506 619 et
523 582 543 618 a
555 572 693 637 potestate
713 567 881 620 Memonum
898 582 985 621 eruas
1003 572 1029 619 et
1046 581 1089 618 me
1115 572 1176 618 teo
1197 565 1363 634 purissima.
1397 566 1486 619 Nema
1506 573 1559 630 eet,
1583 565 1630 618 cui
1651 567 1754 619 mnam
1773 564 1953 625 comedatur,

254 653 296 704 ad
321 650 475 705 invisibiles
495 651 595 705 aeliae
617 653 768 720 potentiae.
806 651 922 716 Octavo,
947 667 1088 721 praesen-
1115 650 1173 705 nisi
1186 667 1242 722 per
1261 657 1287 703 te
1305 668 1321 704 o
1339 651 1506 705 amassiae.
1544 652 1633 705 Nema
1653 659 1701 715 ert,
1723 650 1771 704 cui
1786 649 1884 716 pratia
1901 648 1954 700 mi·

254 737 324 790 tiam
344 744 371 790 et
396 737 533 791 araiiiam
556 738 587 791 in
609 738 682 792 nora
703 739 810 796 martia.
845 738 1017 793 Breviarium
1037 736 1090 792 Co·
1114 745 1259 803 ementur,
1287 737 1345 789 nisi
1364 754 1420 806 per
1445 745 1470 791 te
1499 755 1515 791 a
1540 738 1744 791 honestissima.
1795 743 1818 789 ῖ.
1848 734 1954 788 Parnm

253 822 308 880 lon.
328 822 358 878 in
376 841 460 878 cursa
472 823 579 880 Mariae
596 840 660 895 pag.
678 831 726 881 et:
747 827 847 881 Maria
866 833 957 880 mater
970 825 1089 893 pratiae,
1117 821 1207 889 abest,
1237 822 1306 893 quin
1324 822 1456 892 maJ'orem
1474 820 1605 877 honorem
1624 828 1653 878 et
1672 822 1778 876 cultum
1799 820 1907 874 Mariae
1925 825 1954 874 st

253 919 343 965 mater
369 911 599 975 misericordiae,
625 920 656 965 tu
678 929 731 965 aar
754 913 790 966 ab
807 912 884 967 toste
903 919 1032 982 protepe,
1059 911 1089 963 in
1115 908 1218 964 sanctis
1235 908 1361 964 deferant
1382 926 1466 980 qaam
1483 908 1537 980 ipsi
1561 907 1680 964 Christo.
1719 908 1821 963 Verbis
1838 906 1955 975 quidem

253 999 326 1052 tara
352 999 450 1052 mortis
474 997 599 1067 aucupe,
627 1013 711 1069 quem
736 999 869 1070 hymnum
895 996 932 1053 ab
962 997 1089 1052 universa
1114 993 1291 1064 profitentia,
1322 1011 1353 1050 ee
1373 994 1567 1066 hyperduliam
1596 995 1691 1066 sicque
1717 993 1834 1048 eandem
1859 992 1953 1046 cultas

253 1083 372 1139 ecclesia
396 1083 541 1154 [Romana]
570 1083 713 1140 decantari
737 1084 819 1141 docet
842 1084 1027 1140 Bellarminns
1053 1083 1089 1138 de
1114 1081 1234 1150 speciem
1265 1080 1372 1137 deferre
1413 1087 1553 1136 assumtae
1583 1079 1748 1134 humanitati
1778 1078 1882 1134 Christi
1922 1085 1952 1133 et

254 1171 328 1229 beat.
348 1178 437 1227 sanct.
462 1188 523 1243 cap.
545 1177 584 1229 17.
603 1172 633 1227 in
650 1189 736 1230 rosas.
754 1173 875 1231 Mariae:
896 1173 959 1227 Fac
982 1189 1089 1227 mecam
1115 1166 1241 1237 Virgini,
1267 1166 1316 1220 sed
1340 1167 1511 1236 expendatur
1535 1166 1598 1237 ipsa
1622 1166 1724 1237 praxis,
1742 1175 1770 1220 et
1788 1165 1948 1234 apparebit,

254 1259 593 1328 numeraturum,
620 1278 637 1314 0
662 1267 767 1329 maner,
798 1260 885 1328 νίφα
911 1260 1028 1326 Marta,
1058 1259 1087 1312 i„
1115 1250 1214 1320 majori
1239 1251 1342 1306 fidncia
1367 1252 1490 1307 invocari
1508 1252 1626 1308 Mariam
1651 1251 1840 1307 mediatricem
1865 1268 1951 1321 qnam

255 1347 310 1401 illa
331 1347 477 1400 tremenda
501 1346 588 1413 hora,
612 1348 727 1415 pannea
745 1354 856 1401 morena
874 1346 976 1414 lippam
994 1362 1025 1399 ω
1042 1360 1088 1400 aa·
1114 1336 1255 1392 Christum
1281 1337 1469 1394 mediatorem.
1509 1339 1544 1393 ln
1568 1337 1632 1393 hist.
1658 1338 1810 1393 secundum
1835 1336 1951 1390 chorum

255 1435 375 1503 quim&
406 1449 515 1487 movere
544 1435 586 1486 αα
605 1434 793 1488 {mandam
817 1442 858 1500 ep,
885 1448 975 1502 mppr
998 1433 1089 1487 lupam
1115 1423 1285 1494 Augustam.
1305 1423 1340 1478 de
1357 1429 1562 1481 commemorat.
1579 1422 1686 1478 Mariae
1704 1423 1745 1478 sic
1765 1423 1914 1479 eceinuut:

255 1521 331 1575 acuti
358 1536 460 1588 capere
488 1527 621 1589 poterunt
653 1537 791 1590 ausuque
817 1535 896 1574 meac
927 1519 1003 1574 nulli
1027 1518 1090 1572 coci

251 1615 406 1677 patescent.
685 1652 689 1659 .

290 1694 395 1748 Dulcia
411 1694 505 1747 amica
521 1693 587 1760 Dei,
605 1710 673 1747 raca
689 1708 817 1760 amsans,
834 1693 918 1747 stella
937 1695 1049 1759 dama,

294 1782 338 1835 Ta
354 1798 458 1835 memor
475 1788 533 1835 eata
551 1781 612 1844 mei,
629 1797 691 1833 cum
709 1780 809 1834 mamis
825 1779 931 1834 uenerit
950 1779 1030 1833 isara.

257 1867 291 1922 In
320 1867 452 1939 psalterio
476 1867 580 1922 Mariae
618 1867 717 1938 psalm.
750 1872 797 1924 24:
826 1869 877 1920 Ad
906 1874 932 1920 te
963 1866 1090 1919 Domina

257 1957 350 2011 levari
377 1954 502 2009 animam
525 1970 629 2022 meam,
658 1972 714 2007 nan
733 1953 922 2022 praevaleant
941 1954 1091 2006 adeersum

256 2059 300 2096 nse
329 2042 426 2110 laquei
452 2042 552 2096 mamis
580 2044 633 2098 etc.
680 2039 714 2094 In
738 2040 838 2095 hortul.
867 2040 949 2095 anim.
976 2038 1090 2109 suffrag.

106 2141 183 2185 xvia
199 2138 244 2182 1⁷⁰.
258 2128 383 2201 virgin:
412 2130 436 2183 0
459 2129 630 2198 praeclarae
652 2146 701 2183 aas
721 2128 853 2197 patiar,
882 2144 956 2180 manc
979 2125 1091 2195 impiata

257 2235 348 2272 meum
364 2216 442 2280 odie,
465 2223 492 2270 ct
509 2218 577 2270 dum
595 2215 694 2268 martie
710 2216 817 2269 senaa
833 2215 915 2280 nora,
949 2212 1090 2266 ubrando
1116 2219 1150 2274 In
1177 2236 1268 2290 prosa,
1291 2236 1363 2290 qaae
1386 2219 1484 2291 incipit
1510 2218 1617 2274 Mariae
1644 2220 1805 2291 praeconio:
1828 2222 1853 2275 0
1871 2221 1954 2290 setin·

257 2305 318 2359 eine
336 2321 430 2372 mora,
449 2303 479 2356 in
497 2310 555 2356 tam
573 2302 658 2371 praei
673 2309 851 2372 tempestate,
869 2316 912 2353 me
928 2306 1090 2368 precantem
1111 2321 1266 2375 puerpera,
1283 2314 1384 2359 nostra
1398 2307 1486 2375 pians
1503 2307 1620 2372 aedera,
1632 2308 1702 2375 jure
1719 2307 1820 2360 matria
1840 2308 1953 2376 impera

258 2391 403 2456 defensate
431 2407 450 2443 a
473 2390 640 2442 damonum
665 2387 811 2442 iaetantia.
859 2385 947 2451 Nona,
970 2387 1091 2440 salutm
1116 2392 1288 2446 Redemtori.
1325 2388 1487 2461 Discipulos
1507 2392 1542 2447 de
1557 2397 1680 2462 tempore
1694 2380 1816 2450 inserar.
1831 2393 1954 2464 qnadra-

258 2485 284 2530 et
303 2478 388 2530 uitam
406 2483 557 2530 aeternam.
587 2473 621 2528 In
646 2473 778 2545 psalterio
796 2471 902 2527 Mariae
927 2472 1024 2543 psalm.
1042 2478 1091 2529 41:
1117 2494 1173 2550 ges.
1197 2484 1227 2531 et
1253 2479 1289 2532 de
1316 2476 1419 2532 sancds
1444 2494 1509 2549 pag.
1534 2483 1599 2533 263:
1636 2479 1720 2549 Virpo
1746 2481 1849 2533 Maria
1871 2488 1954 2549 pate-

261 2568 305 2619 Tu
331 2564 418 2631 Viryo
441 2569 540 2616 sancta
563 2578 593 2615 ee
614 2563 737 2632 penite-ia
756 2561 832 2616 ritae
853 2577 931 2614 meae
954 2568 981 2614 et
1003 2559 1091 2613 attria
1116 2573 1215 2619 mum
1240 2565 1322 2618 habu
1347 2582 1432 2633 nuper
1459 2565 1550 2629 filiam
1577 2583 1658 2619 nuum
1684 2566 1952 2620 ,Immone-iream

257 2647 450 2722 separation&
477 2649 572 2702 emit
599 2664 684 2705 mm.
731 2647 806 2710 Quia
838 2655 869 2701 lu
896 2664 927 2701 ⁶⁸
956 2645 1091 2701 lanaria
1112 2660 1233 2723 propter
1243 2659 1388 2705 maternae
1405 2652 1586 2705 auctoritatis
1599 2651 1757 2721 imperinm,
1776 2655 1854 2722 quod
1867 2654 1952 2707 nulla

257 2737 426 2793 adventionis
444 2736 556 2789 animae
571 2750 663 2798 tntae,
683 2733 795 2788 t'nt'tt'um
813 2741 840 2787 et
857 2734 923 2797 fint't
941 2733 1028 2787 totius
1044 2749 1091 2785 ta·
1117 2739 1227 2807 alioqui
1245 2746 1379 2792 creatura
1396 2739 1502 2792 habuit.
1538 2736 1669 2793 costerus
1687 2738 1716 2792 in
1728 2739 1853 2799 meditat,
1867 2756 1953 2810 super

258 2827 326 2880 latis
349 2840 434 2879 auae.
472 2821 506 2876 In
524 2820 629 2876 rosario
647 2820 765 2875 Mariae:
788 2821 974 2874 Peccatorum
994 2837 1091 2874 conso-
1117 2826 1251 2897 hymnam
1268 2825 1329 2879 Aac
1345 2825 1435 2878 maria
1456 2825 1548 2892 stella,
1565 2840 1649 2894 saper
1666 2825 1753 2880 rerba
1772 2827 1906 2880 Monstra
1925 2834 1953 2879 tc

257 2913 352 2983 tatae,
370 2912 545 2977 infirmarum
556 2908 692 2976 oenatria
711 2907 764 2961 tibi
781 2909 943 2961 commendo
960 2907 1044 2960 lodic
1063 2912 1091 2958 tt
1117 2930 1177 2967 ease
1202 2919 1333 2975 matrerm
1362 2911 1427 2965 edit.
1449 2910 1544 2967 Calon.
1568 2927 1633 2967 ann.
1661 2917 1735 2972 1600.
1761 2928 1825 2983 pag.
1845 2918 1891 2967 59:
1914 2912 1953 2965 In

258 2999 383 3069 quotidie
403 2997 530 3051 adimam
554 3011 653 3060 mm,
669 3001 701 3048 ¹⁸²
722 3011 765 3048 'M
789 2994 820 3048 ὑὶ
837 3002 915 3048 luam
934 2993 1092 3047 Modiam
1117 3000 1219 3053 merita
1245 2998 1394 3068 aanpuinie
1413 2997 1475 3066 fitis·
1498 2999 1545 3050 eui
1563 2999 1634 3066 ptus
1652 2997 1734 3066 jurae
1753 2999 1835 3052 habet
1851 3007 1953 3065 mater,

259 3086 476 3141 commendatum
496 3081 534 3136 ab
559 3081 693 3140 omnibu·
711 3081 796 3134 matis
813 3089 840 3135 et
856 3080 1011 3145 fraudibus
1028 3080 1091 3132 dia·
1117 3102 1191 3156 qaae
1215 3085 1380 3153 sanquinem
1404 3085 1499 3148 dedit,
1530 3100 1615 3152 qaam
1635 3085 1697 3138 ntia
1716 3085 1854 3153 madidet
1871 3100 1950 3139 crea·

260 3172 318 3226 boli
358 3169 503 3224 enatodiae
539 3174 623 3237 atquc
649 3168 679 3220 in
706 3167 779 3221 tara
807 3167 905 3221 mortis
933 3173 1092 3221 constanter
1115 3181 1188 3226 rura.
1225 3172 1263 3226 Et
1291 3170 1376 3241 paulo
1404 3177 1482 3240 post:
1520 3171 1649 3238 deorsum
1676 3177 1731 3238 ea,
1759 3179 1791 3224 ut
1819 3179 1950 3226 motans

259 3258 329 3312 mini
352 3257 471 3310 assistas
493 3271 528 3308 ac
550 3254 676 3308 animam
697 3255 739 3307 ad
764 3261 880 3307 aeterna
898 3253 1008 3321 paedia
1025 3252 1093 3317 feli·
1117 3273 1224 3330 quaque
1243 3259 1324 3329 apud
1334 3257 1430 3326 filium
1449 3265 1499 3310 tua
1513 3257 1608 3310 valed
1619 3255 1783 3310 auctoritas.
1800 3258 1866 3312 Alii
1877 3260 1951 3312 enim

259 3346 329 3398 citer
348 3343 501 3413 perdurae.
555 3339 590 3396 In
622 3339 740 3395 missali:
769 3339 878 3395 &ncta
901 3339 983 3408 sirpo
1000 3344 1092 3394 Doro·
1118 3360 1210 3398 omnen
1222 3350 1380 3416 precantur
1397 3351 1428 3396 ut
1448 3344 1530 3408 saei,
1550 3350 1581 3396 tu
1595 3351 1626 3396 at
1645 3350 1736 3397 mater
1755 3346 1949 3400 cadomensem

258 3433 331 3496 tica,
351 3439 401 3484 tua
413 3445 465 3483 nar
483 3428 584 3482 virtute
601 3429 664 3496 bea,
684 3444 733 3481 car
751 3427 783 3480 in
798 3427 877 3480 nobie
896 3444 997 3481 nonum
1017 3442 1091 3479 crea.
1117 3430 1221 3485 habens
1246 3430 1393 3483 eaaudiris
1408 3444 1464 3500 pro
1487 3437 1537 3482 tna
1553 3430 1717 3483 emanantia.
1736 3445 1800 3501 pag.
1820 3436 1851 3486 et
1861 3450 1868 3482 :
1894 3432 1951 3485 lto·

259 3517 293 3572 In
320 3516 419 3572 hortul
440 3514 523 3570 anim.
543 3513 657 3585 suffrag.
676 3513 808 3585 apostol:
834 3514 938 3570 Sancti
956 3512 1091 3583 Philippa
1117 3534 1216 3586 pamas
1245 3524 1376 3579 matrem
1412 3521 1442 3567 nt
1468 3533 1526 3586 pro
1557 3524 1688 3569 maumsa
1716 3533 1770 3569 sua
1799 3517 1829 3570 in
1860 3517 1950 3582 titium

259 3604 388 3674 apostole
409 3602 543 3671 Domini,
575 3609 601 3656 te
629 3602 715 3656 mua
739 3617 790 3669 epo
810 3609 943 3670 peccator
969 3599 1091 3655 omnium
1117 3603 1284 3659 aucwrdate
1301 3603 1414 3672 efficiat,
1433 3618 1468 3655 ne
1486 3603 1564 3667 filius
1577 3610 1691 3656 nestrae
1701 3605 1834 3672 repudiet
1839 3594 1949 3672 pree'es.

259 3690 407 3745 criminum
432 3689 565 3742 tarditat
588 3688 732 3742 absolutus
753 3689 905 3757 deprecor,
933 3694 965 3741 ut
988 3703 1031 3740 me
1054 3687 1090 3741 ab
1117 3689 1232 3746 Carolus
1259 3688 1417 3760 Steugelias
1445 3687 1595 3742 monachus
1620 3688 1817 3743 Benedictiuus
1842 3690 1872 3744 in
1899 3690 1949 3748 lib.
1963 3709 2039 3752 ram.

259 3778 336 3833 anmi
358 3776 539 3830 damnatione
563 3782 589 3828 et
612 3792 631 3828 a
653 3782 770 3828 vennere
794 3776 841 3829 ira
858 3775 960 3829 liberer
977 3782 1004 3828 ct
1019 3774 1091 3828 iam·
1117 3782 1146 3833 et
1179 3777 1214 3832 de
1243 3775 1359 3829 historia
1389 3782 1417 3829 et
1446 3773 1539 3829 officio
1570 3774 1685 3846 iosephi
1719 3775 1783 3829 edit.
1820 3776 1948 3833 Monach.

257 3864 381 3936 partitus
411 3868 541 3916 mum
575 3863 617 3914 ad
650 3878 767 3932 repausa
799 3862 910 3931 planiae
937 3863 1090 3931 perducar.
1116 3880 1181 3919 anu.
1208 3867 1282 3918 1616.
1305 3878 1370 3932 pag.
1394 3866 1457 3918 262:
1488 3861 1605 3930 Reliqui
1625 3862 1719 3915 sancti
1744 3864 1827 3916 mam
1853 3866 1951 3933 ampeli

259 3951 294 4006 Iu
313 3948 428 4020 suffrag.
445 3947 577 4004 conseant
603 3948 760 4018 Opraerul
780 3949 936 4003 beatuaime
953 3948 1092 4015 Amiroei,
1118 3958 1144 4004 et
1162 3949 1313 4018 Seraphim
1336 3948 1529 4017 deprecatorie
1551 3949 1696 4017 postulant
1716 3967 1734 4000 a
1757 3949 1867 4004 Olriata
1889 3954 1949 4006 Do·

259 4039 358 4092 doctor
377 4036 511 4098 mamma,
530 4042 596 4104 part
614 4035 686 4089 hanc
702 4035 788 4089 eitam
805 4036 885 4089 traina
902 4052 1012 4088 aarum
1030 4035 1091 4088 ani·
1117 4037 1193 4091 mino
1218 4042 1355 4104 tanquam
1376 4034 1465 4099 caui,
1502 4033 1609 4102 Josepn
1633 4041 1727 4088 autem
1751 4038 1948 4090 auctoritative

258 4142 333 4178 mam
355 4126 396 4177 ad
416 4123 534 4192 paudia.
572 4124 666 4191 Atque
690 4129 722 4176 ut
748 4121 878 4177 brevibus
905 4121 996 4177 omnia
1018 4138 1091 4176 com·
1119 4123 1325 4193 quadammodo
1348 4129 1481 4191 unquam
1496 4128 1581 4189 pater
1602 4121 1696 4191 itlius,
1728 4123 1775 4175 cui
1790 4139 1859 4178 eane
1878 4125 1950 4178 sicut

259 4210 422 4282 plectamur,
441 4208 549 4264 nullum
566 4215 660 4279 potest
680 4208 816 4263 nominari
834 4207 938 4263 bonum
954 4208 1013 4264 sive
1032 4224 1093 4263 cor·
1120 4210 1247 4264 Christus
1273 4210 1335 4277 epea
1360 4207 1390 4260 in
1417 4208 1503 4260 terrie
1528 4215 1660 4275 tanquam
1681 4210 1767 4277 patri
1788 4212 1830 4263 ad
1853 4218 1951 4264 natam

258 4295 349 4366 poris,
379 4297 438 4352 sive
455 4296 578 4362 animae,
606 4295 665 4350 sire
694 4301 850 4366 terrermm,
878 4295 937 4350 sire
966 4294 1093 4363 eoeleste,
1119 4297 1329 4363 obruundanit,
1358 4296 1401 4348 ita
1427 4295 1456 4347 in
1485 4293 1571 4347 coelis
1601 4303 1731 4364 acceptae
1756 4296 1951 4366 beneficentiae

258 4384 339 4453 cujus
368 4381 558 4454 elargitionem
585 4398 641 4437 non
670 4387 768 4452 petant
794 4397 812 4436 a
836 4381 955 4452 sanctis3
986 4381 1093 4436 nullam
1119 4402 1175 4438 non
1210 4384 1352 4436 immernor
1385 4383 1426 4434 ad
1461 4388 1556 4434 nutum
1586 4383 1678 4434 eidem
1709 4390 1844 4452 tanquam
1870 4385 1953 4454 patri

258 4473 351 4540 potest
369 4468 506 4524 noudnari
522 4468 639 4532 malum,
664 4484 757 4538 aquo
776 4485 832 4523 non
849 4474 947 4538 petant
964 4485 1015 4539 per
1033 4485 1094 4523 san-
1119 4472 1222 4541 affectu
1240 4470 1347 4539 filiali,
1377 4485 1457 4538 mem
1480 4470 1515 4521 ab
1538 4468 1665 4536 infantia
1689 4470 1817 4540 concepit
1833 4489 1868 4525 ac
1886 4488 1952 4540 per-

258 4562 318 4611 ctos
341 4553 466 4624 liberari,
494 4561 526 4609 ut
547 4555 640 4610 maltis
663 4554 795 4625 exemplis
819 4573 853 4610 ex
879 4554 1004 4619 suariis,
1030 4572 1094 4610 cnr·
1116 4564 1202 4630 petua
1236 4555 1421 4623 comereaoit,
1458 4555 1489 4607 in
1520 4555 1597 4609 caelo
1626 4556 1727 4611 obedit.
1777 4557 1952 4628 Opponenda

260 4641 337 4695 sibus
356 4639 482 4705 horariis,
512 4639 621 4696 hortulo
638 4642 759 4706 animae,
777 4640 945 4711 antiphonis,
963 4640 1096 4711 collectis,
1119 4644 1188 4699 haec
1212 4649 1277 4698 sunt
1295 4641 1480 4710 Bellarmino,
1508 4641 1557 4712 qai
1580 4640 1706 4697 debeat.
1726 4651 1812 4699 sanct.
1832 4660 1892 4716 cap.
1913 4652 1952 4703 16.

260 4727 393 4799 psalterio
424 4726 538 4796 Mariae,
568 4727 752 4796 antidotariis,
787 4727 933 4783 breviariis
957 4733 1009 4782 etc.
1038 4727 1096 4783 lats
1121 4727 1148 4805 ξ.
1177 4730 1275 4801 quinto
1306 4735 1406 4799 negat,
1435 4729 1466 4780 in
1478 4736 1594 4796 papatu
1612 4730 1715 4797 ropari
1740 4730 1895 4801 Vispinem,
1922 4739 1953 4786 ut

260 4813 381 4885 probant
398 4811 574 4868 Chemnicias
592 4813 622 4869 in
640 4831 726 4871 eram
745 4830 821 4869 conc.
841 4814 968 4871 Trident
985 4821 1057 4885 part
1070 4820 1093 4870 3.
1114 4816 1210 4885 fitium
1242 4816 1338 4883 iubeat
1367 4817 1478 4882 farere,
1513 4817 1590 4884 arcad
1615 4817 1746 4885 petimur.
1789 4816 1952 4889 liardingns

259 4918 323 4973 pag.
349 4903 407 4955 149.
432 4897 618 4954 Schroederus
642 4900 671 4954 in
696 4900 808 4971 apodixi
826 4900 861 4956 de
887 4900 991 4972 sanctis
1009 4901 1095 4956 hono·
1121 4910 1217 4958 cauma
1239 4900 1352 4972 apolog.
1368 4900 1553 4970 Anglieanem
1579 4918 1641 4972 cap.
1663 4909 1700 4958 18.
1721 4903 1845 4958 scribens
1864 4915 1953 4976 agaa-

259 4985 355 5041 randis
390 4985 440 5040 scd
464 5000 520 5039 non
543 4984 704 5041 invocandis
727 4986 766 5043 th.
799 4992 856 5043 1³³.
884 4994 913 5044 et
938 4987 1093 5059 sequentib.
1120 4989 1187 5058 scit,
1214 4988 1345 5043 Mariam
1361 4987 1392 5039 in
1405 4994 1519 5056 papatu
1536 4989 1677 5052 invocari,
1704 4997 1734 5042 ut
1753 4991 1814 5054 filio
1831 5008 1883 5045 aaa
1902 4993 1953 5045 irn-

260 5063 377 5128 cenric
398 5069 522 5126 Platsius
543 5070 573 5126 iu
598 5071 661 5128 laco
681 5074 793 5130 saccus.
810 5091 836 5130 c.
853 5079 895 5131 69.
932 5074 1095 5132 Joachimas
1116 5084 1212 5147 peret,
1238 5075 1288 5130 sed
1305 5080 1421 5129 conatur
1437 5073 1578 5130 schemate
1596 5074 1717 5144 quodam
1736 5083 1888 5148 utramque
1907 5094 1953 5133 ex·

261 5159 380 5215 Ursinus
398 5157 427 5212 iu
452 5157 596 5229 stupendis
614 5159 710 5229 templi
730 5159 859 5216 Jesuitici
880 5178 907 5231 p.
931 5167 987 5217 104.
1005 5168 1034 5217 et
1051 5176 1095 5215 se·
1120 5179 1225 5231 casare,
1244 5161 1285 5216 sic
1296 5160 1368 5214 enim
1382 5159 1493 5215 disserit
1505 5160 1580 5231 apud
1594 5161 1788 5232 lvellampart
1807 5167 1830 5217 t.
1846 5180 1874 5233 p.
1888 5168 1952 5220 253:

260 5244 384 5317 quentib.
406 5243 483 5309 Quae
507 5244 600 5298 omnia
623 5244 742 5300 breviter
766 5246 959 5319 complectitur
982 5245 1096 5316 Saurea,
1123 5253 1157 5307 Si
1185 5249 1248 5320 artie
1271 5249 1336 5316 jam
1363 5248 1407 5300 nil
1430 5249 1489 5300 nisi
1511 5249 1617 5302 coetssm
1641 5248 1819 5302 descientia
1836 5250 1954 5317 spirans

260 5331 372 5402 quaudo
398 5336 464 5386 tom
490 5335 516 5387 t.
546 5335 690 5385 comment
708 5330 737 5385 in
763 5331 898 5388 Thamara
926 5339 1033 5404 quaest.
1053 5338 1093 5388 37.
1120 5343 1147 5391 et
1179 5333 1348 5388 Ber-niardi
1378 5333 1493 5402 similis,
1524 5333 1624 5387 matris
1651 5332 1758 5388 Otrm'ati
1789 5336 1956 5403 dipsitatm

260 5416 331 5489 disp.
347 5422 389 5473 23.
407 5423 476 5476 sect.
494 5422 517 5473 l.
535 5416 651 5472 adducit
667 5433 700 5472 ae
720 5418 821 5488 probat
836 5419 940 5475 dictum
952 5418 1095 5489 Germani,
1121 5430 1147 5477 et
1164 5421 1296 5475 tenorem
1315 5420 1372 5473 alte
1391 5435 1481 5472 secum
1502 5419 1533 5471 in
1552 5419 1646 5472 animo
1665 5421 1796 5474 salectano
1810 5429 1837 5474 et
1849 5424 1958 5490 copita-

261 5503 309 5578 qni
326 5503 356 5558 in
375 5519 455 5561 serm.
476 5504 597 5565 demna
610 5503 720 5562 Domini
733 5504 850 5562 Mariam
868 5507 909 5563 ric
926 5505 1095 5579 assothnr:
1118 5507 1207 5589 ,tura
1231 5514 1312 5562 aeras
1339 5507 1465 5577 quadam
1487 5505 1652 5576 worpaa,
1678 5507 1763 5577 ρααιι·
1787 5506 1887 5563 hedua
1912 5511 1957 5571 aa

1153 1560 1254 1616 Garsde
1270 1569 1402 1618 matrona
1421 1563 1536 1633 coelica,
1555 1563 1723 1618 assultando
1743 1563 1897 1632 mapnifica

1151 1650 1243 1702 Deum
1259 1649 1424 1718 salutarem,
1440 1651 1492 1720 qui
1510 1658 1535 1704 te
1554 1651 1626 1716 fecit
1642 1651 1825 1720 simpularem,

1153 1737 1197 1788 Tu
1213 1735 1350 1790 ancillam
1367 1736 1441 1790 Jcsu
1461 1737 1567 1791 Christi
1585 1746 1610 1791 tc
1630 1754 1731 1791 cacare
1748 1736 1872 1803 uoluisti,

1152 1822 1212 1876 aaa
1229 1831 1260 1875 u
1278 1824 1357 1877 ares
1375 1823 1420 1876 aa
1438 1823 1543 1892 aterna,
1564 1831 1595 1877 a
1613 1808 1703 1893 epau
1722 1839 1750 1878 a
1767 1824 1904 1878 amena.

1150 1909 1226 1962 Nam
1237 1909 1290 1977 jar
1308 1909 1388 1963 labet
1408 1917 1434 1963 et
1452 1911 1539 1981 ratio,
1556 1919 1673 1964 matrem
1690 1926 1808 1980 praesse
1827 1911 1917 1965 Fato.

1151 1995 1232 2064 Erpa
1251 2012 1304 2049 ora
1322 1996 1489 2067 neppliciter
1505 2006 1531 2051 et
1544 1997 1682 2068 praesepe
1702 1996 1868 2062 milimiter,

1154 2081 1188 2134 Ut
1207 2098 1256 2134 nas
1269 2080 1299 2134 in
1313 2083 1413 2136 mundi
1427 2099 1545 2152 uespera
1558 2084 1599 2136 ad
1611 2100 1699 2151 repna
1712 2085 1798 2136 ducat
1809 2100 1954 2152 suprema.
