4104 6014
289 380 350 437 248
883 369 1005 427 Locus
1022 367 1227 429 Vlcnanuus
1245 372 1393 432 SEXTUS

287 544 314 582 v.
332 531 355 583 8.
385 526 460 582 Esai.
479 531 527 594 63,
546 543 573 582 v.
597 532 642 582 le:
669 527 713 579 Tu
729 525 853 579 Domine
866 530 952 597 poter
969 531 1065 579 νιοιιον
1084 540 1120 588 es,
1151 531 1275 583 meando
1294 530 1350 583 ista
1375 529 1495 584 desimus
1513 537 1539 585 οι
1556 530 1607 584 boe
1622 537 1756 598 putamus
1775 527 1896 596 quiem,
1914 544 1984 598 quos

289 612 435 667 Abrabam
453 612 569 666 nescivit
592 631 644 667 noa
663 619 690 666 et
707 613 803 666 Israi'l
821 611 962 680 iquoraoit
982 627 1042 666 nos.
1082 611 1122 662 Tit
1151 614 1276 684 inquieta
1305 617 1363 669 uita
1388 617 1514 670 vivorum
1538 617 1684 671 solicitat!
1732 616 1809 678 Quid
1837 621 1878 667 est
1906 631 1982 682 ονοο,

290 700 412 753 Domine
435 706 521 768 poter
551 706 657 769 nomer,
687 700 827 753 redemtor
854 703 961 764 νιοοιον,
985 715 1004 751 a
1028 695 1123 750 seculo
1151 703 1228 771 quod
1251 703 1382 772 piissimo
1414 703 1478 770 reqi
1507 703 1608 771 dociae
1637 720 1692 772 pro
1721 719 1822 770 maqno
1854 700 1983 765 omousio

292 802 391 838 nomen
410 793 495 838 tuum.
531 784 620 856 Apoc.
639 790 670 853 e,
696 800 723 843 v.
745 790 785 841 11.
805 783 950 840 animabus
966 790 1123 838 sanctorum
1146 788 1280 856 promisit
1299 790 1392 858 Deus,
1412 790 1491 858 quod
1508 797 1577 842 esset
1595 797 1659 842 ante
1676 788 1837 856 meriturus,
1855 803 1889 841 ne
1907 787 1983 840 eide·

291 871 442 926 vindictam
461 871 655 942 expetentibus
673 870 788 940 dicitur,
807 879 838 924 ut
856 871 1000 939 quiescant
1017 877 1125 939 tempus
1150 881 1193 927 ret
1210 876 1296 940 mala
1315 891 1387 945 quae
1403 883 1521 929 οοιιιιονο
1538 875 1585 930 illi
1601 876 1664 929 loco
1682 882 1708 927 et
1727 873 1836 944 populo
1857 873 1983 926 minaba-

290 958 446 1024 modieum,
476 960 564 1011 donee
593 958 787 1027 conspicantur
818 955 946 1010 consevi
974 971 1070 1009 eorum
1100 961 1125 1007 et
1151 962 1416 1015 castamserram
1433 963 1486 1015 issa
1506 962 1565 1015 Dm·
1581 959 1842 1013 comminationibus
1868 960 1984 1021 fleverat

289 1047 398 1110 fratres
415 1061 525 1113 οονιιινι,
551 1045 602 1112 qui
625 1044 814 1108 interficiendi
839 1052 920 1095 ιναιιι
937 1042 1008 1095 sicut
1028 1049 1053 1094 el
1070 1040 1124 1096 t’llt'.
1150 1054 1177 1100 et
1197 1065 1250 1100 sua
1267 1047 1428 1101 vestimenta
1447 1047 1625 1100 consciderat
1648 1054 1675 1099 et
1700 1047 1732 1110 fit
1756 1045 1876 1099 omnium
1897 1044 1984 1098 malo·

291 1129 380 1202 Atqui
399 1129 422 1183 si
441 1129 469 1183 in
488 1129 649 1201 particulari
668 1128 738 1184 illud
757 1128 914 1196 scivissent,
933 1126 1009 1182 nullo
1027 1126 1126 1180 fuisset
1150 1150 1212 1186 mim
1244 1135 1407 1200 futurorum
1437 1134 1473 1185 de
1505 1141 1700 1205 properaturo
1719 1138 1823 1194 ,morte
1859 1147 1983 1201 secum,

290 1235 361 1289 opus
379 1215 490 1271 indicio.
533 1216 637 1271 Eadem
662 1223 704 1271 est
730 1221 855 1271 veterum
874 1213 1010 1281 ecclesiae
1030 1214 1124 1276 docto·
1151 1220 1228 1288 quod
1245 1220 1287 1272 ita
1304 1219 1482 1288 requieturus
1507 1228 1577 1272 esset
1601 1219 1632 1271 in
1657 1234 1742 1288 pace,
1766 1227 1797 1271 ut
1813 1217 1869 1272 illa
1888 1218 1983 1272 omniu

290 1321 351 1358 rum
371 1303 517 1358 sententia.
561 1302 694 1374 Origenes
718 1302 767 1358 lib.
786 1307 810 1359 2.
836 1302 865 1356 iu
891 1300 970 1371 epist
999 1300 1077 1356 Rom.
1097 1297 1124 1351 in
1151 1323 1206 1359 aaa
1229 1306 1337 1359 uidam
1363 1313 1411 1360 sss,
1455 1305 1503 1359 lus·
1527 1322 1592 1374 erqo
1615 1311 1679 1358 sunt
1698 1303 1817 1373 spiritus
1837 1305 1984 1371 defuncto·

290 1389 393 1461 princ:
418 1388 454 1444 Si
473 1395 552 1442 extra
576 1406 680 1458 corpus
698 1389 790 1458 posili
806 1389 849 1443 vel
869 1388 974 1452 sancti,
997 1387 1048 1455 qui
1064 1402 1124 1438 cum
1151 1410 1229 1460 ram,
1247 1392 1297 1444 aas·
1313 1409 1369 1445 aaa
1387 1392 1496 1461 adsue,
1519 1407 1699 1461 quaecunque
1717 1398 1840 1459 aquator
1858 1398 1908 1443 aut
1926 1406 1985 1443 eae·

293 1477 405 1533 Christo
423 1483 501 1543 sunt,
526 1484 612 1542 aqum
634 1475 749 1548 aliquid
772 1482 797 1528 et
820 1475 952 1529 laeuam
973 1490 1029 1543 pro
1047 1471 1126 1526 nobie
1152 1479 1231 1532 niune
1251 1479 1282 1531 in
1301 1478 1356 1530 ista
1375 1479 1435 1531 uita
1458 1477 1622 1530 bominibus.
1669 1476 1773 1531 Eadem
1794 1475 1910 1531 totidem
1927 1475 1985 1531 fere

292 1565 333 1617 ad
360 1562 573 1616 simulitudinem
600 1562 778 1630 anpelorum,
805 1561 855 1632 qui
883 1560 985 1614 salutis
1013 1567 1126 1613 nostrae
1152 1563 1243 1618 verbis
1269 1563 1371 1633 repetit
1393 1562 1546 1631 Eucherius
1565 1562 1762 1634 Lugdunensis
1787 1562 1983 1633 episcopusin

292 1648 449 1702 ministeria
471 1655 642 1718 procurant,
668 1648 711 1700 vel
733 1664 832 1700 rursus
853 1653 1020 1715 peccatores
1043 1645 1126 1698 eliam
1152 1650 1198 1705 lib,
1218 1657 1243 1706 4,
1262 1649 1332 1723 Reg,
1378 1650 1465 1722 Atqui
1492 1651 1561 1705 baeu
1592 1655 1635 1705 eat
1660 1649 1812 1721 Augustini
1845 1650 1985 1704 sententia

292 1736 350 1807 ἱροί
377 1743 458 1790 tetra
484 1752 585 1797 eornm
609 1734 698 1805 poelli
722 1741 808 1802 eoem
838 1733 953 1803 aliquid
975 1733 1125 1786 tenendum
1153 1737 1219 1791 satis
1237 1736 1385 1808 perspicua
1411 1742 1440 1791 et
1464 1736 1567 1791 diserta
1592 1737 1626 1791 ds
1650 1737 1811 1808 quaestione
1834 1735 1985 1806 proposita,

288 1824 465 1894 propositum
485 1823 585 1876 meniis
602 1838 685 1891 ιιιαι,
703 1821 867 1891 angelorum
884 1820 1067 1874 nihilominus
1086 1819 1127 1871 ad
1154 1823 1266 1895 quaudo
1285 1825 1368 1892 juata
1386 1841 1513 1877 normam
1536 1831 1563 1877 et
1586 1825 1700 1878 ductum
1720 1823 1886 1891 Scripturas
1901 1822 1936 1878 de
1953 1839 1987 1878 uu

293 1910 506 1965 similitudinem
537 1910 732 1975 sinistrorum,
768 1908 905 1962 habeatur
933 1907 985 1960 boe
1018 1922 1126 1976 qaoque
1154 1911 1271 1980 disserit,
1293 1909 1483 1979 quandovero
1499 1911 1580 1980 juxta
1600 1910 1756 1980 opinionem
1774 1915 1841 1964 tunc
1854 1909 1987 1979 temporis

293 1997 366 2053 inter
392 1996 502 2065 ecculm
530 1997 601 2063 Dei,
631 2011 719 2065 neque
749 1995 897 2048 chartulae
930 1992 1127 2047 commutanda
1152 1998 1268 2070 gliscere
1287 1996 1465 2066 incipientem
1491 2004 1568 2051 extra
1586 1996 1746 2066 Scripturas
1773 1995 1874 2051 limites
1898 1996 1934 2051 de
1953 2013 1987 2052 ea

295 2083 437 2153 mpetmio.
477 2081 629 2153 Gregorius
648 2080 842 2137 Nazianzenus
866 2079 1024 2145 orationem,
1043 2095 1126 2150 qnam
1154 2085 1292 2155 disputat,
1315 2089 1375 2137 tum
1397 2083 1559 2137 dubitanter
1583 2091 1609 2136 et
1625 2083 1776 2137 titubanter
1796 2081 1987 2154 progreditur,

156 2169 471 2234 xv1u‚ss.inhonorem
491 2168 649 2240 Gorgonius
670 2165 771 2221 sororis
790 2165 932 2230 recitavit,
957 2166 997 2220 sic
1017 2165 1124 2220 conclu·
1154 2173 1193 2227 sie
1209 2173 1282 2226 enim
1314 2170 1410 2225 scribit
1440 2170 1488 2224 lib,
1518 2169 1606 2241 ejusd,
1637 2186 1659 2225 ο,
1696 2174 1740 2225 162
1768 2168 1830 2222 lma
1860 2169 1987 2239 quaestio

295 2258 347 2312 dit:
370 2256 404 2311 Si
420 2257 472 2309 tibi
488 2256 588 2325 alique
613 2251 750 2308 tormenti
769 2253 862 2307 nveiti
879 2259 919 2306 αἱ
936 2252 1011 2306 1111ἱο
1031 2260 1057 2306 tl
1074 2252 1126 2306 7⁸0⁶
1153 2260 1227 2314 eires
1264 2274 1342 2310 meae
1380 2257 1584 2327 intelligentiae
1618 2256 1716 2326 uincit,
1752 2257 1988 2326 quemadmodum

293 2343 399 2398 sancts's
425 2342 533 2410 animis,
556 2358 575 2394 a
595 2343 659 2395 Deo
680 2358 791 2410 munus,
819 2347 851 2394 at
874 2339 947 2393 talia
963 2339 1126 2406 resciscant,
1153 2345 1329 2414 opitulantur
1346 2351 1483 2412 martyres
1506 2342 1556 2412 iis,
1584 2360 1653 2414 quos
1677 2359 1731 2412 per
1755 2359 1800 2396 eos
1824 2349 1929 2395 eertum
1946 2348 1987 2394 est

294 2431 404 2500 sueccino
427 2436 551 2482 nostram
569 2443 722 2481 ammonem
740 2429 891 2481 multorum
920 2426 1127 2496 epitaphiorum
1154 2431 1298 2500 adjuvari,
1350 2430 1447 2484 Utrum
1475 2429 1534 2498 ipsi
1557 2445 1611 2497 pes·
1639 2445 1669 2481 sa
1698 2428 1776 2497 ipsos
1804 2428 1902 2481 adsint
1931 2446 1987 2482 uno

295 2518 363 2572 loeo.
402 2515 589 2584 Hieronymus
610 2515 646 2569 ad
671 2513 852 2568 Heliodorum
879 2512 985 2584 epistol.
1007 2518 1031 2570 3.
1058 2529 1083 2570 c.
1106 2520 1127 2569 l.
1153 2525 1278 2587 tempore
1297 2526 1354 2572 tam
1372 2517 1493 2571 diversis
1508 2516 1578 2571 locis
1598 2524 1624 2571 οι
1643 2523 1722 2568 tanta
1740 2515 1814 2568 inter
1833 2516 1989 2585 selonqin·

296 2604 331 2659 de
348 2601 507 2673 Nepotiane
527 2600 670 2657 defuncto:
691 2600 839 2670 Quidquid
857 2602 970 2666 dinero,
991 2601 1059 2669 quia
1077 2600 1127 2654 ille
1154 2605 1258 2674 quitata
1276 2605 1395 2673 ιοονοιὶο,
1413 2604 1470 2658 siue
1489 2603 1538 2656 ubi
1555 2609 1620 2656 sunt
1640 2618 1735 2656 eorum
1752 2602 1910 2670 mensos-iae,
1928 2602 1987 2656 siae

295 2711 350 2746 non
368 2691 457 2758 audit,
475 2689 701 2744 mutuoseidetur
719 2693 770 2744 etc.
804 2685 842 2741 Et
855 2693 966 2757 postea:
987 2685 1055 2741 Cium
1074 2704 1127 2757 quo
1150 2700 1268 2761 praeter
1284 2709 1351 2744 suas
1369 2691 1517 2747 memmiae
1534 2690 1688 2759 uibicunque
1700 2690 1799 2743 adase
1811 2689 1988 2756 sentiuntur;

296 2779 375 2849 loqui
394 2797 450 2833 non
466 2795 633 2849 possumus,
661 2777 697 2829 de
723 2792 755 2829 eo
779 2774 859 2844 loqui
880 2793 936 2829 non
961 2775 1128 2830 desinamus.
1154 2797 1193 2832 au
1222 2779 1292 2850 ipsis
1325 2779 1355 2832 in
1388 2778 1449 2832 ὶοοο
1478 2777 1539 2830 susi
1566 2777 1672 2830 meritis
1705 2792 1828 2844 conqruo
1852 2775 1889 2828 ab
1911 2775 1990 2828 omui

294 2883 318 2920 c.
346 2873 391 2922 lo:
421 2866 505 2921 Felix
522 2865 713 2935 Nepotianus,
741 2862 792 2935 qui
807 2862 876 2915 llaec
894 2879 950 2916 non
966 2862 1055 2930 siaa,
1080 2861 1137 2931 qui.
1154 2866 1315 2920 mortalium
1327 2865 1538 2919 conversatione
1549 2865 1802 2918 remolisettamen
1815 2862 1988 2930 genardites·

295 2955 364 3008 baec
384 2971 441 3008 non
458 2953 540 3007 audi
559 2950 750 3018 (barbarorum
763 2947 867 3004 scilicet
879 2947 1081 3004 devastationes
1096 2965 1128 3002 ac
1154 2953 1299 3006 ονοιιιίοιοι
1320 2969 1378 3021 pro
1401 2949 1560 3020 indiqentia
1583 2948 1815 3020 supplicantium,
1842 2947 1916 3001 sicut
1934 2964 1988 3001 nos

258 3056 264 3066 ·
296 3040 392 3111 diras),
419 3056 501 3111 quem
523 3043 617 3094 umen
642 3036 827 3108 Nepotianum
851 3051 874 3090 o.
894 3040 917 3092 3.
943 3035 1051 3091 dixerat
1069 3050 1128 3088 esse
1154 3056 1268 3093 mamus
1280 3055 1338 3108 pro
1360 3037 1493 3102 mortua,
1516 3036 1615 3105 quibus
1637 3035 1731 3104 utique
1747 3052 1804 3088 uon
1819 3042 1987 3104 prememo-

294 3145 357 3180 cum
377 3126 490 3181 Christo
510 3132 537 3178 οι
554 3131 715 3178 sanctorum
736 3122 830 3176 eboris
853 3122 975 3177 mistum.
1012 3121 1128 3177 Ambro·
1153 3145 1229 3194 mur,
1255 3142 1306 3180 nec
1328 3125 1377 3178 ubi
1392 3126 1463 3192 sint,
1487 3140 1539 3177 nec
1563 3122 1633 3192 quid
1650 3128 1737 3191 aqant
1756 3120 1867 3177 scimus.
1903 3122 1987 3177 Deus

295 3213 355 3266 sius
372 3212 401 3267 in
417 3212 515 3267 funere
532 3209 642 3282 Satyri:
667 3209 703 3265 ss·
722 3226 795 3263 nune
819 3209 915 3279 ονοονιΙ
931 3209 1050 3264 Italiam
1070 3216 1125 3262 tam
1154 3213 1340 3283 mnnspotens,
1360 3212 1411 3282 qui
1429 3218 1470 3265 est
1486 3210 1588 3279 ubique
1604 3225 1753 3279 praesens,
1773 3224 1823 3261 nec
1841 3216 1987 3262 cenarem

290 3301 422 3370 proximo
444 3298 521 3352 beate
544 3312 737 3367 acquescens,
765 3301 898 3367 οιοοιιιιινο
924 3296 1127 3365 inqems'sceree.
1152 3301 1246 3365 noba,
1265 3317 1316 3354 aaa
1341 3306 1464 3353 remotus
1490 3316 1510 3351 a
1537 3297 1630 3365 noba,
1659 3295 1813 3349 exaudiens
1830 3302 1987 3363 martyrum

293 3386 417 3442 Isidorus
433 3384 576 3440 Pelusiota
592 3383 662 3439 libro
681 3383 769 3455 primo
786 3381 893 3454 epistol.
914 3388 975 3440 sss:
994 3385 1024 3437 at
1040 3379 1129 3445 sciisse
1151 3405 1248 3460 preces
1285 3403 1341 3457 per
1376 3385 1541 3455 anqelomsm
1580 3382 1738 3436 mins'sterio
1786 3398 1986 3452 usquequaque

294 3476 350 3528 τῶν
374 3471 502 3544 ἂγγέλιον
528 3464 573 3525 οἷα
597 3475 644 3539 τῆς
667 3468 778 3544 φύσεως
804 3470 950 3525 σύνδουλοι
981 3470 1015 3524 τὰ
1043 3470 1127 3544 μήπω
1155 3475 1272 3546 diffissa,
1290 3472 1427 3542 praebeat
1449 3469 1606 3525 hominbus
1624 3469 1680 3523 isla
1697 3468 1816 3538 solatio,
1840 3470 1940 3538 quibus
1955 3470 1988 3524 ia

294 3561 420 3636 πορόντα
439 3557 580 3630 ἀγνοοῦσι,
623 3559 664 3612 At
693 3557 717 3612 si
736 3557 794 3612 ulla
818 3563 947 3613 creatura
972 3564 1083 3629 praeter
1099 3563 1128 3613 et
1154 3562 1238 3632 liujus
1267 3561 1340 3614 uitae
1370 3558 1486 3613 miseria
1511 3556 1624 3626 indicat
1651 3572 1709 3610 esse
1740 3556 1908 3626 praebenda
1938 3564 1989 3612 etc.

295 3655 372 3705 extra
397 3647 488 3702 Deum
513 3644 720 3701 omniscientiae
747 3643 851 3699 lumine
870 3642 1002 3716 fulgeret,
1029 3644 1124 3714 utique
1154 3651 1210 3703 Res
1229 3649 1298 3701 laec
1316 3647 1403 3700 altior
1421 3654 1468 3715 est,
1487 3662 1569 3715 quom
1586 3651 1617 3698 ut
1635 3661 1653 3697 a
1672 3660 1715 3697 me
1727 3643 1820 3716 possit
1831 3644 1940 3714 attinpi,
1959 3653 1988 3699 et

295 3733 401 3806 angelis
428 3750 461 3788 ea
486 3730 651 3803 deneganda
674 3749 728 3785 nou
752 3737 838 3800 esset,
866 3731 970 3802 quippe
992 3730 1039 3803 qui
1063 3736 1128 3785 sunt
1154 3734 1316 3802 abstmssior,
1338 3739 1548 3802 quamutame
1564 3731 1658 3785 valeat
1670 3732 1860 3799 perscrutari,
1876 3739 1903 3784 οι
1921 3733 1988 3788 ideo
2001 3737 2046 3780 ¹t¹

294 3818 410 3891 δεύτερα
440 3821 521 3891 φῶτα
550 3817 633 3892 νοερὰ
661 3817 691 3871 ἐκ
716 3819 766 3871 roi·
792 3814 905 3889 πρώτου
931 3821 977 3872 καὶ
1004 3816 1126 3894 ἀνάρχοο
1153 3822 1224 3893 quid
1244 3822 1342 3875 bomem
1361 3821 1480 3874 duorum
1498 3819 1549 3888 sit,
1575 3836 1614 3871 an
1635 3823 1865 3886 necutrumque
1880 3819 1932 3884 sit,
1954 3825 1989 3872 ut

294 3911 387 3982 φωτὸς
404 3906 453 3962 τὸν
471 3903 618 3979 φωτισμὸν
635 3905 744 3976 ἔχοντα,
762 3910 794 3958 nt
811 3921 861 3960 sos
880 3903 1012 3960 describit
1025 3903 1125 3958 Dama·
1153 3909 1309 3978 aliquando
1333 3906 1388 3959 isla
1407 3907 1484 3975 fiant
1507 3921 1562 3976 per
1585 3904 1676 3973 ipsam
1699 3903 1894 3972 praesentiam
1910 3923 1986 3959 mar·

294 4013 393 4051 scenas
414 4011 447 4049 ex
468 3992 621 4048 Athanasio
644 3997 673 4047 et
699 3991 876 4049 Nazianzeno
901 3992 919 4050 l.
940 3997 964 4047 2.
989 3991 1058 4047 orth.
1079 3990 1125 4048 lid.
1143 3996 1252 4064 'aprum
1270 3994 1427 4063 aliquando
1439 4009 1494 4062 per
1506 3991 1818 4060 anqelossnsespientes
1831 4007 1988 4059 pesonam

295 4101 320 4138 c.
340 4089 364 4138 3.
403 4079 579 4152 Augustinus
604 4078 652 4135 lib.
680 4078 715 4133 da
745 4095 813 4134 cura
836 4096 886 4151 pro
904 4077 1020 4133 mortuis
1041 4093 1065 4132 o.
1086 4083 1126 4135 13.
1153 4089 1314 4149 martyrum,
1334 4079 1452 4144 definire
1469 4096 1525 4141 non
1545 4079 1646 4147 audeo,
1665 4076 1778 4130 mallem
1798 4094 1818 4129 a
1834 4077 1988 4133 scientibus

295 4168 409 4224 adducit
427 4165 592 4222 sententiam
611 4164 712 4221 Psalm.
731 4170 778 4223 26:
801 4165 939 4229 Quoniam
947 4172 1032 4234 pater
1050 4180 1128 4218 meus
1152 4169 1209 4221 ista
1231 4167 1405 4238 permisere.
1425 4164 1471 4221 lib.
1492 4163 1527 4219 ds
1547 4179 1613 4218 vers
1629 4163 1709 4234 relig.
1733 4180 1759 4220 ο.
1777 4168 1822 4218 55:
1852 4163 1989 4235 Quisquis

295 4264 322 4309 et
345 4263 437 4309 mater
462 4269 525 4307 mea
550 4251 758 4320 dereliquerunt
784 4268 843 4321 me,
870 4251 1010 4317 Dominus
1034 4257 1126 4304 autem
1153 4256 1315 4325 angelorum
1334 4252 1379 4306 ael
1399 4251 1538 4305 hominum
1558 4249 1656 4320 ‹liliqit
1675 4250 1747 4304 buno
1768 4251 1875 4315 Deum,
1894 4258 1988 4305 οονιιοι

294 4343 425 4396 assumsit
446 4356 500 4404 me,
520 4339 640 4410 indeque
658 4336 757 4406 infert,
783 4338 811 4393 si
827 4355 893 4409 erqo
917 4337 1127 4408 dereliquerunt
1152 4360 1223 4411 sum,
1243 4337 1417 4409 quodetiam
1439 4355 1480 4392 me
1498 4337 1610 4406 diliqit,
1631 4337 1757 4407 quisquis
1776 4337 1806 4389 in
1824 4336 1876 4390 illo
1893 4345 1989 4391 manet

294 4446 345 4483 nos
359 4435 459 4498 potres
488 4426 591 4494 nostri,
619 4426 758 4494 qumodo
783 4425 888 4479 nostris
911 4425 993 4477 reuss
1009 4431 1035 4476 et
1051 4423 1127 4477 euris
1154 4436 1180 4482 οι
1195 4433 1290 4497 potest
1307 4427 1443 4479 humanas
1457 4439 1559 4494 preces
1575 4423 1693 4491 sentire,
1719 4423 1748 4475 in
1768 4422 1819 4477 illo
1843 4439 1886 4476 me
1903 4438 1988 4476 οοοιι-

294 4515 453 4568 intereunti
499 4512 535 4568 ss·
551 4520 643 4566 aulem
658 4518 795 4584 parentes
819 4529 875 4565 non
893 4510 1028 4564 intersunt
1045 4511 1128 4563 rebus
1155 4514 1203 4570 dit,
1253 4510 1404 4582 Gregorius
1434 4510 1463 4564 iu
1494 4507 1603 4563 moral:
1644 4508 1723 4562 Sicut
1753 4507 1785 4561 lsi
1815 4508 1865 4578 qui
1892 4509 2003 4564 adbuc·

296 4600 411 4666 νιοοινίο,
441 4598 491 4667 qui
515 4606 580 4652 sunt
610 4597 667 4650 alii
696 4605 884 4660 mortuorum,
916 4597 967 4667 qui
995 4603 1129 4650 ιιοοονονιι
1155 4599 1273 4653 macutes
1302 4598 1413 4650 animae
1443 4602 1615 4649 mortuorum
1652 4611 1706 4662 quo
1735 4594 1797 4648 loco
1828 4593 1989 4649 babeam·

301 4688 371 4759 quid
387 4702 521 4756 spamus,
538 4686 639 4755 quidue
653 4685 822 4758 patiamur!
862 4684 968 4738 Esaias
989 4683 1130 4754 propbeta
1156 4687 1307 4754 iuuerunt,
1325 4685 1367 4737 ita
1384 4683 1488 4736 mortui
1504 4683 1589 4736 eitam
1608 4682 1637 4735 in
1656 4697 1740 4735 carne
1759 4680 1907 4735 uiuentium
1923 4689 1991 4751 post

299 4774 383 4843 dicit,
402 4781 433 4827 tu
450 4789 480 4827 es
500 4773 573 4826 enim
588 4780 674 4843 pater
699 4781 807 4839 noster,
825 4772 893 4842 quia
911 4772 1056 4826 Amabam
1080 4787 1131 4822 nos
1157 4789 1203 4825 eos
1228 4771 1349 4841 qualiter
1375 4771 1563 4839 disponentia
1589 4767 1721 4823 nesciunt.
1771 4766 1802 4820 In
1824 4766 1889 4837 jure
1908 4783 1991 4823 cano

299 4860 417 4916 nesciuit
435 4866 461 4914 et
479 4860 575 4914 Israil
600 4877 655 4912 non
681 4860 808 4928 aequauit
832 4876 891 4912 nos.
939 4857 973 4912 Si
989 4855 1062 4910 tanti
1076 4874 1130 4926 pa·
1157 4858 1220 4913 nico
1238 4874 1262 4913 o.
1302 4854 1357 4920 Qui
1376 4855 1470 4910 diviua
1489 4861 1529 4911 13.
1548 4872 1575 4926 q.
1595 4860 1619 4914 2.
1638 4853 1666 4907 iu
1685 4853 1817 4924 append:
1850 4855 1897 4909 De
1917 4872 1991 4909 mor·

298 4946 454 5016 triarcbae,
481 4946 553 5015 quid
573 4962 642 5015 erpa
669 4945 805 5017 populum
829 4960 862 4998 es
886 4943 930 4997 lu's
953 4951 1131 5013 procreatum
1157 4945 1212 4999 tuis
1230 4952 1323 4998 οιιιονη
1342 4943 1495 5013 qsmeritur,
1513 4949 1606 4995 atrssm
1623 4940 1715 4996 sciant
1731 4958 1774 5010 ea,
1794 4957 1866 5010 quae
1882 4960 1902 4996 a
1918 4943 1991 4996 uiuis

298 5041 444 5106 aues-etur,
477 5033 692 5101 iqnoraeerunt,
732 5032 831 5102 quibus
862 5031 927 5084 Deo
957 5029 1131 5084 medentibus
1157 5039 1296 5099 parantur.
1348 5028 1455 5084 Εοοίοο
1474 5047 1508 5083 οο
1527 5046 1652 5100 persona
1673 5027 1779 5097 populi
1800 5028 1915 5096 affls'etu
1934 5029 1992 5084 uit.-

297 5121 420 5193 populus
438 5120 498 5190 ipse
522 5119 689 5173 duellorum
708 5117 967 5188 stirpepromiasus
987 5123 1041 5185 est,
1065 5134 1131 5186 quo·
1159 5117 1303 5172 Amabam
1332 5123 1417 5187 pater
1450 5123 1544 5171 noster
1572 5134 1623 5169 nos
1653 5115 1776 5170 nescivit.
1831 5111 1936 5171 Confer
1966 5130 1992 5170 ο.

299 5210 383 5262 modo
412 5205 517 5271 mortui
539 5222 654 5259 merram
677 5205 760 5257 rebus
790 5211 874 5273 atque
903 5203 1010 5256 actibus
1034 5219 1131 5270 eoquo·
1158 5202 1315 5260 Fatendum
1341 5202 1407 5258 ibid.
1436 5201 1617 5259 Hildebertus
1640 5200 1809 5257 Turonensis
1844 5201 1993 5275 episeopus

298 5294 410 5349 scandis
428 5293 653 5363 adjuvandisque
677 5291 850 5346 maneatur!
892 5289 1036 5352 Quomodo
1063 5289 1132 5343 dici·
1159 5293 1234 5347 circa
1269 5307 1373 5347 anuum
1404 5290 1515 5345 Domini
1554 5294 1627 5344 1120.
1667 5287 1790 5343 defendit
1826 5288 1993 5345 senteutiam

299 5400 374 5445 mus,
400 5381 440 5434 eis
456 5380 554 5450 saissa
571 5378 741 5442 consultum,
760 5378 808 5449 qui
827 5377 967 5441 obierunt,
985 5384 1133 5446 antequam
1159 5378 1311 5451 Augustini
1330 5376 1490 5442 asserentis,
1510 5375 1584 5447 quod
1601 5376 1713 5429 animae
1732 5381 1895 5429 sanctorum
1913 5377 1994 5446 ipsso·

299 5468 425 5520 uenirent
445 5467 530 5536 malo,
549 5482 621 5536 quoe
639 5464 755 5519 illorum
774 5465 876 5518 obitum
895 5471 1044 5518 consecuta
1062 5472 1132 5531 sunt,
1160 5473 1231 5532 rent,
1251 5465 1321 5535 qnid
1340 5467 1370 5519 in
1387 5465 1441 5517 hae
1459 5464 1518 5517 eila
1533 5468 1745 5533 opulentiaque
1765 5461 1830 5516 iude
1848 5463 1996 5535 conclusit,

299 5553 327 5606 si
345 5559 371 5606 et
395 5562 463 5622 post
493 5561 608 5608 mortem
636 5551 771 5620 sentiunt,
800 5566 979 5621 quaecunque
1003 5551 1034 5604 irs
1059 5551 1134 5605 meae
1160 5551 1267 5606 otiosas
1286 5567 1345 5605 esse
1363 5550 1498 5618 litanias,
1522 5549 1620 5618 quibus
1640 5565 1766 5611 ονοοιιοο,
1792 5555 1823 5602 ut
1835 5564 1894 5618 pro
1913 5550 1996 5606 nobis

299 5640 439 5696 humanae
478 5640 640 5696 calamitate
680 5638 865 5708 cmuinquntt
903 5655 942 5692 an
976 5639 1053 5704 sorte
1082 5654 1134 5692 nos
1161 5645 1254 5702 ονονιι,
1274 5654 1335 5691 cum
1353 5651 1404 5690 nec
1423 5635 1543 5690 audmnt
1561 5651 1625 5704 nos,
1648 5650 1699 5689 nec
1714 5634 1819 5700 ιοίοιιι,
1838 5636 1911 5705 quid
1926 5654 1998 5709 aqa-
