<?xml version="1.0" encoding="UTF-8"?>
<!DOCTYPE html PUBLIC "-//W3C//DTD XHTML 1.0 Transitional//EN"
    "http://www.w3.org/TR/xhtml1/DTD/xhtml1-transitional.dtd">
<html xmlns="http://www.w3.org/1999/xhtml" xml:lang="en" lang="en">
 <head>
  <title>
</title>
<meta http-equiv="Content-Type" content="text/html;charset=utf-8" />
  <meta name='ocr-system' content='tesseract 3.04.00' />
  <meta name='ocr-capabilities' content='ocr_page ocr_carea ocr_par ocr_line ocrx_word'/>
</head>
<body>
  <div class='ocr_page' id='page_1' title='image "./locitheologicit00gerhgoog_0352.png"; bbox 0 0 4104 6014; ppageno 0'>
   <div class='ocr_carea' id='block_1_1' title="bbox 881 175 1836 251">
    <p class='ocr_par' dir='ltr' id='par_1_1' title="bbox 881 175 1836 251">
     <span class='ocr_line' id='line_1_1' title="bbox 881 175 1836 251; baseline 0 -18"><span class='ocrx_word' id='word_1_1' title='bbox 881 178 934 234; x_wconf 81' lang='lat' dir='ltr'><strong>ba</strong></span> <span class='ocrx_word' id='word_1_2' title='bbox 953 175 1093 233; x_wconf 82' lang='lat' dir='ltr'>MORTE.</span> <span class='ocrx_word' id='word_1_3' title='bbox 1777 193 1836 251; x_wconf 75' lang='lat'><strong>339</strong></span> 
     </span>
    </p>
   </div>
   <div class='ocr_carea' id='block_1_2' title="bbox 10 332 1922 3863">
    <p class='ocr_par' dir='ltr' id='par_1_2' title="bbox 10 332 1922 3863">
     <span class='ocr_line' id='line_1_2' title="bbox 137 332 1837 412; baseline 0.004 -25"><span class='ocrx_word' id='word_1_4' title='bbox 137 332 224 388; x_wconf 84' lang='lat' dir='ltr'><strong>stiam</strong></span> <span class='ocrx_word' id='word_1_5' title='bbox 243 337 286 390; x_wconf 82' lang='lat' dir='ltr'><strong>ad</strong></span> <span class='ocrx_word' id='word_1_6' title='bbox 309 343 428 404; x_wconf 67' lang='lat' dir='ltr'><strong>sandes,</strong></span> <span class='ocrx_word' id='word_1_7' title='bbox 450 339 524 393; x_wconf 80' lang='lat' dir='ltr'><strong>siout</strong></span> <span class='ocrx_word' id='word_1_8' title='bbox 539 337 604 408; x_wconf 88' lang='lat' dir='ltr'><strong>ipsa</strong></span> <span class='ocrx_word' id='word_1_9' title='bbox 621 338 769 404; x_wconf 75' lang='lat' dir='ltr'><strong><em>invocatio,</em></strong></span> <span class='ocrx_word' id='word_1_10' title='bbox 795 344 821 391; x_wconf 88' lang='lat' dir='ltr'><strong>et</strong></span> <span class='ocrx_word' id='word_1_11' title='bbox 839 352 898 389; x_wconf 83' lang='lat' dir='ltr'><strong>esse</strong></span> <span class='ocrx_word' id='word_1_12' title='bbox 917 336 974 389; x_wconf 87' lang='lat' dir='ltr'><strong>eni·</strong></span> <span class='ocrx_word' id='word_1_13' title='bbox 1003 333 1103 398; x_wconf 88' lang='lat' dir='ltr'><strong>dicore,</strong></span> <span class='ocrx_word' id='word_1_14' title='bbox 1128 341 1157 390; x_wconf 92' lang='lat' dir='ltr'><strong>et</strong></span> <span class='ocrx_word' id='word_1_15' title='bbox 1176 337 1199 390; x_wconf 91' lang='lat' dir='ltr'><strong>si</strong></span> <span class='ocrx_word' id='word_1_16' title='bbox 1220 337 1312 393; x_wconf 89' lang='lat' dir='ltr'><strong>dicere</strong></span> <span class='ocrx_word' id='word_1_17' title='bbox 1328 335 1404 406; x_wconf 75' lang='lat' dir='ltr'><strong>velit,</strong></span> <span class='ocrx_word' id='word_1_18' title='bbox 1426 355 1483 393; x_wconf 91' lang='lat' dir='ltr'><strong>non</strong></span> <span class='ocrx_word' id='word_1_19' title='bbox 1502 343 1596 409; x_wconf 89' lang='lat' dir='ltr'><strong>potest</strong></span> <span class='ocrx_word' id='word_1_20' title='bbox 1615 338 1742 409; x_wconf 88' lang='lat' dir='ltr'><strong>probare,</strong></span> <span class='ocrx_word' id='word_1_21' title='bbox 1763 339 1837 412; x_wconf 86' lang='lat' dir='ltr'><strong>quod</strong></span> 
     </span>
     <span class='ocr_line' id='line_1_3' title="bbox 138 421 1836 496; baseline 0.005 -22"><span class='ocrx_word' id='word_1_22' title='bbox 138 428 197 474; x_wconf 88' lang='lat' dir='ltr'><strong>tum</strong></span> <span class='ocrx_word' id='word_1_23' title='bbox 220 423 386 493; x_wconf 81' lang='lat' dir='ltr'><strong>reiipionis,</strong></span> <span class='ocrx_word' id='word_1_24' title='bbox 413 433 444 478; x_wconf 90' lang='lat' dir='ltr'><strong>ut</strong></span> <span class='ocrx_word' id='word_1_25' title='bbox 460 434 500 479; x_wconf 89' lang='lat' dir='ltr'><strong>est</strong></span> <span class='ocrx_word' id='word_1_26' title='bbox 520 444 618 480; x_wconf 87' lang='lat' dir='ltr'><strong>nomen</strong></span> <span class='ocrx_word' id='word_1_27' title='bbox 638 426 778 495; x_wconf 78' lang='lat' dir='ltr'><strong>peneraie.</strong></span> <span class='ocrx_word' id='word_1_28' title='bbox 816 422 974 478; x_wconf 82' lang='lat' dir='ltr'><strong>Antoninus</strong></span> <span class='ocrx_word' id='word_1_29' title='bbox 1005 421 1147 477; x_wconf 73' lang='lat' dir='ltr'><strong>israelitae</strong></span> <span class='ocrx_word' id='word_1_30' title='bbox 1172 440 1265 477; x_wconf 88' lang='lat' dir='ltr'><strong>arcam</strong></span> <span class='ocrx_word' id='word_1_31' title='bbox 1284 424 1413 496; x_wconf 84' lang='lat' dir='ltr'><strong>religiose</strong></span> <span class='ocrx_word' id='word_1_32' title='bbox 1432 425 1636 495; x_wconf 88' lang='lat' dir='ltr'><strong>invocaverint,</strong></span> <span class='ocrx_word' id='word_1_33' title='bbox 1663 427 1836 482; x_wconf 88' lang='lat' dir='ltr'><strong>intercessio·</strong></span> 
     </span>
     <span class='ocr_line' id='line_1_4' title="bbox 137 509 1836 583; baseline 0.003 -21"><span class='ocrx_word' id='word_1_34' title='bbox 137 512 210 577; x_wconf 83' lang='lat' dir='ltr'><strong>part.</strong></span> <span class='ocrx_word' id='word_1_35' title='bbox 236 515 259 564; x_wconf 81' lang='lat' dir='ltr'><strong>t.</strong></span> <span class='ocrx_word' id='word_1_36' title='bbox 288 527 384 564; x_wconf 87' lang='lat' dir='ltr'><strong>summ.</strong></span> <span class='ocrx_word' id='word_1_37' title='bbox 415 511 488 567; x_wconf 89' lang='lat' dir='ltr'><strong>titul.</strong></span> <span class='ocrx_word' id='word_1_38' title='bbox 518 518 555 567; x_wconf 83' lang='lat'><strong>15.</strong></span> <span class='ocrx_word' id='word_1_39' title='bbox 582 528 644 582; x_wconf 89' lang='lat' dir='ltr'><strong>cap.</strong></span> <span class='ocrx_word' id='word_1_40' title='bbox 665 517 704 568; x_wconf 81' lang='grc'><strong>24.</strong></span> <span class='ocrx_word' id='word_1_41' title='bbox 734 509 762 583; x_wconf 64' lang='grc' dir='ltr'><strong>ξ.</strong></span> <span class='ocrx_word' id='word_1_42' title='bbox 782 516 807 565; x_wconf 87' lang='grc'><strong>3.</strong></span> <span class='ocrx_word' id='word_1_43' title='bbox 836 511 975 577; x_wconf 81' lang='lat' dir='ltr'><strong>observat,</strong></span> <span class='ocrx_word' id='word_1_44' title='bbox 1003 523 1082 572; x_wconf 88' lang='lat' dir='ltr'><strong>nem,</strong></span> <span class='ocrx_word' id='word_1_45' title='bbox 1110 526 1191 578; x_wconf 90' lang='lat' dir='ltr'><strong>opem</strong></span> <span class='ocrx_word' id='word_1_46' title='bbox 1220 517 1249 564; x_wconf 91' lang='lat' dir='ltr'><strong>et</strong></span> <span class='ocrx_word' id='word_1_47' title='bbox 1277 511 1409 565; x_wconf 90' lang='lat' dir='ltr'><strong>auxilium</strong></span> <span class='ocrx_word' id='word_1_48' title='bbox 1436 510 1472 565; x_wconf 90' lang='lat' dir='ltr'><strong>ab</strong></span> <span class='ocrx_word' id='word_1_49' title='bbox 1495 527 1530 566; x_wconf 88' lang='lat' dir='ltr'><strong>aa</strong></span> <span class='ocrx_word' id='word_1_50' title='bbox 1551 511 1732 581; x_wconf 88' lang='lat' dir='ltr'><strong>implorando.</strong></span> <span class='ocrx_word' id='word_1_51' title='bbox 1772 513 1836 583; x_wconf 89' lang='lat' dir='ltr'><strong>Ipse</strong></span> 
     </span>
     <span class='ocr_line' id='line_1_5' title="bbox 139 592 1836 671; baseline 0.002 -24"><span class='ocrx_word' id='word_1_52' title='bbox 139 592 215 664; x_wconf 90' lang='lat' dir='ltr'><strong>qnod</strong></span> <span class='ocrx_word' id='word_1_53' title='bbox 240 612 304 650; x_wconf 87' lang='lat' dir='ltr'><strong>cum</strong></span> <span class='ocrx_word' id='word_1_54' title='bbox 322 597 352 651; x_wconf 91' lang='lat' dir='ltr'><strong>in</strong></span> <span class='ocrx_word' id='word_1_55' title='bbox 373 596 492 653; x_wconf 87' lang='lat' dir='ltr'><strong>ecclesia</strong></span> <span class='ocrx_word' id='word_1_56' title='bbox 509 600 566 653; x_wconf 87' lang='lat' dir='ltr'><strong>sint</strong></span> <span class='ocrx_word' id='word_1_57' title='bbox 585 605 647 653; x_wconf 90' lang='lat' dir='ltr'><strong>octo</strong></span> <span class='ocrx_word' id='word_1_58' title='bbox 666 597 848 652; x_wconf 76' lang='lat' dir='ltr'><strong>solennitates</strong></span> <span class='ocrx_word' id='word_1_59' title='bbox 866 596 928 650; x_wconf 87' lang='lat' dir='ltr'><strong>Deo</strong></span> <span class='ocrx_word' id='word_1_60' title='bbox 945 596 973 648; x_wconf 93' lang='lat' dir='ltr'><strong>in</strong></span> <span class='ocrx_word' id='word_1_61' title='bbox 1003 592 1186 648; x_wconf 90' lang='lat' dir='ltr'><strong>Bellarminus</strong></span> <span class='ocrx_word' id='word_1_62' title='bbox 1211 595 1246 650; x_wconf 91' lang='lat' dir='ltr'><strong>de</strong></span> <span class='ocrx_word' id='word_1_63' title='bbox 1269 595 1342 651; x_wconf 90' lang='lat' dir='ltr'><strong>beat.</strong></span> <span class='ocrx_word' id='word_1_64' title='bbox 1363 603 1450 652; x_wconf 86' lang='lat' dir='ltr'><strong>sanct</strong></span> <span class='ocrx_word' id='word_1_65' title='bbox 1468 614 1529 667; x_wconf 89' lang='lat' dir='ltr'><strong>cap.</strong></span> <span class='ocrx_word' id='word_1_66' title='bbox 1555 601 1590 651; x_wconf 88' lang='grc'><strong>19.</strong></span> <span class='ocrx_word' id='word_1_67' title='bbox 1612 594 1640 671; x_wconf 67' lang='grc' dir='ltr'><strong>ξ.</strong></span> <span class='ocrx_word' id='word_1_68' title='bbox 1659 604 1683 653; x_wconf 85' lang='grc'><strong>2.</strong></span> <span class='ocrx_word' id='word_1_69' title='bbox 1704 598 1836 667; x_wconf 89' lang='lat' dir='ltr'><strong>disputat,</strong></span> 
     </span>
     <span class='ocr_line' id='line_1_6' title="bbox 137 680 1834 753; baseline 0.001 -19"><span class='ocrx_word' id='word_1_70' title='bbox 137 681 227 735; x_wconf 89' lang='lat' dir='ltr'><strong>solum</strong></span> <span class='ocrx_word' id='word_1_71' title='bbox 246 681 334 753; x_wconf 88' lang='lat' dir='ltr'><strong>ipsius</strong></span> <span class='ocrx_word' id='word_1_72' title='bbox 349 684 454 738; x_wconf 89' lang='lat' dir='ltr'><strong>cultum</strong></span> <span class='ocrx_word' id='word_1_73' title='bbox 468 684 586 749; x_wconf 87' lang='lat' dir='ltr'><strong>dicatae,</strong></span> <span class='ocrx_word' id='word_1_74' title='bbox 604 685 709 739; x_wconf 86' lang='lat' dir='ltr'><strong>scilicet</strong></span> <span class='ocrx_word' id='word_1_75' title='bbox 729 683 889 751; x_wconf 65' lang='lat' dir='ltr'><strong>Trinitatis,</strong></span> <span class='ocrx_word' id='word_1_76' title='bbox 903 699 973 750; x_wconf 90' lang='lat' dir='ltr'><strong>pen·</strong></span> <span class='ocrx_word' id='word_1_77' title='bbox 1002 697 1057 732; x_wconf 95' lang='lat' dir='ltr'><strong>non</strong></span> <span class='ocrx_word' id='word_1_78' title='bbox 1070 681 1161 743; x_wconf 75' lang='lat' dir='ltr'><strong>fuisse</strong></span> <span class='ocrx_word' id='word_1_79' title='bbox 1180 683 1209 733; x_wconf 91' lang='lat' dir='ltr'><strong>in</strong></span> <span class='ocrx_word' id='word_1_80' title='bbox 1227 680 1256 738; x_wconf 81' lang='lat' dir='ltr'><strong>V,</strong></span> <span class='ocrx_word' id='word_1_81' title='bbox 1277 683 1308 734; x_wconf 89' lang='lat' dir='ltr'><strong>T.</strong></span> <span class='ocrx_word' id='word_1_82' title='bbox 1328 691 1496 749; x_wconf 88' lang='lat' dir='ltr'><strong>consuetum,</strong></span> <span class='ocrx_word' id='word_1_83' title='bbox 1516 691 1546 736; x_wconf 91' lang='lat' dir='ltr'><strong>ut</strong></span> <span class='ocrx_word' id='word_1_84' title='bbox 1566 685 1717 752; x_wconf 81' lang='lat' dir='ltr'><strong><em>diceretur,</em></strong></span> <span class='ocrx_word' id='word_1_85' title='bbox 1738 691 1834 736; x_wconf 87' lang='lat' dir='ltr'><strong>sancte</strong></span> 
     </span>
     <span class='ocr_line' id='line_1_7' title="bbox 138 766 1835 839; baseline 0.001 -19"><span class='ocrx_word' id='word_1_86' title='bbox 138 775 260 836; x_wconf 81' lang='lat' dir='ltr'><strong>tscostes,</strong></span> <span class='ocrx_word' id='word_1_87' title='bbox 287 770 453 831; x_wconf 86' lang='lat' dir='ltr'><strong>natiuitatis.</strong></span> <span class='ocrx_word' id='word_1_88' title='bbox 472 771 703 839; x_wconf 84' lang='lat' dir='ltr'><strong>circumcisionis,</strong></span> <span class='ocrx_word' id='word_1_89' title='bbox 730 770 907 839; x_wconf 75' lang='lat' dir='ltr'><strong>epiphaniae,</strong></span> <span class='ocrx_word' id='word_1_90' title='bbox 931 784 973 820; x_wconf 87' lang='lat' dir='ltr'><strong>re·</strong></span> <span class='ocrx_word' id='word_1_91' title='bbox 1003 766 1146 820; x_wconf 81' lang='lat' dir='ltr'><strong>Abrabam</strong></span> <span class='ocrx_word' id='word_1_92' title='bbox 1180 785 1233 820; x_wconf 89' lang='lat' dir='ltr'><strong>ora</strong></span> <span class='ocrx_word' id='word_1_93' title='bbox 1248 785 1304 836; x_wconf 86' lang='lat' dir='ltr'><strong>pro</strong></span> <span class='ocrx_word' id='word_1_94' title='bbox 1327 785 1378 825; x_wconf 90' lang='lat' dir='ltr'><strong>me.</strong></span> <span class='ocrx_word' id='word_1_95' title='bbox 1418 767 1523 832; x_wconf 82' lang='lat' dir='ltr'><strong>Quodsi</strong></span> <span class='ocrx_word' id='word_1_96' title='bbox 1550 785 1616 839; x_wconf 89' lang='lat' dir='ltr'><strong>ergo</strong></span> <span class='ocrx_word' id='word_1_97' title='bbox 1641 769 1731 822; x_wconf 90' lang='lat' dir='ltr'><strong>sancti</strong></span> <span class='ocrx_word' id='word_1_98' title='bbox 1759 767 1835 838; x_wconf 89' lang='lat' dir='ltr'><strong>apud</strong></span> 
     </span>
     <span class='ocr_line' id='line_1_8' title="bbox 137 851 1835 928; baseline 0.002 -22"><span class='ocrx_word' id='word_1_99' title='bbox 137 855 331 924; x_wconf 68' lang='lat' dir='ltr'><strong>eorrectionis,</strong></span> <span class='ocrx_word' id='word_1_100' title='bbox 357 857 530 910; x_wconf 65' lang='lat' dir='ltr'><strong>messuariis</strong></span> <span class='ocrx_word' id='word_1_101' title='bbox 558 865 584 911; x_wconf 89' lang='lat' dir='ltr'><strong>et</strong></span> <span class='ocrx_word' id='word_1_102' title='bbox 610 858 739 928; x_wconf 85' lang='lat' dir='ltr'><strong>corporis</strong></span> <span class='ocrx_word' id='word_1_103' title='bbox 767 856 881 924; x_wconf 79' lang='lat' dir='ltr'><strong>Christi,</strong></span> <span class='ocrx_word' id='word_1_104' title='bbox 910 854 973 908; x_wconf 91' lang='lat' dir='ltr'><strong>toti·</strong></span> <span class='ocrx_word' id='word_1_105' title='bbox 1002 851 1092 905; x_wconf 89' lang='lat' dir='ltr'><strong>Deum</strong></span> <span class='ocrx_word' id='word_1_106' title='bbox 1114 852 1239 908; x_wconf 86' lang='lat' dir='ltr'><strong>viventes</strong></span> <span class='ocrx_word' id='word_1_107' title='bbox 1262 871 1317 908; x_wconf 92' lang='lat' dir='ltr'><strong>non</strong></span> <span class='ocrx_word' id='word_1_108' title='bbox 1336 855 1414 909; x_wconf 85' lang='lat' dir='ltr'><strong>fuere</strong></span> <span class='ocrx_word' id='word_1_109' title='bbox 1431 855 1460 909; x_wconf 91' lang='lat' dir='ltr'><strong>in</strong></span> <span class='ocrx_word' id='word_1_110' title='bbox 1478 854 1512 911; x_wconf 90' lang='lat' dir='ltr'><strong>V.</strong></span> <span class='ocrx_word' id='word_1_111' title='bbox 1532 855 1564 909; x_wconf 89' lang='lat' dir='ltr'><strong>T.</strong></span> <span class='ocrx_word' id='word_1_112' title='bbox 1583 855 1710 918; x_wconf 81' lang='lat' dir='ltr'><strong>invocati,</strong></span> <span class='ocrx_word' id='word_1_113' title='bbox 1731 861 1835 925; x_wconf 88' lang='lat' dir='ltr'><strong>quanto</strong></span> 
     </span>
     <span class='ocr_line' id='line_1_9' title="bbox 139 937 1835 1007; baseline 0 -14"><span class='ocrx_word' id='word_1_114' title='bbox 139 938 203 993; x_wconf 90' lang='lat' dir='ltr'><strong>dem</strong></span> <span class='ocrx_word' id='word_1_115' title='bbox 224 940 308 994; x_wconf 88' lang='lat' dir='ltr'><strong>etiam</strong></span> <span class='ocrx_word' id='word_1_116' title='bbox 333 941 503 998; x_wconf 84' lang='lat' dir='ltr'><strong>universales</strong></span> <span class='ocrx_word' id='word_1_117' title='bbox 528 941 695 998; x_wconf 86' lang='lat' dir='ltr'><strong>festivitates</strong></span> <span class='ocrx_word' id='word_1_118' title='bbox 713 944 742 997; x_wconf 92' lang='lat' dir='ltr'><strong>in</strong></span> <span class='ocrx_word' id='word_1_119' title='bbox 761 941 892 996; x_wconf 89' lang='lat' dir='ltr'><strong>honorem</strong></span> <span class='ocrx_word' id='word_1_120' title='bbox 910 938 973 993; x_wconf 92' lang='lat' dir='ltr'><strong>Vir·</strong></span> <span class='ocrx_word' id='word_1_121' title='bbox 1002 937 1092 992; x_wconf 92' lang='lat' dir='ltr'><strong>minus</strong></span> <span class='ocrx_word' id='word_1_122' title='bbox 1111 938 1254 1007; x_wconf 83' lang='lat' dir='ltr'><strong>probabile</strong></span> <span class='ocrx_word' id='word_1_123' title='bbox 1271 948 1321 1004; x_wconf 89' lang='lat' dir='ltr'><strong>est,</strong></span> <span class='ocrx_word' id='word_1_124' title='bbox 1340 957 1433 995; x_wconf 87' lang='lat' dir='ltr'><strong>arcam</strong></span> <span class='ocrx_word' id='word_1_125' title='bbox 1446 941 1594 995; x_wconf 88' lang='lat' dir='ltr'><strong>inanimem</strong></span> <span class='ocrx_word' id='word_1_126' title='bbox 1607 947 1635 995; x_wconf 93' lang='lat' dir='ltr'><strong>et</strong></span> <span class='ocrx_word' id='word_1_127' title='bbox 1647 940 1835 995; x_wconf 90' lang='lat' dir='ltr'><strong>insensibilem</strong></span> 
     </span>
     <span class='ocr_line' id='line_1_10' title="bbox 139 1023 1834 1100; baseline 0 -21"><span class='ocrx_word' id='word_1_128' title='bbox 139 1026 214 1097; x_wconf 76' lang='lat' dir='ltr'><strong>ginis</strong></span> <span class='ocrx_word' id='word_1_129' title='bbox 231 1028 379 1097; x_wconf 80' lang='lat' dir='ltr'><strong>quotannis</strong></span> <span class='ocrx_word' id='word_1_130' title='bbox 398 1027 581 1091; x_wconf 82' lang='lat' dir='ltr'><strong>celebrentur,</strong></span> <span class='ocrx_word' id='word_1_131' title='bbox 607 1045 675 1100; x_wconf 89' lang='lat' dir='ltr'><strong>quas</strong></span> <span class='ocrx_word' id='word_1_132' title='bbox 695 1027 747 1083; x_wconf 94' lang='lat' dir='ltr'><strong>hoc</strong></span> <span class='ocrx_word' id='word_1_133' title='bbox 765 1029 862 1082; x_wconf 89' lang='lat' dir='ltr'><strong>ordine</strong></span> <span class='ocrx_word' id='word_1_134' title='bbox 880 1042 974 1080; x_wconf 91' lang='lat' dir='ltr'><strong>recen-</strong></span> <span class='ocrx_word' id='word_1_135' title='bbox 1002 1023 1157 1078; x_wconf 78' lang='lat' dir='ltr'><strong>invocatam</strong></span> <span class='ocrx_word' id='word_1_136' title='bbox 1185 1025 1279 1080; x_wconf 87' lang='lat' dir='ltr'><strong>fuisse.</strong></span> <span class='ocrx_word' id='word_1_137' title='bbox 1318 1032 1342 1082; x_wconf 83' lang='lat'><strong>2.</strong></span> <span class='ocrx_word' id='word_1_138' title='bbox 1370 1028 1400 1079; x_wconf 87' lang='lat' dir='ltr'><strong>Si</strong></span> <span class='ocrx_word' id='word_1_139' title='bbox 1426 1044 1481 1081; x_wconf 94' lang='lat' dir='ltr'><strong>non</strong></span> <span class='ocrx_word' id='word_1_140' title='bbox 1512 1027 1547 1082; x_wconf 90' lang='lat' dir='ltr'><strong>de</strong></span> <span class='ocrx_word' id='word_1_141' title='bbox 1572 1027 1719 1098; x_wconf 74' lang='lat' dir='ltr'><strong>religiosae</strong></span> <span class='ocrx_word' id='word_1_142' title='bbox 1738 1026 1834 1081; x_wconf 90' lang='lat' dir='ltr'><strong>adore·</strong></span> 
     </span>
     <span class='ocr_line' id='line_1_11' title="bbox 137 1109 1831 1184; baseline 0.001 -19"><span class='ocrx_word' id='word_1_143' title='bbox 137 1112 297 1167; x_wconf 83' lang='lat' dir='ltr'><strong>setSuaren</strong></span> <span class='ocrx_word' id='word_1_144' title='bbox 316 1120 383 1168; x_wconf 90' lang='lat' dir='ltr'><strong>tom.</strong></span> <span class='ocrx_word' id='word_1_145' title='bbox 404 1119 426 1170; x_wconf 80' lang='lat'><strong>2.</strong></span> <span class='ocrx_word' id='word_1_146' title='bbox 446 1119 590 1170; x_wconf 89' lang='lat' dir='ltr'><strong>comment.</strong></span> <span class='ocrx_word' id='word_1_147' title='bbox 608 1115 637 1169; x_wconf 92' lang='lat' dir='ltr'><strong>in</strong></span> <span class='ocrx_word' id='word_1_148' title='bbox 659 1115 795 1168; x_wconf 85' lang='lat' dir='ltr'><strong>Thomsm</strong></span> <span class='ocrx_word' id='word_1_149' title='bbox 819 1114 973 1183; x_wconf 67' lang='lat' dir='ltr'><strong>disputat.</strong></span> <span class='ocrx_word' id='word_1_150' title='bbox 1000 1109 1083 1163; x_wconf 88' lang='lat' dir='ltr'><strong>tionis</strong></span> <span class='ocrx_word' id='word_1_151' title='bbox 1103 1111 1180 1165; x_wconf 91' lang='lat' dir='ltr'><strong>cultu</strong></span> <span class='ocrx_word' id='word_1_152' title='bbox 1197 1112 1226 1166; x_wconf 93' lang='lat' dir='ltr'><strong>in</strong></span> <span class='ocrx_word' id='word_1_153' title='bbox 1247 1114 1348 1182; x_wconf 91' lang='lat' dir='ltr'><strong>specie,</strong></span> <span class='ocrx_word' id='word_1_154' title='bbox 1376 1113 1424 1168; x_wconf 88' lang='lat' dir='ltr'><strong>sed</strong></span> <span class='ocrx_word' id='word_1_155' title='bbox 1444 1114 1479 1168; x_wconf 91' lang='lat' dir='ltr'><strong>de</strong></span> <span class='ocrx_word' id='word_1_156' title='bbox 1497 1114 1626 1184; x_wconf 84' lang='lat' dir='ltr'><strong>religioso</strong></span> <span class='ocrx_word' id='word_1_157' title='bbox 1646 1114 1722 1167; x_wconf 89' lang='lat' dir='ltr'><strong>culta</strong></span> <span class='ocrx_word' id='word_1_158' title='bbox 1740 1113 1769 1166; x_wconf 93' lang='lat' dir='ltr'><strong>in</strong></span> <span class='ocrx_word' id='word_1_159' title='bbox 1784 1130 1831 1183; x_wconf 83' lang='lat' dir='ltr'><strong>ge·</strong></span> 
     </span>
     <span class='ocr_line' id='line_1_12' title="bbox 138 1196 1832 1271; baseline -0.001 -17"><span class='ocrx_word' id='word_1_160' title='bbox 138 1215 164 1270; x_wconf 87' lang='lat' dir='ltr'><strong>q.</strong></span> <span class='ocrx_word' id='word_1_161' title='bbox 183 1204 224 1256; x_wconf 79' lang='lat' dir='ltr'><strong>et.</strong></span> <span class='ocrx_word' id='word_1_162' title='bbox 244 1200 321 1255; x_wconf 86' lang='lat' dir='ltr'><strong>artic.</strong></span> <span class='ocrx_word' id='word_1_163' title='bbox 341 1206 365 1256; x_wconf 81' lang='lat'><strong>4.</strong></span> <span class='ocrx_word' id='word_1_164' title='bbox 384 1208 451 1257; x_wconf 86' lang='lat' dir='ltr'><strong>sect.</strong></span> <span class='ocrx_word' id='word_1_165' title='bbox 474 1209 503 1258; x_wconf 88' lang='lat' dir='ltr'><strong>l:</strong></span> <span class='ocrx_word' id='word_1_166' title='bbox 531 1202 645 1254; x_wconf 81' lang='lat' dir='ltr'><strong>Festum</strong></span> <span class='ocrx_word' id='word_1_167' title='bbox 664 1199 894 1265; x_wconf 86' lang='lat' dir='ltr'><strong>annuntiationis,</strong></span> <span class='ocrx_word' id='word_1_168' title='bbox 922 1215 972 1265; x_wconf 91' lang='lat' dir='ltr'><strong>pu·</strong></span> <span class='ocrx_word' id='word_1_169' title='bbox 1002 1211 1066 1248; x_wconf 91' lang='lat' dir='ltr'><strong>nere</strong></span> <span class='ocrx_word' id='word_1_170' title='bbox 1090 1196 1289 1252; x_wconf 88' lang='lat' dir='ltr'><strong>Bellarminum</strong></span> <span class='ocrx_word' id='word_1_171' title='bbox 1317 1200 1394 1271; x_wconf 91' lang='lat' dir='ltr'><strong>loqui</strong></span> <span class='ocrx_word' id='word_1_172' title='bbox 1425 1199 1560 1255; x_wconf 89' lang='lat' dir='ltr'><strong>obtendas</strong></span> <span class='ocrx_word' id='word_1_173' title='bbox 1588 1201 1674 1271; x_wconf 90' lang='lat' dir='ltr'><strong>(quod</strong></span> <span class='ocrx_word' id='word_1_174' title='bbox 1700 1198 1832 1254; x_wconf 89' lang='lat' dir='ltr'><strong>videlicet</strong></span> 
     </span>
     <span class='ocr_line' id='line_1_13' title="bbox 136 1280 1834 1357; baseline -0.001 -19"><span class='ocrx_word' id='word_1_175' title='bbox 136 1285 321 1354; x_wconf 81' lang='lat' dir='ltr'><strong>rifieationis,</strong></span> <span class='ocrx_word' id='word_1_176' title='bbox 339 1288 520 1341; x_wconf 77' lang='lat' dir='ltr'><strong>assumtionis</strong></span> <span class='ocrx_word' id='word_1_177' title='bbox 538 1287 678 1355; x_wconf 81' lang='lat' dir='ltr'><strong>Virpinis,</strong></span> <span class='ocrx_word' id='word_1_178' title='bbox 697 1284 857 1340; x_wconf 89' lang='lat' dir='ltr'><strong>natiuitatis</strong></span> <span class='ocrx_word' id='word_1_179' title='bbox 880 1284 971 1351; x_wconf 86' lang='lat' dir='ltr'><strong>Virpi·</strong></span> <span class='ocrx_word' id='word_1_180' title='bbox 1001 1280 1082 1334; x_wconf 88' lang='lat' dir='ltr'><strong>detur</strong></span> <span class='ocrx_word' id='word_1_181' title='bbox 1099 1283 1199 1353; x_wconf 90' lang='lat' dir='ltr'><strong>aliquis</strong></span> <span class='ocrx_word' id='word_1_182' title='bbox 1216 1285 1307 1339; x_wconf 87' lang='lat' dir='ltr'><strong>cultus</strong></span> <span class='ocrx_word' id='word_1_183' title='bbox 1325 1287 1472 1357; x_wconf 85' lang='lat' dir='ltr'><strong>religiosus</strong></span> <span class='ocrx_word' id='word_1_184' title='bbox 1491 1287 1585 1341; x_wconf 81' lang='lat' dir='ltr'><strong>divino</strong></span> <span class='ocrx_word' id='word_1_185' title='bbox 1604 1287 1693 1340; x_wconf 92' lang='lat' dir='ltr'><strong>minor</strong></span> <span class='ocrx_word' id='word_1_186' title='bbox 1710 1292 1738 1341; x_wconf 91' lang='lat' dir='ltr'><strong>et</strong></span> <span class='ocrx_word' id='word_1_187' title='bbox 1758 1285 1834 1340; x_wconf 83' lang='lat' dir='ltr'><strong>civili</strong></span> 
     </span>
     <span class='ocr_line' id='line_1_14' title="bbox 136 1368 1832 1442; baseline 0.001 -18"><span class='ocrx_word' id='word_1_188' title='bbox 136 1372 190 1435; x_wconf 89' lang='lat' dir='ltr'><strong>nis,</strong></span> <span class='ocrx_word' id='word_1_189' title='bbox 210 1381 325 1427; x_wconf 70' lang='lat' dir='ltr'><strong>sannae</strong></span> <span class='ocrx_word' id='word_1_190' title='bbox 337 1375 454 1428; x_wconf 87' lang='lat' dir='ltr'><strong>Mariae</strong></span> <span class='ocrx_word' id='word_1_191' title='bbox 473 1376 515 1428; x_wconf 89' lang='lat' dir='ltr'><strong>ad</strong></span> <span class='ocrx_word' id='word_1_192' title='bbox 527 1375 603 1428; x_wconf 88' lang='lat' dir='ltr'><strong>niues</strong></span> <span class='ocrx_word' id='word_1_193' title='bbox 622 1373 798 1439; x_wconf 74' lang='lat' dir='ltr'><strong>visitationis,</strong></span> <span class='ocrx_word' id='word_1_194' title='bbox 817 1371 971 1439; x_wconf 85' lang='lat' dir='ltr'><strong>conceptio·</strong></span> <span class='ocrx_word' id='word_1_195' title='bbox 1001 1368 1110 1436; x_wconf 88' lang='lat' dir='ltr'><strong>major),</strong></span> <span class='ocrx_word' id='word_1_196' title='bbox 1131 1371 1296 1438; x_wconf 75' lang='lat' dir='ltr'><strong>opponimus</strong></span> <span class='ocrx_word' id='word_1_197' title='bbox 1315 1372 1431 1427; x_wconf 81' lang='lat' dir='ltr'><strong>verbum</strong></span> <span class='ocrx_word' id='word_1_198' title='bbox 1452 1375 1610 1441; x_wconf 84' lang='lat' dir='ltr'><strong>adorandi,</strong></span> <span class='ocrx_word' id='word_1_199' title='bbox 1628 1373 1701 1442; x_wconf 87' lang='lat' dir='ltr'><strong>quod</strong></span> <span class='ocrx_word' id='word_1_200' title='bbox 1723 1372 1752 1425; x_wconf 93' lang='lat' dir='ltr'><strong>in</strong></span> <span class='ocrx_word' id='word_1_201' title='bbox 1772 1387 1832 1440; x_wconf 92' lang='lat' dir='ltr'><strong>spe-</strong></span> 
     </span>
     <span class='ocr_line' id='line_1_15' title="bbox 135 1453 1835 1532; baseline 0.001 -22"><span class='ocrx_word' id='word_1_202' title='bbox 135 1457 183 1510; x_wconf 89' lang='lat' dir='ltr'><strong>nis</strong></span> <span class='ocrx_word' id='word_1_203' title='bbox 211 1457 349 1529; x_wconf 79' lang='lat' dir='ltr'><strong>Virpinis,</strong></span> <span class='ocrx_word' id='word_1_204' title='bbox 374 1462 615 1532; x_wconf 77' lang='lat' dir='ltr'><strong>praesentationis</strong></span> <span class='ocrx_word' id='word_1_205' title='bbox 646 1460 773 1529; x_wconf 73' lang='lat' dir='ltr'><strong>Virginis</strong></span> <span class='ocrx_word' id='word_1_206' title='bbox 803 1459 833 1510; x_wconf 92' lang='lat' dir='ltr'><strong>in</strong></span> <span class='ocrx_word' id='word_1_207' title='bbox 860 1456 972 1524; x_wconf 89' lang='lat' dir='ltr'><strong>templo,</strong></span> <span class='ocrx_word' id='word_1_208' title='bbox 1000 1453 1041 1506; x_wconf 85' lang='lat' dir='ltr'><strong>cio</strong></span> <span class='ocrx_word' id='word_1_209' title='bbox 1060 1454 1096 1508; x_wconf 91' lang='lat' dir='ltr'><strong>ad</strong></span> <span class='ocrx_word' id='word_1_210' title='bbox 1115 1456 1220 1510; x_wconf 90' lang='lat' dir='ltr'><strong>cultum</strong></span> <span class='ocrx_word' id='word_1_211' title='bbox 1239 1458 1408 1513; x_wconf 89' lang='lat' dir='ltr'><strong>adorationis</strong></span> <span class='ocrx_word' id='word_1_212' title='bbox 1426 1477 1477 1515; x_wconf 89' lang='lat' dir='ltr'><strong>nos</strong></span> <span class='ocrx_word' id='word_1_213' title='bbox 1495 1459 1616 1515; x_wconf 82' lang='lat' dir='ltr'><strong>deducit</strong></span> <span class='ocrx_word' id='word_1_214' title='bbox 1662 1458 1736 1512; x_wconf 90' lang='lat' dir='ltr'><strong>Illud</strong></span> <span class='ocrx_word' id='word_1_215' title='bbox 1757 1475 1835 1512; x_wconf 90' lang='lat' dir='ltr'><strong>nam-</strong></span> 
     </span>
     <span class='ocr_line' id='line_1_16' title="bbox 138 1541 1833 1618; baseline 0 -20"><span class='ocrx_word' id='word_1_216' title='bbox 138 1543 241 1614; x_wconf 86' lang='lat' dir='ltr'><strong>quibus</strong></span> <span class='ocrx_word' id='word_1_217' title='bbox 267 1545 335 1599; x_wconf 84' lang='lat' dir='ltr'><strong>addi</strong></span> <span class='ocrx_word' id='word_1_218' title='bbox 363 1563 445 1616; x_wconf 91' lang='lat' dir='ltr'><strong>posse</strong></span> <span class='ocrx_word' id='word_1_219' title='bbox 464 1546 534 1601; x_wconf 89' lang='lat' dir='ltr'><strong>dicit</strong></span> <span class='ocrx_word' id='word_1_220' title='bbox 557 1544 712 1618; x_wconf 76' lang='lat' dir='ltr'><strong>singulares</strong></span> <span class='ocrx_word' id='word_1_221' title='bbox 729 1545 894 1600; x_wconf 83' lang='lat' dir='ltr'><strong>testivitates</strong></span> <span class='ocrx_word' id='word_1_222' title='bbox 909 1542 972 1596; x_wconf 87' lang='lat' dir='ltr'><strong>Vir·</strong></span> <span class='ocrx_word' id='word_1_223' title='bbox 1001 1557 1055 1609; x_wconf 90' lang='lat' dir='ltr'><strong>que</strong></span> <span class='ocrx_word' id='word_1_224' title='bbox 1082 1541 1104 1594; x_wconf 91' lang='lat' dir='ltr'><strong>si</strong></span> <span class='ocrx_word' id='word_1_225' title='bbox 1134 1543 1169 1595; x_wconf 91' lang='lat' dir='ltr'><strong>de</strong></span> <span class='ocrx_word' id='word_1_226' title='bbox 1192 1543 1321 1615; x_wconf 83' lang='lat' dir='ltr'><strong>religioso</strong></span> <span class='ocrx_word' id='word_1_227' title='bbox 1346 1545 1423 1599; x_wconf 91' lang='lat' dir='ltr'><strong>cultu</strong></span> <span class='ocrx_word' id='word_1_228' title='bbox 1447 1546 1476 1599; x_wconf 94' lang='lat' dir='ltr'><strong>in</strong></span> <span class='ocrx_word' id='word_1_229' title='bbox 1499 1546 1611 1616; x_wconf 90' lang='lat' dir='ltr'><strong>propria</strong></span> <span class='ocrx_word' id='word_1_230' title='bbox 1631 1544 1833 1615; x_wconf 88' lang='lat' dir='ltr'><strong>significatione</strong></span> 
     </span>
     <span class='ocr_line' id='line_1_17' title="bbox 136 1627 1833 1702; baseline 0.001 -20"><span class='ocrx_word' id='word_1_231' title='bbox 136 1628 219 1700; x_wconf 82' lang='lat' dir='ltr'><strong>ginis,</strong></span> <span class='ocrx_word' id='word_1_232' title='bbox 237 1647 310 1701; x_wconf 86' lang='lat' dir='ltr'><strong>quac</strong></span> <span class='ocrx_word' id='word_1_233' title='bbox 330 1633 359 1686; x_wconf 92' lang='lat' dir='ltr'><strong>in</strong></span> <span class='ocrx_word' id='word_1_234' title='bbox 379 1632 495 1687; x_wconf 88' lang='lat' dir='ltr'><strong>diversis</strong></span> <span class='ocrx_word' id='word_1_235' title='bbox 512 1632 662 1702; x_wconf 80' lang='lat' dir='ltr'><strong>provinciis</strong></span> <span class='ocrx_word' id='word_1_236' title='bbox 681 1630 863 1686; x_wconf 89' lang='lat' dir='ltr'><strong>celebrantur.</strong></span> <span class='ocrx_word' id='word_1_237' title='bbox 896 1627 969 1691; x_wconf 82' lang='lat' dir='ltr'><strong>Qua·</strong></span> <span class='ocrx_word' id='word_1_238' title='bbox 1001 1627 1167 1697; x_wconf 90' lang='lat' dir='ltr'><strong>accipiatur,</strong></span> <span class='ocrx_word' id='word_1_239' title='bbox 1198 1632 1296 1701; x_wconf 90' lang='lat' dir='ltr'><strong>utique</strong></span> <span class='ocrx_word' id='word_1_240' title='bbox 1327 1632 1411 1685; x_wconf 91' lang='lat' dir='ltr'><strong>etiam</strong></span> <span class='ocrx_word' id='word_1_241' title='bbox 1440 1631 1570 1702; x_wconf 84' lang='lat' dir='ltr'><strong>religiosa</strong></span> <span class='ocrx_word' id='word_1_242' title='bbox 1601 1631 1726 1685; x_wconf 88' lang='lat' dir='ltr'><strong>adoratio</strong></span> <span class='ocrx_word' id='word_1_243' title='bbox 1752 1647 1833 1685; x_wconf 90' lang='lat' dir='ltr'><strong>arcae</strong></span> 
     </span>
     <span class='ocr_line' id='line_1_18' title="bbox 136 1710 1832 1788; baseline 0.001 -20"><span class='ocrx_word' id='word_1_244' title='bbox 136 1715 176 1770; x_wconf 85' lang='lat' dir='ltr'><strong>les</strong></span> <span class='ocrx_word' id='word_1_245' title='bbox 198 1718 312 1772; x_wconf 88' lang='lat' dir='ltr'><strong>suntin</strong></span> <span class='ocrx_word' id='word_1_246' title='bbox 330 1718 468 1788; x_wconf 87' lang='lat' dir='ltr'><strong>Hispania</strong></span> <span class='ocrx_word' id='word_1_247' title='bbox 493 1721 596 1783; x_wconf 82' lang='lat' dir='ltr'><strong>festum</strong></span> <span class='ocrx_word' id='word_1_248' title='bbox 623 1719 823 1787; x_wconf 62' lang='lat' dir='ltr'><strong>expectationis</strong></span> <span class='ocrx_word' id='word_1_249' title='bbox 846 1715 972 1783; x_wconf 79' lang='lat' dir='ltr'><strong>Virpinis</strong></span> <span class='ocrx_word' id='word_1_250' title='bbox 1000 1710 1146 1767; x_wconf 91' lang='lat' dir='ltr'><strong>tribuenda</strong></span> <span class='ocrx_word' id='word_1_251' title='bbox 1165 1714 1223 1771; x_wconf 90' lang='lat' dir='ltr'><strong>erit.</strong></span> <span class='ocrx_word' id='word_1_252' title='bbox 1238 1722 1261 1773; x_wconf 85' lang='lat'><strong>3.</strong></span> <span class='ocrx_word' id='word_1_253' title='bbox 1282 1717 1517 1788; x_wconf 77' lang='lat' dir='ltr'><strong>Distinguendum</strong></span> <span class='ocrx_word' id='word_1_254' title='bbox 1538 1723 1579 1772; x_wconf 88' lang='lat' dir='ltr'><strong>ost</strong></span> <span class='ocrx_word' id='word_1_255' title='bbox 1599 1719 1670 1771; x_wconf 88' lang='lat' dir='ltr'><strong>inter</strong></span> <span class='ocrx_word' id='word_1_256' title='bbox 1690 1725 1832 1770; x_wconf 78' lang='lat' dir='ltr'><strong>aeternam</strong></span> 
     </span>
     <span class='ocr_line' id='line_1_19' title="bbox 136 1799 1832 1876; baseline 0.001 -21"><span class='ocrx_word' id='word_1_257' title='bbox 136 1808 164 1855; x_wconf 86' lang='lat' dir='ltr'><strong>et</strong></span> <span class='ocrx_word' id='word_1_258' title='bbox 190 1804 295 1866; x_wconf 83' lang='lat' dir='ltr'><strong>festum</strong></span> <span class='ocrx_word' id='word_1_259' title='bbox 321 1807 510 1860; x_wconf 81' lang='lat' dir='ltr'><strong>descensionis</strong></span> <span class='ocrx_word' id='word_1_260' title='bbox 535 1807 676 1874; x_wconf 77' lang='lat' dir='ltr'><strong>ejusdem,</strong></span> <span class='ocrx_word' id='word_1_261' title='bbox 706 1805 780 1876; x_wconf 92' lang='lat' dir='ltr'><strong>quod</strong></span> <span class='ocrx_word' id='word_1_262' title='bbox 808 1804 837 1857; x_wconf 94' lang='lat' dir='ltr'><strong>in</strong></span> <span class='ocrx_word' id='word_1_263' title='bbox 856 1801 972 1857; x_wconf 86' lang='lat' dir='ltr'><strong>ecclesie</strong></span> <span class='ocrx_word' id='word_1_264' title='bbox 998 1799 1195 1869; x_wconf 76' lang='lat' dir='ltr'><strong>reuerentiam,</strong></span> <span class='ocrx_word' id='word_1_265' title='bbox 1224 1818 1296 1872; x_wconf 89' lang='lat' dir='ltr'><strong>quae</strong></span> <span class='ocrx_word' id='word_1_266' title='bbox 1314 1807 1398 1857; x_wconf 88' lang='lat' dir='ltr'><strong>sacris</strong></span> <span class='ocrx_word' id='word_1_267' title='bbox 1416 1804 1550 1874; x_wconf 84' lang='lat' dir='ltr'><strong>symbolis</strong></span> <span class='ocrx_word' id='word_1_268' title='bbox 1570 1803 1728 1867; x_wconf 86' lang='lat' dir='ltr'><strong>exhibetur,</strong></span> <span class='ocrx_word' id='word_1_269' title='bbox 1746 1809 1775 1858; x_wconf 89' lang='lat' dir='ltr'><strong>et</strong></span> <span class='ocrx_word' id='word_1_270' title='bbox 1792 1803 1832 1857; x_wconf 92' lang='lat' dir='ltr'><strong>in·</strong></span> 
     </span>
     <span class='ocr_line' id='line_1_20' title="bbox 133 1886 1833 1962; baseline 0.001 -21"><span class='ocrx_word' id='word_1_271' title='bbox 133 1887 271 1945; x_wconf 79' lang='lat' dir='ltr'><strong>Toletano</strong></span> <span class='ocrx_word' id='word_1_272' title='bbox 288 1893 438 1962; x_wconf 88' lang='lat' dir='ltr'><strong>praecipue</strong></span> <span class='ocrx_word' id='word_1_273' title='bbox 464 1891 595 1961; x_wconf 54' lang='lat' dir='ltr'><strong>coliium}</strong></span> <span class='ocrx_word' id='word_1_274' title='bbox 614 1899 643 1946; x_wconf 89' lang='lat' dir='ltr'><strong>et</strong></span> <span class='ocrx_word' id='word_1_275' title='bbox 661 1897 780 1962; x_wconf 76' lang='lat' dir='ltr'><strong>sueque</strong></span> <span class='ocrx_word' id='word_1_276' title='bbox 798 1889 934 1944; x_wconf 82' lang='lat' dir='ltr'><strong>festivitas</strong></span> <span class='ocrx_word' id='word_1_277' title='bbox 953 1904 970 1941; x_wconf 88' lang='lat' dir='ltr'><strong>a</strong></span> <span class='ocrx_word' id='word_1_278' title='bbox 998 1888 1040 1938; x_wconf 84' lang='lat' dir='ltr'><strong>ter</strong></span> <span class='ocrx_word' id='word_1_279' title='bbox 1058 1886 1218 1940; x_wconf 84' lang='lat' dir='ltr'><strong>interiorem</strong></span> <span class='ocrx_word' id='word_1_280' title='bbox 1237 1890 1388 1956; x_wconf 82' lang='lat' dir='ltr'><strong>relipiosae</strong></span> <span class='ocrx_word' id='word_1_281' title='bbox 1408 1891 1585 1944; x_wconf 85' lang='lat' dir='ltr'><strong>adorationis</strong></span> <span class='ocrx_word' id='word_1_282' title='bbox 1598 1891 1710 1947; x_wconf 86' lang='lat' dir='ltr'><strong>cultum.</strong></span> <span class='ocrx_word' id='word_1_283' title='bbox 1738 1889 1833 1943; x_wconf 83' lang='lat' dir='ltr'><strong>Facile</strong></span> 
     </span>
     <span class='ocr_line' id='line_1_21' title="bbox 134 1972 1832 2050; baseline 0.001 -22"><span class='ocrx_word' id='word_1_284' title='bbox 134 1972 272 2048; x_wconf 81' lang='lat' dir='ltr'><strong>Gregorio</strong></span> <span class='ocrx_word' id='word_1_285' title='bbox 290 1978 371 2035; x_wconf 87' lang='lat' dir='ltr'>XIII.</span> <span class='ocrx_word' id='word_1_286' title='bbox 398 1985 441 2033; x_wconf 88' lang='lat' dir='ltr'><strong>est</strong></span> <span class='ocrx_word' id='word_1_287' title='bbox 463 1977 632 2042; x_wconf 84' lang='lat' dir='ltr'><strong>confirmata,</strong></span> <span class='ocrx_word' id='word_1_288' title='bbox 660 1979 727 2050; x_wconf 92' lang='lat' dir='ltr'><strong>quin</strong></span> <span class='ocrx_word' id='word_1_289' title='bbox 746 1984 774 2032; x_wconf 88' lang='lat' dir='ltr'><strong>ot</strong></span> <span class='ocrx_word' id='word_1_290' title='bbox 795 1976 823 2030; x_wconf 93' lang='lat' dir='ltr'><strong>in</strong></span> <span class='ocrx_word' id='word_1_291' title='bbox 839 1975 969 2029; x_wconf 85' lang='lat' dir='ltr'><strong>universa</strong></span> <span class='ocrx_word' id='word_1_292' title='bbox 997 1972 1188 2042; x_wconf 87' lang='lat' dir='ltr'><strong>concedimus,</strong></span> <span class='ocrx_word' id='word_1_293' title='bbox 1219 1973 1360 2030; x_wconf 71' lang='lat' dir='ltr'><strong>Israeliten</strong></span> <span class='ocrx_word' id='word_1_294' title='bbox 1383 1993 1465 2031; x_wconf 89' lang='lat' dir='ltr'><strong>arcae</strong></span> <span class='ocrx_word' id='word_1_295' title='bbox 1482 1977 1615 2040; x_wconf 85' lang='lat' dir='ltr'><strong>foederis,</strong></span> <span class='ocrx_word' id='word_1_296' title='bbox 1645 1993 1832 2046; x_wconf 89' lang='lat' dir='ltr'><strong>superquam</strong></span> 
     </span>
     <span class='ocr_line' id='line_1_22' title="bbox 135 2060 1832 2135; baseline -0.001 -19"><span class='ocrx_word' id='word_1_297' title='bbox 135 2063 253 2118; x_wconf 87' lang='lat' dir='ltr'><strong>ecclesia</strong></span> <span class='ocrx_word' id='word_1_298' title='bbox 277 2064 351 2119; x_wconf 88' lang='lat' dir='ltr'><strong>diem</strong></span> <span class='ocrx_word' id='word_1_299' title='bbox 378 2064 507 2120; x_wconf 79' lang='lat' dir='ltr'><strong>sabbathi</strong></span> <span class='ocrx_word' id='word_1_300' title='bbox 531 2066 559 2119; x_wconf 92' lang='lat' dir='ltr'><strong>in</strong></span> <span class='ocrx_word' id='word_1_301' title='bbox 586 2065 754 2135; x_wconf 85' lang='lat' dir='ltr'><strong>peculiarem</strong></span> <span class='ocrx_word' id='word_1_302' title='bbox 771 2062 895 2134; x_wconf 85' lang='lat' dir='ltr'><strong>Virginis</strong></span> <span class='ocrx_word' id='word_1_303' title='bbox 913 2079 967 2116; x_wconf 89' lang='lat' dir='ltr'><strong>me·</strong></span> <span class='ocrx_word' id='word_1_304' title='bbox 997 2063 1057 2111; x_wconf 81' lang='lat' dir='ltr'><strong>erat</strong></span> <span class='ocrx_word' id='word_1_305' title='bbox 1074 2060 1296 2130; x_wconf 87' lang='lat' dir='ltr'><strong>propitiatorium</strong></span> <span class='ocrx_word' id='word_1_306' title='bbox 1315 2063 1395 2132; x_wconf 89' lang='lat' dir='ltr'><strong>qnasi</strong></span> <span class='ocrx_word' id='word_1_307' title='bbox 1413 2063 1492 2118; x_wconf 89' lang='lat' dir='ltr'><strong>sedes</strong></span> <span class='ocrx_word' id='word_1_308' title='bbox 1512 2063 1573 2130; x_wconf 87' lang='lat' dir='ltr'><strong>Dei,</strong></span> <span class='ocrx_word' id='word_1_309' title='bbox 1596 2078 1668 2133; x_wconf 87' lang='lat' dir='ltr'><strong>quae</strong></span> <span class='ocrx_word' id='word_1_310' title='bbox 1684 2063 1832 2115; x_wconf 88' lang='lat' dir='ltr'><strong>tenebatur</strong></span> 
     </span>
     <span class='ocr_line' id='line_1_23' title="bbox 134 2145 1831 2218; baseline 0.001 -17"><span class='ocrx_word' id='word_1_311' title='bbox 134 2149 251 2203; x_wconf 89' lang='lat' dir='ltr'><strong>moriam</strong></span> <span class='ocrx_word' id='word_1_312' title='bbox 268 2155 298 2204; x_wconf 90' lang='lat' dir='ltr'><strong>et</strong></span> <span class='ocrx_word' id='word_1_313' title='bbox 315 2151 447 2206; x_wconf 88' lang='lat' dir='ltr'><strong>honorem</strong></span> <span class='ocrx_word' id='word_1_314' title='bbox 464 2152 633 2207; x_wconf 87' lang='lat' dir='ltr'><strong>destinatum</strong></span> <span class='ocrx_word' id='word_1_315' title='bbox 651 2168 711 2206; x_wconf 87' lang='lat' dir='ltr'><strong>esse</strong></span> <span class='ocrx_word' id='word_1_316' title='bbox 722 2150 827 2205; x_wconf 83' lang='lat' dir='ltr'><strong>asserit</strong></span> <span class='ocrx_word' id='word_1_317' title='bbox 865 2155 904 2205; x_wconf 80' lang='lat' dir='ltr'><strong>lt.</strong></span> <span class='ocrx_word' id='word_1_318' title='bbox 920 2147 969 2204; x_wconf 86' lang='lat' dir='ltr'><strong>Co·</strong></span> <span class='ocrx_word' id='word_1_319' title='bbox 996 2145 1122 2200; x_wconf 89' lang='lat' dir='ltr'><strong>manibus</strong></span> <span class='ocrx_word' id='word_1_320' title='bbox 1149 2147 1266 2202; x_wconf 87' lang='lat' dir='ltr'><strong>duorum</strong></span> <span class='ocrx_word' id='word_1_321' title='bbox 1291 2148 1454 2218; x_wconf 83' lang='lat' dir='ltr'><strong>Cherubim,</strong></span> <span class='ocrx_word' id='word_1_322' title='bbox 1483 2156 1624 2204; x_wconf 86' lang='lat' dir='ltr'><strong>externam</strong></span> <span class='ocrx_word' id='word_1_323' title='bbox 1648 2151 1831 2204; x_wconf 84' lang='lat' dir='ltr'><strong>reverentiam</strong></span> 
     </span>
     <span class='ocr_line' id='line_1_24' title="bbox 133 2232 1831 2307; baseline 0.001 -19"><span class='ocrx_word' id='word_1_324' title='bbox 133 2235 197 2289; x_wconf 89' lang='lat' dir='ltr'><strong>lunt</strong></span> <span class='ocrx_word' id='word_1_325' title='bbox 209 2241 319 2291; x_wconf 90' lang='lat' dir='ltr'><strong>sanctos</strong></span> <span class='ocrx_word' id='word_1_326' title='bbox 331 2239 463 2306; x_wconf 75' lang='lat' dir='ltr'><strong>jejuniis,</strong></span> <span class='ocrx_word' id='word_1_327' title='bbox 482 2240 583 2303; x_wconf 89' lang='lat' dir='ltr'><strong>missis,</strong></span> <span class='ocrx_word' id='word_1_328' title='bbox 601 2238 885 2306; x_wconf 66' lang='lat' dir='ltr'><strong>peregrinationibus,</strong></span> <span class='ocrx_word' id='word_1_329' title='bbox 904 2253 968 2289; x_wconf 87' lang='lat' dir='ltr'><strong>oan-</strong></span> <span class='ocrx_word' id='word_1_330' title='bbox 996 2232 1155 2287; x_wconf 87' lang='lat' dir='ltr'><strong>exhibuisse</strong></span> <span class='ocrx_word' id='word_1_331' title='bbox 1185 2241 1214 2288; x_wconf 90' lang='lat' dir='ltr'><strong>et</strong></span> <span class='ocrx_word' id='word_1_332' title='bbox 1245 2234 1298 2290; x_wconf 90' lang='lat' dir='ltr'><strong>hac</strong></span> <span class='ocrx_word' id='word_1_333' title='bbox 1328 2236 1435 2291; x_wconf 88' lang='lat' dir='ltr'><strong>ratione</strong></span> <span class='ocrx_word' id='word_1_334' title='bbox 1464 2236 1622 2291; x_wconf 89' lang='lat' dir='ltr'><strong>interiorem</strong></span> <span class='ocrx_word' id='word_1_335' title='bbox 1652 2253 1730 2289; x_wconf 88' lang='lat' dir='ltr'><strong>suam</strong></span> <span class='ocrx_word' id='word_1_336' title='bbox 1763 2253 1831 2307; x_wconf 84' lang='lat' dir='ltr'><strong>erga</strong></span> 
     </span>
     <span class='ocr_line' id='line_1_25' title="bbox 134 2319 1831 2394; baseline 0.002 -20"><span class='ocrx_word' id='word_1_337' title='bbox 134 2322 209 2375; x_wconf 81' lang='lat' dir='ltr'><strong>detis</strong></span> <span class='ocrx_word' id='word_1_338' title='bbox 234 2325 375 2394; x_wconf 69' lang='lat' dir='ltr'><strong>accensu,</strong></span> <span class='ocrx_word' id='word_1_339' title='bbox 398 2326 529 2378; x_wconf 86' lang='lat' dir='ltr'><strong>donariis</strong></span> <span class='ocrx_word' id='word_1_340' title='bbox 557 2325 672 2389; x_wconf 88' lang='lat' dir='ltr'><strong>obbatis,</strong></span> <span class='ocrx_word' id='word_1_341' title='bbox 695 2326 796 2378; x_wconf 88' lang='lat' dir='ltr'><strong>statuis</strong></span> <span class='ocrx_word' id='word_1_342' title='bbox 818 2325 969 2390; x_wconf 70' lang='lat' dir='ltr'><strong>exornatis,</strong></span> <span class='ocrx_word' id='word_1_343' title='bbox 997 2319 1087 2374; x_wconf 91' lang='lat' dir='ltr'><strong>Deum</strong></span> <span class='ocrx_word' id='word_1_344' title='bbox 1118 2338 1202 2391; x_wconf 89' lang='lat' dir='ltr'><strong>super</strong></span> <span class='ocrx_word' id='word_1_345' title='bbox 1226 2337 1320 2377; x_wconf 91' lang='lat' dir='ltr'><strong>arcam</strong></span> <span class='ocrx_word' id='word_1_346' title='bbox 1348 2322 1467 2377; x_wconf 86' lang='lat' dir='ltr'><strong>foederis</strong></span> <span class='ocrx_word' id='word_1_347' title='bbox 1494 2321 1666 2376; x_wconf 88' lang='lat' dir='ltr'><strong>habitantem</strong></span> <span class='ocrx_word' id='word_1_348' title='bbox 1693 2329 1721 2377; x_wconf 91' lang='lat' dir='ltr'><strong>et</strong></span> <span class='ocrx_word' id='word_1_349' title='bbox 1747 2340 1831 2392; x_wconf 91' lang='lat' dir='ltr'><strong>pecu·</strong></span> 
     </span>
     <span class='ocr_line' id='line_1_26' title="bbox 137 2406 1830 2479; baseline 0.002 -19"><span class='ocrx_word' id='word_1_350' title='bbox 137 2409 236 2478; x_wconf 74' lang='lat' dir='ltr'><strong>suffitu</strong></span> <span class='ocrx_word' id='word_1_351' title='bbox 263 2410 369 2476; x_wconf 81' lang='lat' dir='ltr'><strong>tiaris,</strong></span> <span class='ocrx_word' id='word_1_352' title='bbox 395 2411 502 2477; x_wconf 78' lang='lat' dir='ltr'><strong>sipiiir&#39;s</strong></span> <span class='ocrx_word' id='word_1_353' title='bbox 525 2416 578 2465; x_wconf 92' lang='lat' dir='ltr'><strong>etc.</strong></span> <span class='ocrx_word' id='word_1_354' title='bbox 603 2416 634 2465; x_wconf 90' lang='lat' dir='ltr'><strong>ut</strong></span> <span class='ocrx_word' id='word_1_355' title='bbox 659 2427 692 2463; x_wconf 85' lang='lat' dir='ltr'><strong>ex</strong></span> <span class='ocrx_word' id='word_1_356' title='bbox 717 2410 795 2479; x_wconf 88' lang='lat' dir='ltr'><strong>praxi</strong></span> <span class='ocrx_word' id='word_1_357' title='bbox 813 2409 901 2463; x_wconf 87' lang='lat' dir='ltr'><strong>cuivis</strong></span> <span class='ocrx_word' id='word_1_358' title='bbox 919 2409 970 2462; x_wconf 92' lang='lat' dir='ltr'><strong>ob-</strong></span> <span class='ocrx_word' id='word_1_359' title='bbox 996 2406 1059 2460; x_wconf 90' lang='lat' dir='ltr'><strong>liari</strong></span> <span class='ocrx_word' id='word_1_360' title='bbox 1083 2408 1164 2462; x_wconf 92' lang='lat' dir='ltr'><strong>modo</strong></span> <span class='ocrx_word' id='word_1_361' title='bbox 1191 2409 1312 2479; x_wconf 86' lang='lat' dir='ltr'><strong>gratiose</strong></span> <span class='ocrx_word' id='word_1_362' title='bbox 1337 2415 1512 2479; x_wconf 89' lang='lat' dir='ltr'><strong>praesentem</strong></span> <span class='ocrx_word' id='word_1_363' title='bbox 1531 2409 1713 2463; x_wconf 81' lang='lat' dir='ltr'><strong>reverentiam</strong></span> <span class='ocrx_word' id='word_1_364' title='bbox 1733 2408 1830 2463; x_wconf 87' lang='lat' dir='ltr'><strong>testifi-</strong></span> 
     </span>
     <span class='ocr_line' id='line_1_27' title="bbox 133 2491 1830 2566; baseline 0.001 -19"><span class='ocrx_word' id='word_1_365' title='bbox 133 2493 219 2548; x_wconf 79' lang='lat' dir='ltr'><strong>rium.</strong></span> <span class='ocrx_word' id='word_1_366' title='bbox 242 2495 427 2550; x_wconf 90' lang='lat' dir='ltr'><strong>Bellarminus</strong></span> <span class='ocrx_word' id='word_1_367' title='bbox 451 2496 500 2549; x_wconf 92' lang='lat' dir='ltr'><strong>lib.</strong></span> <span class='ocrx_word' id='word_1_368' title='bbox 527 2502 549 2551; x_wconf 88' lang='lat' dir='ltr'><strong>l.</strong></span> <span class='ocrx_word' id='word_1_369' title='bbox 573 2496 608 2551; x_wconf 90' lang='lat' dir='ltr'><strong>de</strong></span> <span class='ocrx_word' id='word_1_370' title='bbox 632 2496 705 2551; x_wconf 88' lang='lat' dir='ltr'><strong>beat.</strong></span> <span class='ocrx_word' id='word_1_371' title='bbox 731 2501 817 2549; x_wconf 80' lang='lat' dir='ltr'><strong>senon</strong></span> <span class='ocrx_word' id='word_1_372' title='bbox 841 2511 902 2566; x_wconf 91' lang='lat' dir='ltr'><strong>cap.</strong></span> <span class='ocrx_word' id='word_1_373' title='bbox 924 2502 969 2551; x_wconf 84' lang='lat'><strong>13:</strong></span> <span class='ocrx_word' id='word_1_374' title='bbox 998 2499 1074 2546; x_wconf 87' lang='lat' dir='ltr'><strong>catos</strong></span> <span class='ocrx_word' id='word_1_375' title='bbox 1090 2491 1190 2562; x_wconf 85' lang='lat' dir='ltr'><strong>fuisse,</strong></span> <span class='ocrx_word' id='word_1_376' title='bbox 1218 2511 1274 2564; x_wconf 91' lang='lat' dir='ltr'><strong>qua</strong></span> <span class='ocrx_word' id='word_1_377' title='bbox 1293 2494 1328 2548; x_wconf 87' lang='lat' dir='ltr'><strong>de</strong></span> <span class='ocrx_word' id='word_1_378' title='bbox 1346 2494 1503 2549; x_wconf 85' lang='lat' dir='ltr'><strong>reverentia</strong></span> <span class='ocrx_word' id='word_1_379' title='bbox 1520 2494 1707 2566; x_wconf 85' lang='lat' dir='ltr'><strong>Hieronymus</strong></span> <span class='ocrx_word' id='word_1_380' title='bbox 1726 2494 1754 2548; x_wconf 89' lang='lat' dir='ltr'><strong>in</strong></span> <span class='ocrx_word' id='word_1_381' title='bbox 1773 2495 1830 2564; x_wconf 88' lang='lat' dir='ltr'><strong>epi·</strong></span> 
     </span>
     <span class='ocr_line' id='line_1_28' title="bbox 134 2578 1831 2653; baseline 0.001 -20"><span class='ocrx_word' id='word_1_382' title='bbox 134 2580 309 2650; x_wconf 77' lang='lat' dir='ltr'><strong>[mapinibus</strong></span> <span class='ocrx_word' id='word_1_383' title='bbox 336 2592 362 2636; x_wconf 89' lang='lat' dir='ltr'><strong>et</strong></span> <span class='ocrx_word' id='word_1_384' title='bbox 393 2584 524 2653; x_wconf 80' lang='lat' dir='ltr'><strong>reliquiis</strong></span> <span class='ocrx_word' id='word_1_385' title='bbox 553 2600 652 2636; x_wconf 73' lang='lat' dir='ltr'><strong>moues</strong></span> <span class='ocrx_word' id='word_1_386' title='bbox 681 2584 783 2637; x_wconf 82' lang='lat' dir='ltr'><strong>odores</strong></span> <span class='ocrx_word' id='word_1_387' title='bbox 818 2583 969 2652; x_wconf 85' lang='lat' dir='ltr'><strong>offerimus.</strong></span> <span class='ocrx_word' id='word_1_388' title='bbox 997 2578 1069 2633; x_wconf 88' lang='lat' dir='ltr'><strong>stola</strong></span> <span class='ocrx_word' id='word_1_389' title='bbox 1088 2580 1124 2633; x_wconf 90' lang='lat' dir='ltr'><strong>ad</strong></span> <span class='ocrx_word' id='word_1_390' title='bbox 1142 2578 1304 2634; x_wconf 87' lang='lat' dir='ltr'><strong>Marcellam</strong></span> <span class='ocrx_word' id='word_1_391' title='bbox 1322 2580 1362 2635; x_wconf 90' lang='lat' dir='ltr'><strong>sic</strong></span> <span class='ocrx_word' id='word_1_392' title='bbox 1381 2581 1492 2635; x_wconf 89' lang='lat' dir='ltr'><strong>scribit:</strong></span> <span class='ocrx_word' id='word_1_393' title='bbox 1517 2582 1726 2636; x_wconf 88' lang='lat' dir='ltr'><strong>Venerabantur</strong></span> <span class='ocrx_word' id='word_1_394' title='bbox 1745 2599 1831 2650; x_wconf 81' lang='lat' dir='ltr'><strong>quon</strong></span> 
     </span>
     <span class='ocr_line' id='line_1_29' title="bbox 136 2668 1831 2739; baseline -0.001 -17"><span class='ocrx_word' id='word_1_395' title='bbox 136 2673 174 2725; x_wconf 76' lang='lat' dir='ltr'><strong>ll.</strong></span> <span class='ocrx_word' id='word_1_396' title='bbox 194 2668 221 2722; x_wconf 82' lang='lat' dir='ltr'>A</span> <span class='ocrx_word' id='word_1_397' title='bbox 247 2671 349 2723; x_wconf 87' lang='lat' dir='ltr'><strong>sanctis</strong></span> <span class='ocrx_word' id='word_1_398' title='bbox 367 2669 590 2723; x_wconf 85' lang='lat' dir='ltr'><strong>benedictionem</strong></span> <span class='ocrx_word' id='word_1_399' title='bbox 609 2668 662 2723; x_wconf 89' lang='lat' dir='ltr'><strong>sibi</strong></span> <span class='ocrx_word' id='word_1_400' title='bbox 684 2676 714 2722; x_wconf 89' lang='lat' dir='ltr'><strong>et</strong></span> <span class='ocrx_word' id='word_1_401' title='bbox 732 2668 794 2722; x_wconf 90' lang='lat' dir='ltr'><strong>aliis</strong></span> <span class='ocrx_word' id='word_1_402' title='bbox 812 2674 968 2738; x_wconf 88' lang='lat' dir='ltr'><strong>precantur.</strong></span> <span class='ocrx_word' id='word_1_403' title='bbox 998 2668 1064 2718; x_wconf 84' lang='lat' dir='ltr'><strong>dam</strong></span> <span class='ocrx_word' id='word_1_404' title='bbox 1083 2668 1195 2720; x_wconf 84' lang='lat' dir='ltr'><strong>Judaei</strong></span> <span class='ocrx_word' id='word_1_405' title='bbox 1210 2675 1310 2720; x_wconf 86' lang='lat' dir='ltr'><strong>sancta</strong></span> <span class='ocrx_word' id='word_1_406' title='bbox 1329 2676 1499 2737; x_wconf 83' lang='lat' dir='ltr'><strong>sanctorum,</strong></span> <span class='ocrx_word' id='word_1_407' title='bbox 1521 2668 1589 2739; x_wconf 77' lang='lat' dir='ltr'><strong>quio</strong></span> <span class='ocrx_word' id='word_1_408' title='bbox 1608 2668 1649 2720; x_wconf 88' lang='lat' dir='ltr'><strong>ibi</strong></span> <span class='ocrx_word' id='word_1_409' title='bbox 1665 2675 1747 2721; x_wconf 89' lang='lat' dir='ltr'><strong>erant</strong></span> <span class='ocrx_word' id='word_1_410' title='bbox 1763 2668 1831 2723; x_wconf 83' lang='lat' dir='ltr'><strong>Che·</strong></span> 
     </span>
     <span class='ocr_line' id='line_1_30' title="bbox 133 2752 1830 2825; baseline 0.001 -18"><span class='ocrx_word' id='word_1_411' title='bbox 133 2752 196 2807; x_wconf 87' lang='lat' dir='ltr'><strong>Tali</strong></span> <span class='ocrx_word' id='word_1_412' title='bbox 228 2755 301 2808; x_wconf 89' lang='lat' dir='ltr'><strong>enim</strong></span> <span class='ocrx_word' id='word_1_413' title='bbox 330 2755 530 2811; x_wconf 89' lang='lat' dir='ltr'><strong>benedictionis</strong></span> <span class='ocrx_word' id='word_1_414' title='bbox 559 2754 678 2809; x_wconf 77' lang='lat' dir='ltr'><strong>formula</strong></span> <span class='ocrx_word' id='word_1_415' title='bbox 706 2771 788 2810; x_wconf 92' lang='lat' dir='ltr'><strong>mane</strong></span> <span class='ocrx_word' id='word_1_416' title='bbox 811 2761 840 2808; x_wconf 91' lang='lat' dir='ltr'><strong>et</strong></span> <span class='ocrx_word' id='word_1_417' title='bbox 862 2757 969 2825; x_wconf 88' lang='lat' dir='ltr'><strong>vesperi</strong></span> <span class='ocrx_word' id='word_1_418' title='bbox 997 2753 1087 2805; x_wconf 88' lang='lat' dir='ltr'><strong>rubim</strong></span> <span class='ocrx_word' id='word_1_419' title='bbox 1109 2755 1385 2822; x_wconf 75' lang='lat' dir='ltr'><strong>repropitiatorium</strong></span> <span class='ocrx_word' id='word_1_420' title='bbox 1405 2764 1431 2808; x_wconf 89' lang='lat' dir='ltr'><strong>et</strong></span> <span class='ocrx_word' id='word_1_421' title='bbox 1449 2755 1696 2823; x_wconf 85' lang='lat' dir='ltr'><strong>arsatestamenti,</strong></span> <span class='ocrx_word' id='word_1_422' title='bbox 1714 2754 1830 2825; x_wconf 88' lang='lat' dir='ltr'><strong>perinde</strong></span> 
     </span>
     <span class='ocr_line' id='line_1_31' title="bbox 134 2826 1830 2911; baseline 0.001 -17"><span class='ocrx_word' id='word_1_423' title='bbox 134 2845 262 2895; x_wconf 85' lang='lat' dir='ltr'><strong>utuntur:</strong></span> <span class='ocrx_word' id='word_1_424' title='bbox 291 2842 355 2895; x_wconf 80' lang='lat' dir='ltr'><strong>Pas</strong></span> <span class='ocrx_word' id='word_1_425' title='bbox 372 2843 493 2895; x_wconf 84' lang='lat' dir='ltr'><strong>Domini</strong></span> <span class='ocrx_word' id='word_1_426' title='bbox 509 2842 603 2895; x_wconf 88' lang='lat' dir='ltr'><strong>nostri</strong></span> <span class='ocrx_word' id='word_1_427' title='bbox 621 2842 692 2894; x_wconf 86' lang='lat' dir='ltr'><strong>Jesu</strong></span> <span class='ocrx_word' id='word_1_428' title='bbox 711 2840 817 2894; x_wconf 82' lang='lat' dir='ltr'><strong>Christi</strong></span> <span class='ocrx_word' id='word_1_429' title='bbox 837 2848 863 2894; x_wconf 88' lang='lat' dir='ltr'><strong>et</strong></span> <span class='ocrx_word' id='word_1_430' title='bbox 881 2843 970 2894; x_wconf 84' lang='lat' dir='ltr'><strong>uirtus</strong></span> <span class='ocrx_word' id='word_1_431' title='bbox 997 2826 1029 2892; x_wconf 76' lang='lat' dir='ltr'><strong>ist</strong></span> <span class='ocrx_word' id='word_1_432' title='bbox 1059 2838 1140 2895; x_wconf 88' lang='lat' dir='ltr'><strong>hodia</strong></span> <span class='ocrx_word' id='word_1_433' title='bbox 1170 2840 1303 2911; x_wconf 85' lang='lat' dir='ltr'><strong>symbolis</strong></span> <span class='ocrx_word' id='word_1_434' title='bbox 1330 2841 1577 2896; x_wconf 88' lang='lat' dir='ltr'><strong>sacramentalibus</strong></span> <span class='ocrx_word' id='word_1_435' title='bbox 1601 2842 1630 2895; x_wconf 92' lang='lat' dir='ltr'><strong>in</strong></span> <span class='ocrx_word' id='word_1_436' title='bbox 1656 2841 1830 2896; x_wconf 90' lang='lat' dir='ltr'><strong>administra-</strong></span> 
     </span>
     <span class='ocr_line' id='line_1_32' title="bbox 130 2924 1830 2998; baseline 0 -17"><span class='ocrx_word' id='word_1_437' title='bbox 130 2928 278 2996; x_wconf 82' lang='lat' dir='ltr'><strong>passs&#39;ons&#39;s</strong></span> <span class='ocrx_word' id='word_1_438' title='bbox 307 2929 383 2996; x_wconf 78' lang='lat' dir='ltr'><strong>ejus,</strong></span> <span class='ocrx_word' id='word_1_439' title='bbox 413 2931 523 2998; x_wconf 79' lang='lat' dir='ltr'><strong>sipnum</strong></span> <span class='ocrx_word' id='word_1_440' title='bbox 545 2937 661 2982; x_wconf 87' lang='lat' dir='ltr'><strong>sanctae</strong></span> <span class='ocrx_word' id='word_1_441' title='bbox 681 2930 788 2992; x_wconf 83' lang='lat' dir='ltr'><strong>crucis,</strong></span> <span class='ocrx_word' id='word_1_442' title='bbox 822 2929 970 2996; x_wconf 77' lang='lat' dir='ltr'><strong>intepretes</strong></span> <span class='ocrx_word' id='word_1_443' title='bbox 997 2926 1072 2979; x_wconf 88' lang='lat' dir='ltr'><strong>tione</strong></span> <span class='ocrx_word' id='word_1_444' title='bbox 1103 2924 1287 2982; x_wconf 85' lang='lat' dir='ltr'><strong>eucharistiae</strong></span> <span class='ocrx_word' id='word_1_445' title='bbox 1323 2935 1463 2983; x_wconf 85' lang='lat' dir='ltr'><strong>externam</strong></span> <span class='ocrx_word' id='word_1_446' title='bbox 1497 2928 1619 2998; x_wconf 87' lang='lat' dir='ltr'><strong>aliquam</strong></span> <span class='ocrx_word' id='word_1_447' title='bbox 1648 2929 1830 2983; x_wconf 87' lang='lat' dir='ltr'><strong>reverentiam</strong></span> 
     </span>
     <span class='ocr_line' id='line_1_33' title="bbox 134 3011 1830 3085; baseline 0.001 -18"><span class='ocrx_word' id='word_1_448' title='bbox 134 3015 242 3067; x_wconf 84' lang='lat' dir='ltr'><strong>Beatos</strong></span> <span class='ocrx_word' id='word_1_449' title='bbox 262 3014 380 3067; x_wconf 88' lang='lat' dir='ltr'><strong>Marias</strong></span> <span class='ocrx_word' id='word_1_450' title='bbox 405 3015 551 3082; x_wconf 66' lang='lat' dir='ltr'><strong>Virginis,</strong></span> <span class='ocrx_word' id='word_1_451' title='bbox 583 3015 738 3068; x_wconf 80' lang='lat' dir='ltr'><strong>benedictio</strong></span> <span class='ocrx_word' id='word_1_452' title='bbox 760 3015 881 3067; x_wconf 83' lang='lat' dir='ltr'><strong>omniurn</strong></span> <span class='ocrx_word' id='word_1_453' title='bbox 906 3031 969 3067; x_wconf 88' lang='lat' dir='ltr'><strong>san·</strong></span> <span class='ocrx_word' id='word_1_454' title='bbox 998 3011 1160 3067; x_wconf 86' lang='lat' dir='ltr'><strong>exhibemus</strong></span> <span class='ocrx_word' id='word_1_455' title='bbox 1179 3019 1208 3066; x_wconf 88' lang='lat' dir='ltr'><strong>et</strong></span> <span class='ocrx_word' id='word_1_456' title='bbox 1225 3014 1359 3068; x_wconf 89' lang='lat' dir='ltr'><strong>exteriore</strong></span> <span class='ocrx_word' id='word_1_457' title='bbox 1380 3013 1581 3084; x_wconf 85' lang='lat' dir='ltr'><strong>genuflexione,</strong></span> <span class='ocrx_word' id='word_1_458' title='bbox 1602 3015 1830 3085; x_wconf 89' lang='lat' dir='ltr'><strong>capitisadaper·</strong></span> 
     </span>
     <span class='ocr_line' id='line_1_34' title="bbox 133 3099 1830 3171; baseline 0 -18"><span class='ocrx_word' id='word_1_459' title='bbox 133 3106 254 3164; x_wconf 69' lang='lat' dir='ltr'><strong>domm,</strong></span> <span class='ocrx_word' id='word_1_460' title='bbox 285 3101 451 3170; x_wconf 81' lang='lat' dir='ltr'><strong>anpeiorum</strong></span> <span class='ocrx_word' id='word_1_461' title='bbox 478 3103 607 3154; x_wconf 74' lang='lat' dir='ltr'><strong>mestoriia</strong></span> <span class='ocrx_word' id='word_1_462' title='bbox 634 3109 662 3154; x_wconf 87' lang='lat' dir='ltr'><strong>et</strong></span> <span class='ocrx_word' id='word_1_463' title='bbox 687 3103 827 3171; x_wconf 71' lang='lat' dir='ltr'><strong>suffragia</strong></span> <span class='ocrx_word' id='word_1_464' title='bbox 847 3103 969 3154; x_wconf 86' lang='lat' dir='ltr'><strong>omnium</strong></span> <span class='ocrx_word' id='word_1_465' title='bbox 996 3099 1071 3153; x_wconf 91' lang='lat' dir='ltr'><strong>tione</strong></span> <span class='ocrx_word' id='word_1_466' title='bbox 1095 3105 1147 3154; x_wconf 84' lang='lat' dir='ltr'><strong>eto.</strong></span> <span class='ocrx_word' id='word_1_467' title='bbox 1170 3099 1330 3153; x_wconf 87' lang='lat' dir='ltr'><strong>interiorem</strong></span> <span class='ocrx_word' id='word_1_468' title='bbox 1355 3099 1439 3153; x_wconf 89' lang='lat' dir='ltr'><strong>fidem</strong></span> <span class='ocrx_word' id='word_1_469' title='bbox 1464 3117 1497 3154; x_wconf 88' lang='lat' dir='ltr'><strong>ac</strong></span> <span class='ocrx_word' id='word_1_470' title='bbox 1515 3100 1688 3155; x_wconf 80' lang='lat' dir='ltr'><strong>devotionem</strong></span> <span class='ocrx_word' id='word_1_471' title='bbox 1708 3106 1830 3155; x_wconf 87' lang='lat' dir='ltr'><strong>nostram</strong></span> 
     </span>
     <span class='ocr_line' id='line_1_35' title="bbox 135 3185 1830 3255; baseline 0.001 -17"><span class='ocrx_word' id='word_1_472' title='bbox 135 3187 194 3238; x_wconf 89' lang='lat' dir='ltr'><strong>Dei</strong></span> <span class='ocrx_word' id='word_1_473' title='bbox 221 3187 372 3241; x_wconf 60' lang='lat' dir='ltr'><strong>semorum</strong></span> <span class='ocrx_word' id='word_1_474' title='bbox 404 3188 460 3241; x_wconf 90' lang='lat' dir='ltr'><strong>sint</strong></span> <span class='ocrx_word' id='word_1_475' title='bbox 479 3188 569 3241; x_wconf 81' lang='lat' dir='ltr'><strong>inter</strong></span> <span class='ocrx_word' id='word_1_476' title='bbox 598 3204 641 3241; x_wconf 88' lang='lat' dir='ltr'><strong>me</strong></span> <span class='ocrx_word' id='word_1_477' title='bbox 669 3197 696 3241; x_wconf 86' lang='lat' dir='ltr'><strong>et</strong></span> <span class='ocrx_word' id='word_1_478' title='bbox 722 3206 815 3242; x_wconf 84' lang='lat' dir='ltr'><strong>omnes</strong></span> <span class='ocrx_word' id='word_1_479' title='bbox 841 3188 969 3240; x_wconf 82' lang='lat' dir='ltr'><strong>inimicos</strong></span> <span class='ocrx_word' id='word_1_480' title='bbox 996 3189 1137 3249; x_wconf 90' lang='lat' dir='ltr'><strong>testamur,</strong></span> <span class='ocrx_word' id='word_1_481' title='bbox 1162 3185 1238 3255; x_wconf 89' lang='lat' dir='ltr'><strong>quod</strong></span> <span class='ocrx_word' id='word_1_482' title='bbox 1257 3186 1365 3240; x_wconf 90' lang='lat' dir='ltr'><strong>scilicet</strong></span> <span class='ocrx_word' id='word_1_483' title='bbox 1383 3203 1448 3241; x_wconf 88' lang='lat' dir='ltr'><strong>rere</strong></span> <span class='ocrx_word' id='word_1_484' title='bbox 1467 3192 1496 3241; x_wconf 90' lang='lat' dir='ltr'><strong>et</strong></span> <span class='ocrx_word' id='word_1_485' title='bbox 1518 3204 1551 3242; x_wconf 90' lang='lat' dir='ltr'><strong>ex</strong></span> <span class='ocrx_word' id='word_1_486' title='bbox 1569 3186 1661 3242; x_wconf 87' lang='lat' dir='ltr'><strong>animo</strong></span> <span class='ocrx_word' id='word_1_487' title='bbox 1676 3187 1830 3255; x_wconf 88' lang='lat' dir='ltr'><strong>credamus,</strong></span> 
     </span>
     <span class='ocr_line' id='line_1_36' title="bbox 133 3271 1829 3342; baseline 0.001 -17"><span class='ocrx_word' id='word_1_488' title='bbox 133 3289 209 3326; x_wconf 89' lang='lat' dir='ltr'><strong>meos</strong></span> <span class='ocrx_word' id='word_1_489' title='bbox 243 3290 316 3327; x_wconf 88' lang='lat' dir='ltr'><strong>nuno</strong></span> <span class='ocrx_word' id='word_1_490' title='bbox 349 3280 375 3325; x_wconf 91' lang='lat' dir='ltr'><strong>et</strong></span> <span class='ocrx_word' id='word_1_491' title='bbox 412 3289 521 3341; x_wconf 85' lang='lat' dir='ltr'><strong>semper</strong></span> <span class='ocrx_word' id='word_1_492' title='bbox 565 3281 590 3326; x_wconf 86' lang='lat' dir='ltr'><strong>et</strong></span> <span class='ocrx_word' id='word_1_493' title='bbox 623 3274 653 3326; x_wconf 88' lang='lat' dir='ltr'><strong>in</strong></span> <span class='ocrx_word' id='word_1_494' title='bbox 685 3275 757 3326; x_wconf 79' lang='lat' dir='ltr'><strong>liora</strong></span> <span class='ocrx_word' id='word_1_495' title='bbox 788 3275 886 3327; x_wconf 82' lang='lat' dir='ltr'><strong>mortis</strong></span> <span class='ocrx_word' id='word_1_496' title='bbox 917 3281 969 3327; x_wconf 92' lang='lat' dir='ltr'><strong>etc.</strong></span> <span class='ocrx_word' id='word_1_497' title='bbox 996 3271 1134 3326; x_wconf 80' lang='lat' dir='ltr'><strong>Christum</strong></span> <span class='ocrx_word' id='word_1_498' title='bbox 1158 3272 1249 3342; x_wconf 90' lang='lat' dir='ltr'><strong>ipsum</strong></span> <span class='ocrx_word' id='word_1_499' title='bbox 1279 3273 1308 3326; x_wconf 90' lang='lat' dir='ltr'><strong>in</strong></span> <span class='ocrx_word' id='word_1_500' title='bbox 1342 3272 1526 3328; x_wconf 88' lang='lat' dir='ltr'><strong>eucharistiae</strong></span> <span class='ocrx_word' id='word_1_501' title='bbox 1551 3273 1736 3328; x_wconf 89' lang='lat' dir='ltr'><strong>celebratione</strong></span> <span class='ocrx_word' id='word_1_502' title='bbox 1768 3289 1829 3328; x_wconf 89' lang='lat' dir='ltr'><strong>esse</strong></span> 
     </span>
     <span class='ocr_line' id='line_1_37' title="bbox 133 3357 1922 3435; baseline 0.002 -24"><span class='ocrx_word' id='word_1_503' title='bbox 133 3359 175 3411; x_wconf 86' lang='lat' dir='ltr'><strong>Ex</strong></span> <span class='ocrx_word' id='word_1_504' title='bbox 197 3357 299 3429; x_wconf 89' lang='lat' dir='ltr'><strong>quibus</strong></span> <span class='ocrx_word' id='word_1_505' title='bbox 317 3358 446 3413; x_wconf 91' lang='lat' dir='ltr'><strong>omnibus</strong></span> <span class='ocrx_word' id='word_1_506' title='bbox 465 3359 657 3425; x_wconf 86' lang='lat' dir='ltr'><strong>manifestum,</strong></span> <span class='ocrx_word' id='word_1_507' title='bbox 683 3360 772 3431; x_wconf 89' lang='lat' dir='ltr'><strong>qualis</strong></span> <span class='ocrx_word' id='word_1_508' title='bbox 791 3361 828 3413; x_wconf 92' lang='lat' dir='ltr'><strong>sit</strong></span> <span class='ocrx_word' id='word_1_509' title='bbox 846 3360 892 3413; x_wconf 91' lang='lat' dir='ltr'><strong>ille</strong></span> <span class='ocrx_word' id='word_1_510' title='bbox 913 3360 968 3413; x_wconf 90' lang='lat' dir='ltr'><strong>cul·</strong></span> <span class='ocrx_word' id='word_1_511' title='bbox 996 3364 1168 3428; x_wconf 88' lang='lat' dir='ltr'><strong>praesentem</strong></span> <span class='ocrx_word' id='word_1_512' title='bbox 1186 3375 1219 3412; x_wconf 92' lang='lat' dir='ltr'><strong>ac</strong></span> <span class='ocrx_word' id='word_1_513' title='bbox 1237 3374 1287 3411; x_wconf 91' lang='lat' dir='ltr'><strong>suo</strong></span> <span class='ocrx_word' id='word_1_514' title='bbox 1305 3375 1420 3428; x_wconf 91' lang='lat' dir='ltr'><strong>corpore</strong></span> <span class='ocrx_word' id='word_1_515' title='bbox 1437 3367 1465 3413; x_wconf 90' lang='lat' dir='ltr'><strong>et</strong></span> <span class='ocrx_word' id='word_1_516' title='bbox 1483 3360 1619 3430; x_wconf 88' lang='lat' dir='ltr'><strong>sanguine</strong></span> <span class='ocrx_word' id='word_1_517' title='bbox 1637 3376 1686 3413; x_wconf 90' lang='lat' dir='ltr'><strong>nos</strong></span> <span class='ocrx_word' id='word_1_518' title='bbox 1706 3376 1830 3429; x_wconf 81' lang='lat' dir='ltr'><strong>pascere,</strong></span> <span class='ocrx_word' id='word_1_519' title='bbox 1920 3430 1922 3435; x_wconf 18' lang='grc' dir='ltr'><strong><em>Α</em></strong></span> 
     </span>
     <span class='ocr_line' id='line_1_38' title="bbox 134 3444 1829 3516; baseline 0.001 -17"><span class='ocrx_word' id='word_1_520' title='bbox 134 3450 188 3513; x_wconf 88' lang='lat' dir='ltr'><strong>tus,</strong></span> <span class='ocrx_word' id='word_1_521' title='bbox 206 3461 288 3516; x_wconf 88' lang='lat' dir='ltr'><strong>quem</strong></span> <span class='ocrx_word' id='word_1_522' title='bbox 307 3445 446 3499; x_wconf 85' lang='lat' dir='ltr'><strong>Pontificii</strong></span> <span class='ocrx_word' id='word_1_523' title='bbox 465 3445 603 3499; x_wconf 88' lang='lat' dir='ltr'><strong>defunctis</strong></span> <span class='ocrx_word' id='word_1_524' title='bbox 623 3446 726 3500; x_wconf 86' lang='lat' dir='ltr'><strong>sanctis</strong></span> <span class='ocrx_word' id='word_1_525' title='bbox 745 3446 872 3503; x_wconf 87' lang='lat' dir='ltr'><strong>offerunt.</strong></span> <span class='ocrx_word' id='word_1_526' title='bbox 995 3461 1051 3513; x_wconf 91' lang='lat' dir='ltr'><strong>qua</strong></span> <span class='ocrx_word' id='word_1_527' title='bbox 1077 3444 1112 3497; x_wconf 91' lang='lat' dir='ltr'><strong>de</strong></span> <span class='ocrx_word' id='word_1_528' title='bbox 1139 3462 1169 3498; x_wconf 90' lang='lat' dir='ltr'><strong>re</strong></span> <span class='ocrx_word' id='word_1_529' title='bbox 1195 3445 1281 3498; x_wconf 90' lang='lat' dir='ltr'><strong>videri</strong></span> <span class='ocrx_word' id='word_1_530' title='bbox 1308 3450 1399 3514; x_wconf 88' lang='lat' dir='ltr'><strong>polest</strong></span> <span class='ocrx_word' id='word_1_531' title='bbox 1427 3446 1555 3515; x_wconf 83' lang='lat' dir='ltr'><strong>egregius</strong></span> <span class='ocrx_word' id='word_1_532' title='bbox 1579 3447 1655 3499; x_wconf 90' lang='lat' dir='ltr'><strong>locus</strong></span> <span class='ocrx_word' id='word_1_533' title='bbox 1676 3446 1751 3516; x_wconf 90' lang='lat' dir='ltr'><strong>apud</strong></span> <span class='ocrx_word' id='word_1_534' title='bbox 1773 3445 1829 3499; x_wconf 90' lang='lat' dir='ltr'><strong>Lu·</strong></span> 
     </span>
     <span class='ocr_line' id='line_1_39' title="bbox 10 3529 1829 3617; baseline 0.001 -31"><span class='ocrx_word' id='word_1_535' title='bbox 10 3537 119 3617; x_wconf 57' lang='lat' dir='ltr'><strong>:ssgffi</strong></span> <span class='ocrx_word' id='word_1_536' title='bbox 169 3537 228 3587; x_wconf 79' lang='grc'><strong>436.</strong></span> <span class='ocrx_word' id='word_1_537' title='bbox 263 3531 428 3596; x_wconf 84' lang='lat' dir='ltr'><strong>Videamus,</strong></span> <span class='ocrx_word' id='word_1_538' title='bbox 453 3547 525 3600; x_wconf 89' lang='lat' dir='ltr'><strong>quae</strong></span> <span class='ocrx_word' id='word_1_539' title='bbox 549 3532 718 3585; x_wconf 86' lang='lat' dir='ltr'><strong>invocationi</strong></span> <span class='ocrx_word' id='word_1_540' title='bbox 736 3539 893 3587; x_wconf 89' lang='lat' dir='ltr'><strong>sanctorum</strong></span> <span class='ocrx_word' id='word_1_541' title='bbox 915 3532 968 3586; x_wconf 88' lang='lat' dir='ltr'><strong>ful·</strong></span> <span class='ocrx_word' id='word_1_542' title='bbox 994 3529 1102 3584; x_wconf 84' lang='lat' dir='ltr'><strong>thorum</strong></span> <span class='ocrx_word' id='word_1_543' title='bbox 1122 3529 1223 3586; x_wconf 80' lang='lat' dir='ltr'><strong>Ganos.</strong></span> <span class='ocrx_word' id='word_1_544' title='bbox 1242 3535 1284 3585; x_wconf 81' lang='lat' dir='ltr'><strong>l&#39;l.</strong></span> <span class='ocrx_word' id='word_1_545' title='bbox 1314 3531 1363 3584; x_wconf 89' lang='lat' dir='ltr'><strong>sed</strong></span> <span class='ocrx_word' id='word_1_546' title='bbox 1396 3547 1429 3585; x_wconf 91' lang='lat' dir='ltr'><strong>ex</strong></span> <span class='ocrx_word' id='word_1_547' title='bbox 1464 3547 1496 3585; x_wconf 90' lang='lat' dir='ltr'><strong>eo</strong></span> <span class='ocrx_word' id='word_1_548' title='bbox 1527 3531 1621 3586; x_wconf 84' lang='lat' dir='ltr'><strong>inferri</strong></span> <span class='ocrx_word' id='word_1_549' title='bbox 1645 3533 1755 3602; x_wconf 87' lang='lat' dir='ltr'><strong>nequit,</strong></span> <span class='ocrx_word' id='word_1_550' title='bbox 1784 3533 1829 3587; x_wconf 87' lang='lat' dir='ltr'><strong>rel</strong></span> 
     </span>
     <span class='ocr_line' id='line_1_40' title="bbox 10 3616 1829 3687; baseline 0.004 -20"><span class='ocrx_word' id='word_1_551' title='bbox 10 3629 119 3677; x_wconf 64' lang='lat' dir='ltr'><strong>nquius·</strong></span> <span class='ocrx_word' id='word_1_552' title='bbox 134 3633 182 3671; x_wconf 83' lang='lat' dir='ltr'><strong>cra</strong></span> <span class='ocrx_word' id='word_1_553' title='bbox 209 3616 369 3671; x_wconf 90' lang='lat' dir='ltr'><strong>substernet</strong></span> <span class='ocrx_word' id='word_1_554' title='bbox 386 3616 580 3684; x_wconf 88' lang='lat' dir='ltr'><strong>Bellarminus,</strong></span> <span class='ocrx_word' id='word_1_555' title='bbox 604 3617 650 3673; x_wconf 90' lang='lat' dir='ltr'><strong>lib.</strong></span> <span class='ocrx_word' id='word_1_556' title='bbox 681 3624 701 3673; x_wconf 86' lang='lat' dir='ltr'><strong>t.</strong></span> <span class='ocrx_word' id='word_1_557' title='bbox 721 3618 755 3672; x_wconf 93' lang='lat' dir='ltr'><strong>de</strong></span> <span class='ocrx_word' id='word_1_558' title='bbox 782 3617 854 3672; x_wconf 89' lang='lat' dir='ltr'><strong>beat.</strong></span> <span class='ocrx_word' id='word_1_559' title='bbox 879 3625 968 3672; x_wconf 90' lang='lat' dir='ltr'><strong>sanct.</strong></span> <span class='ocrx_word' id='word_1_560' title='bbox 994 3633 1076 3671; x_wconf 89' lang='lat' dir='ltr'><strong>arcae</strong></span> <span class='ocrx_word' id='word_1_561' title='bbox 1092 3616 1211 3671; x_wconf 86' lang='lat' dir='ltr'><strong>foederis</strong></span> <span class='ocrx_word' id='word_1_562' title='bbox 1228 3617 1255 3669; x_wconf 93' lang='lat' dir='ltr'><strong>in</strong></span> <span class='ocrx_word' id='word_1_563' title='bbox 1266 3616 1301 3671; x_wconf 92' lang='lat' dir='ltr'><strong>V.</strong></span> <span class='ocrx_word' id='word_1_564' title='bbox 1313 3617 1347 3672; x_wconf 89' lang='lat' dir='ltr'><strong>T.</strong></span> <span class='ocrx_word' id='word_1_565' title='bbox 1366 3616 1411 3672; x_wconf 89' lang='lat' dir='ltr'><strong>vel</strong></span> <span class='ocrx_word' id='word_1_566' title='bbox 1431 3617 1564 3687; x_wconf 89' lang='lat' dir='ltr'><strong>symbolis</strong></span> <span class='ocrx_word' id='word_1_567' title='bbox 1582 3619 1829 3674; x_wconf 78' lang='lat' dir='ltr'><strong>scemmentalibns</strong></span> 
     </span>
     <span class='ocr_line' id='line_1_41' title="bbox 14 3687 1829 3778; baseline 0.002 -22"><span class='ocrx_word' id='word_1_568' title='bbox 14 3687 119 3778; x_wconf 62' lang='lat'><strong>⁰,¹},⁸,¹,¹,‡,&#39;,⁶</strong></span> <span class='ocrx_word' id='word_1_569' title='bbox 133 3717 195 3772; x_wconf 88' lang='lat' dir='ltr'><strong>cap.</strong></span> <span class='ocrx_word' id='word_1_570' title='bbox 224 3709 263 3759; x_wconf 84' lang='lat' dir='ltr'><strong>te.</strong></span> <span class='ocrx_word' id='word_1_571' title='bbox 293 3704 482 3758; x_wconf 88' lang='lat' dir='ltr'><strong>demonstrare</strong></span> <span class='ocrx_word' id='word_1_572' title='bbox 506 3703 616 3769; x_wconf 90' lang='lat' dir='ltr'><strong>nititur,</strong></span> <span class='ocrx_word' id='word_1_573' title='bbox 642 3704 744 3756; x_wconf 85' lang='lat' dir='ltr'><strong>cultum</strong></span> <span class='ocrx_word' id='word_1_574' title='bbox 769 3705 892 3773; x_wconf 79' lang='lat' dir='ltr'><strong>aliquem</strong></span> <span class='ocrx_word' id='word_1_575' title='bbox 917 3707 968 3757; x_wconf 86' lang='lat' dir='ltr'><strong>mi·</strong></span> <span class='ocrx_word' id='word_1_576' title='bbox 993 3702 1023 3755; x_wconf 91' lang='lat' dir='ltr'><strong>in</strong></span> <span class='ocrx_word' id='word_1_577' title='bbox 1041 3701 1075 3758; x_wconf 85' lang='lat' dir='ltr'><strong>N.</strong></span> <span class='ocrx_word' id='word_1_578' title='bbox 1095 3702 1127 3757; x_wconf 88' lang='lat' dir='ltr'><strong>T.</strong></span> <span class='ocrx_word' id='word_1_579' title='bbox 1148 3703 1293 3772; x_wconf 86' lang='lat' dir='ltr'><strong>religiosae</strong></span> <span class='ocrx_word' id='word_1_580' title='bbox 1311 3703 1480 3757; x_wconf 86' lang='lat' dir='ltr'><strong>adorationis</strong></span> <span class='ocrx_word' id='word_1_581' title='bbox 1502 3704 1607 3759; x_wconf 90' lang='lat' dir='ltr'><strong>cultum</strong></span> <span class='ocrx_word' id='word_1_582' title='bbox 1627 3705 1738 3775; x_wconf 89' lang='lat' dir='ltr'><strong>deberi,</strong></span> <span class='ocrx_word' id='word_1_583' title='bbox 1763 3707 1829 3777; x_wconf 90' lang='lat' dir='ltr'><strong>quia</strong></span> 
     </span>
     <span class='ocr_line' id='line_1_42' title="bbox 10 3782 1828 3863; baseline 0.003 -21"><span class='ocrx_word' id='word_1_584' title='bbox 10 3782 82 3832; x_wconf 66' lang='lat'>&#39;⁸⁰¹¹‘</span> <span class='ocrx_word' id='word_1_585' title='bbox 97 3791 119 3822; x_wconf 74' lang='lat'><strong>‘²</strong></span> <span class='ocrx_word' id='word_1_586' title='bbox 132 3806 228 3842; x_wconf 86' lang='lat' dir='ltr'><strong>norem</strong></span> <span class='ocrx_word' id='word_1_587' title='bbox 255 3790 352 3844; x_wconf 86' lang='lat' dir='ltr'><strong>diuino</strong></span> <span class='ocrx_word' id='word_1_588' title='bbox 380 3798 406 3843; x_wconf 90' lang='lat' dir='ltr'><strong>et</strong></span> <span class='ocrx_word' id='word_1_589' title='bbox 433 3792 570 3859; x_wconf 67' lang='lat' dir='ltr'><strong>majorem</strong></span> <span class='ocrx_word' id='word_1_590' title='bbox 595 3790 675 3843; x_wconf 82' lang='lat' dir='ltr'><strong>ciuili</strong></span> <span class='ocrx_word' id='word_1_591' title='bbox 700 3799 726 3843; x_wconf 89' lang='lat' dir='ltr'><strong>et</strong></span> <span class='ocrx_word' id='word_1_592' title='bbox 750 3807 825 3844; x_wconf 87' lang='lat' dir='ltr'><strong>mere</strong></span> <span class='ocrx_word' id='word_1_593' title='bbox 845 3792 967 3845; x_wconf 86' lang='lat' dir='ltr'><strong>humano</strong></span> <span class='ocrx_word' id='word_1_594' title='bbox 995 3788 1032 3842; x_wconf 90' lang='lat' dir='ltr'><strong>ad</strong></span> <span class='ocrx_word' id='word_1_595' title='bbox 1056 3788 1214 3860; x_wconf 88' lang='lat' dir='ltr'><strong>religiosam</strong></span> <span class='ocrx_word' id='word_1_596' title='bbox 1235 3789 1437 3844; x_wconf 86' lang='lat' dir='ltr'><strong>invocationem</strong></span> <span class='ocrx_word' id='word_1_597' title='bbox 1456 3791 1536 3860; x_wconf 89' lang='lat' dir='ltr'><strong>plara</strong></span> <span class='ocrx_word' id='word_1_598' title='bbox 1555 3793 1666 3846; x_wconf 87' lang='lat' dir='ltr'><strong>omnino</strong></span> <span class='ocrx_word' id='word_1_599' title='bbox 1685 3793 1828 3863; x_wconf 88' lang='lat' dir='ltr'><strong>requirun-</strong></span> 
     </span>
    </p>
   </div>
   <div class='ocr_carea' id='block_1_3' title="bbox 10 3836 1827 4133">
    <p class='ocr_par' dir='ltr' id='par_1_3' title="bbox 10 3836 1827 4133">
     <span class='ocr_line' id='line_1_43' title="bbox 10 3836 1827 3949; baseline 0.005 -24"><span class='ocrx_word' id='word_1_600' title='bbox 10 3836 117 3926; x_wconf 68' lang='lat' dir='ltr'><strong>iiiiii]</strong></span> <span class='ocrx_word' id='word_1_601' title='bbox 131 3876 223 3929; x_wconf 66' lang='lat' dir='ltr'><strong>samm</strong></span> <span class='ocrx_word' id='word_1_602' title='bbox 247 3877 343 3938; x_wconf 71' lang='lat' dir='ltr'><strong>rebem,</strong></span> <span class='ocrx_word' id='word_1_603' title='bbox 368 3877 474 3929; x_wconf 87' lang='lat' dir='ltr'><strong>sanctis</strong></span> <span class='ocrx_word' id='word_1_604' title='bbox 498 3876 608 3945; x_wconf 69' lang='lat' dir='ltr'><strong>angelis</strong></span> <span class='ocrx_word' id='word_1_605' title='bbox 632 3884 658 3928; x_wconf 88' lang='lat' dir='ltr'><strong>ct</strong></span> <span class='ocrx_word' id='word_1_606' title='bbox 680 3876 836 3930; x_wconf 87' lang='lat' dir='ltr'><strong>bominibus</strong></span> <span class='ocrx_word' id='word_1_607' title='bbox 863 3878 966 3933; x_wconf 85' lang='lat' dir='ltr'><strong>deberi.</strong></span> <span class='ocrx_word' id='word_1_608' title='bbox 994 3883 1053 3945; x_wconf 89' lang='lat' dir='ltr'><strong>tur,</strong></span> <span class='ocrx_word' id='word_1_609' title='bbox 1084 3893 1167 3946; x_wconf 90' lang='lat' dir='ltr'><strong>quam</strong></span> <span class='ocrx_word' id='word_1_610' title='bbox 1192 3876 1266 3947; x_wconf 90' lang='lat' dir='ltr'><strong>quod</strong></span> <span class='ocrx_word' id='word_1_611' title='bbox 1292 3894 1335 3931; x_wconf 88' lang='lat' dir='ltr'><strong>res</strong></span> <span class='ocrx_word' id='word_1_612' title='bbox 1361 3877 1495 3948; x_wconf 89' lang='lat' dir='ltr'><strong>ejusmodi</strong></span> <span class='ocrx_word' id='word_1_613' title='bbox 1513 3879 1569 3932; x_wconf 89' lang='lat' dir='ltr'><strong>sint</strong></span> <span class='ocrx_word' id='word_1_614' title='bbox 1587 3878 1711 3948; x_wconf 86' lang='lat' dir='ltr'><strong>divinae,</strong></span> <span class='ocrx_word' id='word_1_615' title='bbox 1744 3896 1827 3949; x_wconf 88' lang='lat' dir='ltr'><strong>pecu·</strong></span> 
     </span>
     <span class='ocr_line' id='line_1_44' title="bbox 10 3936 1825 4034; baseline 0.003 -20"><span class='ocrx_word' id='word_1_616' title='bbox 10 3936 255 4029; x_wconf 58' lang='lat' dir='ltr'><strong>}„¹⁰1¹¹⁸i;‘‡Primum</strong></span> <span class='ocrx_word' id='word_1_617' title='bbox 279 3970 474 4034; x_wconf 85' lang='lat' dir='ltr'><strong>argumentum</strong></span> <span class='ocrx_word' id='word_1_618' title='bbox 500 3964 579 4017; x_wconf 89' lang='lat' dir='ltr'><strong>ducit</strong></span> <span class='ocrx_word' id='word_1_619' title='bbox 598 3980 630 4016; x_wconf 92' lang='lat' dir='ltr'><strong>ex</strong></span> <span class='ocrx_word' id='word_1_620' title='bbox 649 3963 752 4018; x_wconf 88' lang='lat' dir='ltr'><strong>Psalm.</strong></span> <span class='ocrx_word' id='word_1_621' title='bbox 771 3968 817 4018; x_wconf 82' lang='lat'><strong>98:</strong></span> <span class='ocrx_word' id='word_1_622' title='bbox 841 3965 967 4018; x_wconf 71' lang='lat' dir='ltr'><strong>Admote</strong></span> <span class='ocrx_word' id='word_1_623' title='bbox 994 3963 1069 4017; x_wconf 87' lang='lat' dir='ltr'><strong>liaris</strong></span> <span class='ocrx_word' id='word_1_624' title='bbox 1106 3970 1134 4017; x_wconf 93' lang='lat' dir='ltr'><strong>et</strong></span> <span class='ocrx_word' id='word_1_625' title='bbox 1170 3963 1309 4032; x_wconf 85' lang='lat' dir='ltr'><strong>gratiosae</strong></span> <span class='ocrx_word' id='word_1_626' title='bbox 1342 3963 1516 4034; x_wconf 88' lang='lat' dir='ltr'><strong>praesentiae</strong></span> <span class='ocrx_word' id='word_1_627' title='bbox 1547 3971 1660 4019; x_wconf 81' lang='lat' dir='ltr'><strong>externa</strong></span> <span class='ocrx_word' id='word_1_628' title='bbox 1690 3966 1825 4034; x_wconf 86' lang='lat' dir='ltr'><strong>symbola,</strong></span> 
     </span>
     <span class='ocr_line' id='line_1_45' title="bbox 10 4040 1827 4133; baseline 0.002 -32"><span class='ocrx_word' id='word_1_629' title='bbox 10 4040 117 4133; x_wconf 35' lang='lat' dir='ltr'><strong>&#39;Tam</strong></span> <span class='ocrx_word' id='word_1_630' title='bbox 130 4049 282 4103; x_wconf 84' lang='lat' dir='ltr'><strong>scabellum</strong></span> <span class='ocrx_word' id='word_1_631' title='bbox 311 4053 416 4117; x_wconf 84' lang='lat' dir='ltr'><strong>pedum</strong></span> <span class='ocrx_word' id='word_1_632' title='bbox 435 4052 510 4119; x_wconf 83' lang='lat' dir='ltr'><strong>ejus,</strong></span> <span class='ocrx_word' id='word_1_633' title='bbox 538 4051 671 4119; x_wconf 76' lang='lat' dir='ltr'><strong>quoniam</strong></span> <span class='ocrx_word' id='word_1_634' title='bbox 688 4059 814 4104; x_wconf 88' lang='lat' dir='ltr'><strong>sonetum</strong></span> <span class='ocrx_word' id='word_1_635' title='bbox 833 4059 887 4119; x_wconf 85' lang='lat' dir='ltr'><strong>est,</strong></span> <span class='ocrx_word' id='word_1_636' title='bbox 918 4052 968 4104; x_wconf 86' lang='lat' dir='ltr'><strong>ubi</strong></span> <span class='ocrx_word' id='word_1_637' title='bbox 993 4049 1062 4102; x_wconf 89' lang='lat' dir='ltr'><strong>alias</strong></span> <span class='ocrx_word' id='word_1_638' title='bbox 1082 4050 1165 4103; x_wconf 90' lang='lat' dir='ltr'><strong>etiam</strong></span> <span class='ocrx_word' id='word_1_639' title='bbox 1188 4050 1309 4118; x_wconf 89' lang='lat' dir='ltr'><strong>coelum,</strong></span> <span class='ocrx_word' id='word_1_640' title='bbox 1342 4051 1415 4121; x_wconf 90' lang='lat' dir='ltr'><strong>quod</strong></span> <span class='ocrx_word' id='word_1_641' title='bbox 1434 4050 1488 4104; x_wconf 90' lang='lat' dir='ltr'><strong>Dei</strong></span> <span class='ocrx_word' id='word_1_642' title='bbox 1513 4051 1592 4104; x_wconf 88' lang='lat' dir='ltr'><strong>sedes</strong></span> <span class='ocrx_word' id='word_1_643' title='bbox 1616 4058 1665 4112; x_wconf 84' lang='lat' dir='ltr'><strong>est,</strong></span> <span class='ocrx_word' id='word_1_644' title='bbox 1692 4057 1721 4103; x_wconf 91' lang='lat' dir='ltr'><strong>et</strong></span> <span class='ocrx_word' id='word_1_645' title='bbox 1738 4051 1827 4106; x_wconf 88' lang='lat' dir='ltr'><strong>sancti</strong></span> 
     </span>
    </p>
   </div>
   <div class='ocr_carea' id='block_1_4' title="bbox 10 4135 1826 5413">
    <p class='ocr_par' dir='ltr' id='par_1_4' title="bbox 10 4135 1826 5413">
     <span class='ocr_line' id='line_1_46' title="bbox 10 4135 1826 4207; baseline 0.006 -25"><span class='ocrx_word' id='word_1_646' title='bbox 10 4143 116 4184; x_wconf 54' lang='lat' dir='ltr'><strong>isontium</strong></span> <span class='ocrx_word' id='word_1_647' title='bbox 128 4152 183 4204; x_wconf 88' lang='lat' dir='ltr'><strong>per</strong></span> <span class='ocrx_word' id='word_1_648' title='bbox 211 4137 363 4191; x_wconf 87' lang='lat' dir='ltr'><strong>scabellum</strong></span> <span class='ocrx_word' id='word_1_649' title='bbox 396 4137 564 4204; x_wconf 82' lang='lat' dir='ltr'><strong>intellipitur</strong></span> <span class='ocrx_word' id='word_1_650' title='bbox 591 4153 661 4190; x_wconf 89' lang='lat' dir='ltr'><strong>orca</strong></span> <span class='ocrx_word' id='word_1_651' title='bbox 696 4137 873 4190; x_wconf 83' lang='lat' dir='ltr'><strong>Testamenti.</strong></span> <span class='ocrx_word' id='word_1_652' title='bbox 914 4138 968 4191; x_wconf 84' lang='lat' dir='ltr'><strong>Oui</strong></span> <span class='ocrx_word' id='word_1_653' title='bbox 993 4135 1124 4202; x_wconf 82' lang='lat' dir='ltr'><strong>viventes,</strong></span> <span class='ocrx_word' id='word_1_654' title='bbox 1143 4136 1171 4188; x_wconf 94' lang='lat' dir='ltr'><strong>in</strong></span> <span class='ocrx_word' id='word_1_655' title='bbox 1192 4135 1293 4207; x_wconf 88' lang='lat' dir='ltr'><strong>quibus</strong></span> <span class='ocrx_word' id='word_1_656' title='bbox 1306 4136 1383 4190; x_wconf 90' lang='lat' dir='ltr'><strong>Deus</strong></span> <span class='ocrx_word' id='word_1_657' title='bbox 1401 4153 1451 4206; x_wconf 90' lang='lat' dir='ltr'><strong>per</strong></span> <span class='ocrx_word' id='word_1_658' title='bbox 1468 4138 1586 4206; x_wconf 83' lang='lat' dir='ltr'><strong>gretiam</strong></span> <span class='ocrx_word' id='word_1_659' title='bbox 1601 4136 1715 4204; x_wconf 64' lang='lat' dir='ltr'><strong>innabitat,</strong></span> <span class='ocrx_word' id='word_1_660' title='bbox 1734 4146 1826 4192; x_wconf 88' lang='lat' dir='ltr'><strong>essent</strong></span> 
     </span>
     <span class='ocr_line' id='line_1_47' title="bbox 10 4195 1822 4297; baseline 0.002 -24"><span class='ocrx_word' id='word_1_661' title='bbox 10 4195 117 4297; x_wconf 46' lang='lat' dir='ltr'><strong>ffiiglffss</strong></span> <span class='ocrx_word' id='word_1_662' title='bbox 130 4224 274 4284; x_wconf 85' lang='lat' dir='ltr'><strong>conforme</strong></span> <span class='ocrx_word' id='word_1_663' title='bbox 303 4231 343 4276; x_wconf 91' lang='lat' dir='ltr'><strong>est</strong></span> <span class='ocrx_word' id='word_1_664' title='bbox 360 4224 437 4277; x_wconf 84' lang='lat' dir='ltr'><strong>iilud</strong></span> <span class='ocrx_word' id='word_1_665' title='bbox 455 4223 562 4278; x_wconf 82' lang='lat' dir='ltr'><strong>Psobm</strong></span> <span class='ocrx_word' id='word_1_666' title='bbox 582 4226 650 4275; x_wconf 80' lang='lat'><strong>131:</strong></span> <span class='ocrx_word' id='word_1_667' title='bbox 675 4222 858 4275; x_wconf 75' lang='lat' dir='ltr'><strong>introibimus</strong></span> <span class='ocrx_word' id='word_1_668' title='bbox 875 4225 905 4276; x_wconf 91' lang='lat' dir='ltr'><strong>in</strong></span> <span class='ocrx_word' id='word_1_669' title='bbox 923 4231 964 4276; x_wconf 85' lang='lat' dir='ltr'><strong>ta·</strong></span> <span class='ocrx_word' id='word_1_670' title='bbox 992 4221 1087 4275; x_wconf 90' lang='lat' dir='ltr'><strong>itidem</strong></span> <span class='ocrx_word' id='word_1_671' title='bbox 1099 4222 1228 4292; x_wconf 77' lang='lat' dir='ltr'><strong>religiose</strong></span> <span class='ocrx_word' id='word_1_672' title='bbox 1239 4223 1372 4278; x_wconf 89' lang='lat' dir='ltr'><strong>adorandi</strong></span> <span class='ocrx_word' id='word_1_673' title='bbox 1385 4229 1413 4276; x_wconf 90' lang='lat' dir='ltr'><strong>et</strong></span> <span class='ocrx_word' id='word_1_674' title='bbox 1424 4223 1580 4277; x_wconf 82' lang='lat' dir='ltr'><strong>invocandi.</strong></span> <span class='ocrx_word' id='word_1_675' title='bbox 1609 4230 1631 4276; x_wconf 79' lang='lat' dir='ltr'><strong>t.</strong></span> <span class='ocrx_word' id='word_1_676' title='bbox 1645 4221 1774 4277; x_wconf 86' lang='lat' dir='ltr'><strong>Hebraea</strong></span> <span class='ocrx_word' id='word_1_677' title='bbox 1787 4224 1822 4277; x_wconf 91' lang='lat' dir='ltr'><strong>ad</strong></span> 
     </span>
     <span class='ocr_line' id='line_1_48' title="bbox 10 4292 1824 4390; baseline 0 -31"><span class='ocrx_word' id='word_1_678' title='bbox 10 4301 116 4390; x_wconf 46' lang='lat' dir='ltr'><strong>fgffit&#39;</strong></span> <span class='ocrx_word' id='word_1_679' title='bbox 131 4309 309 4362; x_wconf 86' lang='lat' dir='ltr'><strong>bernaculum</strong></span> <span class='ocrx_word' id='word_1_680' title='bbox 326 4311 395 4379; x_wconf 87' lang='lat' dir='ltr'><strong>ejus,</strong></span> <span class='ocrx_word' id='word_1_681' title='bbox 419 4310 605 4363; x_wconf 81' lang='lat' dir='ltr'><strong>adorabimus</strong></span> <span class='ocrx_word' id='word_1_682' title='bbox 622 4311 653 4361; x_wconf 89' lang='lat' dir='ltr'><strong>in</strong></span> <span class='ocrx_word' id='word_1_683' title='bbox 673 4309 744 4376; x_wconf 89' lang='lat' dir='ltr'><strong>loco,</strong></span> <span class='ocrx_word' id='word_1_684' title='bbox 767 4309 816 4362; x_wconf 86' lang='lat' dir='ltr'><strong>ubi</strong></span> <span class='ocrx_word' id='word_1_685' title='bbox 832 4319 965 4363; x_wconf 87' lang='lat' dir='ltr'><strong>steterunt</strong></span> <span class='ocrx_word' id='word_1_686' title='bbox 992 4298 1374 4382; x_wconf 70' lang='lat' dir='ltr'><strong>verbumsichabent:ll.i&#39;t⁸tp¹</strong></span> <span class='ocrx_word' id='word_1_687' title='bbox 1390 4292 1473 4383; x_wconf 50' lang='lat'><strong>7⁴23}</strong></span> <span class='ocrx_word' id='word_1_688' title='bbox 1487 4292 1824 4388; x_wconf 53' lang='lat' dir='ltr'><strong>crispiniacensis,</strong></span> 
     </span>
     <span class='ocr_line' id='line_1_49' title="bbox 125 4394 1826 4464; baseline 0.002 -18"><span class='ocrx_word' id='word_1_689' title='bbox 125 4396 217 4463; x_wconf 86' lang='lat' dir='ltr'><strong>pedes</strong></span> <span class='ocrx_word' id='word_1_690' title='bbox 237 4396 306 4464; x_wconf 84' lang='lat' dir='ltr'><strong>ejus.</strong></span> <span class='ocrx_word' id='word_1_691' title='bbox 347 4395 379 4448; x_wconf 92' lang='lat' dir='ltr'><strong>ln</strong></span> <span class='ocrx_word' id='word_1_692' title='bbox 400 4395 530 4450; x_wconf 85' lang='lat' dir='ltr'><strong>Hebraeo</strong></span> <span class='ocrx_word' id='word_1_693' title='bbox 548 4400 592 4449; x_wconf 87' lang='lat' dir='ltr'><strong>est</strong></span> <span class='ocrx_word' id='word_1_694' title='bbox 608 4394 794 4448; x_wconf 84' lang='lat' dir='ltr'><strong>adorabimus</strong></span> <span class='ocrx_word' id='word_1_695' title='bbox 812 4396 964 4449; x_wconf 83' lang='lat' dir='ltr'><strong>scabeilum</strong></span> <span class='ocrx_word' id='word_1_696' title='bbox 990 4411 1063 4464; x_wconf 90' lang='lat' dir='ltr'><strong>quae</strong></span> <span class='ocrx_word' id='word_1_697' title='bbox 1082 4403 1200 4464; x_wconf 90' lang='lat' dir='ltr'><strong>utroque</strong></span> <span class='ocrx_word' id='word_1_698' title='bbox 1224 4395 1306 4450; x_wconf 90' lang='lat' dir='ltr'><strong>modo</strong></span> <span class='ocrx_word' id='word_1_699' title='bbox 1332 4396 1454 4449; x_wconf 88' lang='lat' dir='ltr'><strong>converti</strong></span> <span class='ocrx_word' id='word_1_700' title='bbox 1482 4400 1611 4464; x_wconf 89' lang='lat' dir='ltr'><strong>possunt,</strong></span> <span class='ocrx_word' id='word_1_701' title='bbox 1646 4397 1764 4450; x_wconf 62' lang='lat' dir='ltr'><strong>adornate</strong></span> <span class='ocrx_word' id='word_1_702' title='bbox 1784 4399 1826 4450; x_wconf 86' lang='lat' dir='ltr'><strong>od</strong></span> 
     </span>
     <span class='ocr_line' id='line_1_50' title="bbox 126 4479 1822 4550; baseline 0.002 -18"><span class='ocrx_word' id='word_1_703' title='bbox 126 4481 232 4550; x_wconf 88' lang='lat' dir='ltr'><strong>padum</strong></span> <span class='ocrx_word' id='word_1_704' title='bbox 253 4482 328 4547; x_wconf 80' lang='lat' dir='ltr'><strong>ejus,</strong></span> <span class='ocrx_word' id='word_1_705' title='bbox 352 4481 370 4535; x_wconf 89' lang='lat' dir='ltr'><strong>i.</strong></span> <span class='ocrx_word' id='word_1_706' title='bbox 390 4497 413 4537; x_wconf 91' lang='lat' dir='ltr'><strong>e.</strong></span> <span class='ocrx_word' id='word_1_707' title='bbox 436 4499 541 4534; x_wconf 88' lang='lat' dir='ltr'><strong>arcam.</strong></span> <span class='ocrx_word' id='word_1_708' title='bbox 584 4482 666 4543; x_wconf 82' lang='lat' dir='ltr'><strong>Quod</strong></span> <span class='ocrx_word' id='word_1_709' title='bbox 684 4481 713 4532; x_wconf 91' lang='lat' dir='ltr'><strong>in</strong></span> <span class='ocrx_word' id='word_1_710' title='bbox 732 4479 776 4532; x_wconf 87' lang='lat' dir='ltr'><strong>bis</strong></span> <span class='ocrx_word' id='word_1_711' title='bbox 793 4481 865 4534; x_wconf 89' lang='lat' dir='ltr'><strong>iocis</strong></span> <span class='ocrx_word' id='word_1_712' title='bbox 880 4499 963 4550; x_wconf 87' lang='lat' dir='ltr'><strong>prae·</strong></span> <span class='ocrx_word' id='word_1_713' title='bbox 989 4482 1140 4534; x_wconf 80' lang='lat' dir='ltr'><strong>scabellum</strong></span> <span class='ocrx_word' id='word_1_714' title='bbox 1167 4483 1272 4550; x_wconf 82' lang='lat' dir='ltr'><strong>pedum</strong></span> <span class='ocrx_word' id='word_1_715' title='bbox 1298 4483 1358 4550; x_wconf 84' lang='lat' dir='ltr'><strong>ejus</strong></span> <span class='ocrx_word' id='word_1_716' title='bbox 1383 4480 1543 4549; x_wconf 89' lang='lat' dir='ltr'><strong>(Dominum</strong></span> <span class='ocrx_word' id='word_1_717' title='bbox 1570 4480 1661 4533; x_wconf 88' lang='lat' dir='ltr'><strong>Deum</strong></span> <span class='ocrx_word' id='word_1_718' title='bbox 1692 4489 1822 4550; x_wconf 84' lang='lat' dir='ltr'><strong>vestrum,</strong></span> 
     </span>
     <span class='ocr_line' id='line_1_51' title="bbox 129 4566 1823 4637; baseline 0.003 -20"><span class='ocrx_word' id='word_1_719' title='bbox 129 4566 253 4634; x_wconf 87' lang='lat' dir='ltr'><strong>cipiatur</strong></span> <span class='ocrx_word' id='word_1_720' title='bbox 279 4567 385 4634; x_wconf 80' lang='lat' dir='ltr'><strong>aliquis</strong></span> <span class='ocrx_word' id='word_1_721' title='bbox 407 4568 513 4632; x_wconf 82' lang='lat' dir='ltr'><strong>cuitus,</strong></span> <span class='ocrx_word' id='word_1_722' title='bbox 537 4569 642 4636; x_wconf 90' lang='lat' dir='ltr'><strong>probat</strong></span> <span class='ocrx_word' id='word_1_723' title='bbox 667 4583 701 4620; x_wconf 84' lang='lat' dir='ltr'><strong>ee</strong></span> <span class='ocrx_word' id='word_1_724' title='bbox 723 4568 805 4622; x_wconf 88' lang='lat' dir='ltr'><strong>uerbo</strong></span> <span class='ocrx_word' id='word_1_725' title='bbox 826 4569 964 4633; x_wconf 86' lang='lat' dir='ltr'><strong>adorate,·</strong></span> <span class='ocrx_word' id='word_1_726' title='bbox 990 4573 1021 4621; x_wconf 89' lang='lat' dir='ltr'><strong>ut</strong></span> <span class='ocrx_word' id='word_1_727' title='bbox 1064 4584 1097 4622; x_wconf 88' lang='lat' dir='ltr'><strong>ex</strong></span> <span class='ocrx_word' id='word_1_728' title='bbox 1146 4566 1376 4637; x_wconf 88' lang='lat' dir='ltr'><strong>praecedentibus</strong></span> <span class='ocrx_word' id='word_1_729' title='bbox 1421 4569 1552 4636; x_wconf 87' lang='lat' dir='ltr'><strong>constat),</strong></span> <span class='ocrx_word' id='word_1_730' title='bbox 1598 4568 1666 4637; x_wconf 75' lang='lat' dir='ltr'><strong>quia</strong></span> <span class='ocrx_word' id='word_1_731' title='bbox 1711 4577 1823 4622; x_wconf 86' lang='lat' dir='ltr'><strong>sanctus</strong></span> 
     </span>
     <span class='ocr_line' id='line_1_52' title="bbox 130 4653 1825 4724; baseline 0.002 -20"><span class='ocrx_word' id='word_1_732' title='bbox 130 4653 206 4719; x_wconf 76' lang='lat' dir='ltr'><strong>qrsod</strong></span> <span class='ocrx_word' id='word_1_733' title='bbox 225 4653 277 4705; x_wconf 87' lang='lat' dir='ltr'><strong>iste</strong></span> <span class='ocrx_word' id='word_1_734' title='bbox 294 4653 385 4705; x_wconf 85' lang='lat' dir='ltr'><strong>cuitus</strong></span> <span class='ocrx_word' id='word_1_735' title='bbox 401 4670 457 4705; x_wconf 89' lang='lat' dir='ltr'><strong>non</strong></span> <span class='ocrx_word' id='word_1_736' title='bbox 479 4656 516 4706; x_wconf 90' lang='lat' dir='ltr'><strong>sit</strong></span> <span class='ocrx_word' id='word_1_737' title='bbox 535 4655 635 4724; x_wconf 81' lang='lat' dir='ltr'><strong>ciuilis,</strong></span> <span class='ocrx_word' id='word_1_738' title='bbox 653 4655 705 4707; x_wconf 83' lang='lat' dir='ltr'><strong>sed</strong></span> <span class='ocrx_word' id='word_1_739' title='bbox 721 4653 877 4720; x_wconf 81' lang='lat' dir='ltr'><strong>relipionis,</strong></span> <span class='ocrx_word' id='word_1_740' title='bbox 891 4671 962 4722; x_wconf 84' lang='lat' dir='ltr'><strong>pro·</strong></span> <span class='ocrx_word' id='word_1_741' title='bbox 989 4655 1063 4723; x_wconf 84' lang='lat' dir='ltr'><strong>ipse;</strong></span> <span class='ocrx_word' id='word_1_742' title='bbox 1094 4659 1121 4708; x_wconf 91' lang='lat' dir='ltr'><strong>et</strong></span> <span class='ocrx_word' id='word_1_743' title='bbox 1146 4655 1289 4706; x_wconf 80' lang='lat' dir='ltr'><strong>incuruata</strong></span> <span class='ocrx_word' id='word_1_744' title='bbox 1314 4671 1364 4707; x_wconf 87' lang='lat' dir='ltr'><strong>uos</strong></span> <span class='ocrx_word' id='word_1_745' title='bbox 1388 4653 1512 4707; x_wconf 84' lang='lat' dir='ltr'><strong>scabello</strong></span> <span class='ocrx_word' id='word_1_746' title='bbox 1534 4655 1640 4722; x_wconf 82' lang='lat' dir='ltr'><strong>pedum</strong></span> <span class='ocrx_word' id='word_1_747' title='bbox 1660 4655 1729 4722; x_wconf 83' lang='lat' dir='ltr'><strong>ejus,</strong></span> <span class='ocrx_word' id='word_1_748' title='bbox 1748 4656 1825 4723; x_wconf 80' lang='lat' dir='ltr'><strong>quod</strong></span> 
     </span>
     <span class='ocr_line' id='line_1_53' title="bbox 130 4738 1823 4812; baseline 0.004 -24"><span class='ocrx_word' id='word_1_749' title='bbox 130 4738 177 4791; x_wconf 85' lang='lat' dir='ltr'><strong>bat</strong></span> <span class='ocrx_word' id='word_1_750' title='bbox 200 4755 234 4792; x_wconf 82' lang='lat' dir='ltr'><strong>ee</strong></span> <span class='ocrx_word' id='word_1_751' title='bbox 260 4740 361 4792; x_wconf 77' lang='lat' dir='ltr'><strong>aridita</strong></span> <span class='ocrx_word' id='word_1_752' title='bbox 385 4741 509 4806; x_wconf 87' lang='lat' dir='ltr'><strong>ratione,</strong></span> <span class='ocrx_word' id='word_1_753' title='bbox 535 4743 667 4809; x_wconf 72' lang='lat' dir='ltr'><strong>quoniam</strong></span> <span class='ocrx_word' id='word_1_754' title='bbox 685 4747 813 4794; x_wconf 89' lang='lat' dir='ltr'><strong>sanctum</strong></span> <span class='ocrx_word' id='word_1_755' title='bbox 833 4751 888 4808; x_wconf 89' lang='lat' dir='ltr'><strong>est,</strong></span> <span class='ocrx_word' id='word_1_756' title='bbox 913 4743 964 4795; x_wconf 89' lang='lat' dir='ltr'><strong>hoc</strong></span> <span class='ocrx_word' id='word_1_757' title='bbox 989 4750 1115 4794; x_wconf 70' lang='lat' dir='ltr'><strong>carectum</strong></span> <span class='ocrx_word' id='word_1_758' title='bbox 1139 4740 1231 4811; x_wconf 60' lang='lat' dir='ltr'><strong>msam</strong></span> <span class='ocrx_word' id='word_1_759' title='bbox 1256 4739 1314 4809; x_wconf 87' lang='lat' dir='ltr'><strong>(rel</strong></span> <span class='ocrx_word' id='word_1_760' title='bbox 1338 4739 1411 4809; x_wconf 91' lang='lat' dir='ltr'><strong>quod</strong></span> <span class='ocrx_word' id='word_1_761' title='bbox 1434 4746 1477 4793; x_wconf 85' lang='lat' dir='ltr'><strong>est</strong></span> <span class='ocrx_word' id='word_1_762' title='bbox 1501 4748 1642 4808; x_wconf 89' lang='lat' dir='ltr'><strong>sanctum,</strong></span> <span class='ocrx_word' id='word_1_763' title='bbox 1670 4742 1736 4811; x_wconf 92' lang='lat' dir='ltr'><strong>quia</strong></span> <span class='ocrx_word' id='word_1_764' title='bbox 1761 4759 1823 4812; x_wconf 92' lang='lat' dir='ltr'><strong>pro·</strong></span> 
     </span>
     <span class='ocr_line' id='line_1_54' title="bbox 129 4824 1823 4895; baseline 0.003 -19"><span class='ocrx_word' id='word_1_765' title='bbox 129 4824 262 4878; x_wconf 72' lang='lat' dir='ltr'><strong>oisteiicst</strong></span> <span class='ocrx_word' id='word_1_766' title='bbox 292 4825 453 4882; x_wconf 85' lang='lat' dir='ltr'><strong>scabeilum.</strong></span> <span class='ocrx_word' id='word_1_767' title='bbox 507 4827 606 4881; x_wconf 87' lang='lat' dir='ltr'><strong>Cultus</strong></span> <span class='ocrx_word' id='word_1_768' title='bbox 631 4829 705 4881; x_wconf 88' lang='lat' dir='ltr'><strong>enim</strong></span> <span class='ocrx_word' id='word_1_769' title='bbox 732 4827 825 4881; x_wconf 87' lang='lat' dir='ltr'><strong>ciuilis</strong></span> <span class='ocrx_word' id='word_1_770' title='bbox 849 4829 965 4882; x_wconf 81' lang='lat' dir='ltr'><strong>debetur</strong></span> <span class='ocrx_word' id='word_1_771' title='bbox 988 4828 1100 4880; x_wconf 88' lang='lat' dir='ltr'><strong>nomina</strong></span> <span class='ocrx_word' id='word_1_772' title='bbox 1127 4825 1345 4880; x_wconf 84' lang='lat' dir='ltr'><strong>demonstrativa</strong></span> <span class='ocrx_word' id='word_1_773' title='bbox 1376 4825 1453 4895; x_wconf 90' lang='lat' dir='ltr'><strong>apud</strong></span> <span class='ocrx_word' id='word_1_774' title='bbox 1481 4826 1623 4881; x_wconf 85' lang='lat' dir='ltr'><strong>Hebraeos</strong></span> <span class='ocrx_word' id='word_1_775' title='bbox 1656 4829 1716 4881; x_wconf 94' lang='lat' dir='ltr'><strong>loco</strong></span> <span class='ocrx_word' id='word_1_776' title='bbox 1743 4828 1823 4882; x_wconf 89' lang='lat' dir='ltr'><strong>verbi</strong></span> 
     </span>
     <span class='ocr_line' id='line_1_55' title="bbox 129 4911 1821 4982; baseline 0.001 -19"><span class='ocrx_word' id='word_1_777' title='bbox 129 4911 212 4964; x_wconf 88' lang='lat' dir='ltr'><strong>rebus</strong></span> <span class='ocrx_word' id='word_1_778' title='bbox 238 4919 357 4980; x_wconf 85' lang='lat' dir='ltr'><strong>propter</strong></span> <span class='ocrx_word' id='word_1_779' title='bbox 388 4913 498 4966; x_wconf 85' lang='lat' dir='ltr'><strong>ciuilem</strong></span> <span class='ocrx_word' id='word_1_780' title='bbox 530 4923 556 4967; x_wconf 88' lang='lat' dir='ltr'><strong>et</strong></span> <span class='ocrx_word' id='word_1_781' title='bbox 584 4915 735 4968; x_wconf 83' lang='lat' dir='ltr'><strong>humanam</strong></span> <span class='ocrx_word' id='word_1_782' title='bbox 764 4913 964 4969; x_wconf 75' lang='lat' dir='ltr'><strong>accedentiam.</strong></span> <span class='ocrx_word' id='word_1_783' title='bbox 990 4911 1155 4968; x_wconf 84' lang='lat' dir='ltr'><strong>substantivi</strong></span> <span class='ocrx_word' id='word_1_784' title='bbox 1185 4918 1339 4980; x_wconf 89' lang='lat' dir='ltr'><strong>ponuntur,</strong></span> <span class='ocrx_word' id='word_1_785' title='bbox 1369 4916 1418 4964; x_wconf 89' lang='lat' dir='ltr'><strong>aut</strong></span> <span class='ocrx_word' id='word_1_786' title='bbox 1447 4913 1507 4981; x_wconf 86' lang='lat' dir='ltr'><strong>ejus</strong></span> <span class='ocrx_word' id='word_1_787' title='bbox 1534 4912 1644 4982; x_wconf 90' lang='lat' dir='ltr'><strong>ellipsin</strong></span> <span class='ocrx_word' id='word_1_788' title='bbox 1671 4913 1821 4966; x_wconf 90' lang='lat' dir='ltr'><strong>induerunt</strong></span> 
     </span>
     <span class='ocr_line' id='line_1_56' title="bbox 130 4995 1822 5068; baseline 0.002 -21"><span class='ocrx_word' id='word_1_789' title='bbox 130 4997 168 5048; x_wconf 71' lang='lat' dir='ltr'><strong>rit</strong></span> <span class='ocrx_word' id='word_1_790' title='bbox 186 5013 257 5050; x_wconf 86' lang='lat' dir='ltr'><strong>area</strong></span> <span class='ocrx_word' id='word_1_791' title='bbox 277 4999 380 5051; x_wconf 82' lang='lat' dir='ltr'><strong>dicitnr</strong></span> <span class='ocrx_word' id='word_1_792' title='bbox 399 5000 561 5063; x_wconf 81' lang='lat' dir='ltr'><strong>adoranda,</strong></span> <span class='ocrx_word' id='word_1_793' title='bbox 584 5017 641 5053; x_wconf 93' lang='lat' dir='ltr'><strong>non</strong></span> <span class='ocrx_word' id='word_1_794' title='bbox 655 5006 775 5068; x_wconf 84' lang='lat' dir='ltr'><strong>propter</strong></span> <span class='ocrx_word' id='word_1_795' title='bbox 793 4999 901 5054; x_wconf 81' lang='lat' dir='ltr'><strong>civitem</strong></span> <span class='ocrx_word' id='word_1_796' title='bbox 919 5016 963 5053; x_wconf 81' lang='lat' dir='ltr'><strong>ea·</strong></span> <span class='ocrx_word' id='word_1_797' title='bbox 990 4998 1077 5055; x_wconf 86' lang='lat' dir='ltr'><strong>Exod.</strong></span> <span class='ocrx_word' id='word_1_798' title='bbox 1102 5003 1146 5067; x_wconf 77' lang='lat' dir='ltr'><strong>lt,</strong></span> <span class='ocrx_word' id='word_1_799' title='bbox 1170 5014 1196 5049; x_wconf 86' lang='lat' dir='ltr'><strong>v.</strong></span> <span class='ocrx_word' id='word_1_800' title='bbox 1222 5001 1262 5052; x_wconf 88' lang='lat'><strong>11.</strong></span> <span class='ocrx_word' id='word_1_801' title='bbox 1281 4995 1350 5051; x_wconf 90' lang='lat' dir='ltr'><strong>Neh.</strong></span> <span class='ocrx_word' id='word_1_802' title='bbox 1370 5002 1395 5062; x_wconf 85' lang='grc'><strong>9,</strong></span> <span class='ocrx_word' id='word_1_803' title='bbox 1412 5014 1436 5051; x_wconf 84' lang='lat' dir='ltr'><strong>v.</strong></span> <span class='ocrx_word' id='word_1_804' title='bbox 1456 5003 1477 5052; x_wconf 79' lang='lat' dir='ltr'><strong>l.</strong></span> <span class='ocrx_word' id='word_1_805' title='bbox 1496 4997 1569 5064; x_wconf 63' lang='lat' dir='ltr'><strong>etei.</strong></span> <span class='ocrx_word' id='word_1_806' title='bbox 1597 4996 1625 5052; x_wconf 88' lang='lat' dir='ltr'><strong>Si</strong></span> <span class='ocrx_word' id='word_1_807' title='bbox 1644 4997 1822 5067; x_wconf 85' lang='lat' dir='ltr'><strong>posteriorem</strong></span> 
     </span>
     <span class='ocr_line' id='line_1_57' title="bbox 129 5082 1822 5153; baseline 0.002 -19"><span class='ocrx_word' id='word_1_808' title='bbox 129 5082 301 5153; x_wconf 83' lang='lat' dir='ltr'><strong>cellantiam,</strong></span> <span class='ocrx_word' id='word_1_809' title='bbox 326 5087 378 5138; x_wconf 83' lang='lat' dir='ltr'><strong>sed</strong></span> <span class='ocrx_word' id='word_1_810' title='bbox 400 5085 468 5153; x_wconf 79' lang='lat' dir='ltr'><strong>quia</strong></span> <span class='ocrx_word' id='word_1_811' title='bbox 491 5102 577 5137; x_wconf 88' lang='lat' dir='ltr'><strong>sacra</strong></span> <span class='ocrx_word' id='word_1_812' title='bbox 601 5093 628 5138; x_wconf 89' lang='lat' dir='ltr'><strong>et</strong></span> <span class='ocrx_word' id='word_1_813' title='bbox 643 5092 744 5137; x_wconf 88' lang='lat' dir='ltr'><strong>sancta</strong></span> <span class='ocrx_word' id='word_1_814' title='bbox 766 5091 819 5148; x_wconf 83' lang='lat' dir='ltr'><strong>est,</strong></span> <span class='ocrx_word' id='word_1_815' title='bbox 846 5102 907 5137; x_wconf 76' lang='lat' dir='ltr'><strong>mam</strong></span> <span class='ocrx_word' id='word_1_816' title='bbox 927 5087 965 5139; x_wconf 87' lang='lat' dir='ltr'><strong>sit</strong></span> <span class='ocrx_word' id='word_1_817' title='bbox 989 5085 1143 5139; x_wconf 88' lang='lat' dir='ltr'><strong>versionem</strong></span> <span class='ocrx_word' id='word_1_818' title='bbox 1166 5083 1380 5152; x_wconf 85' lang='lat' dir='ltr'><strong>amplectamur,</strong></span> <span class='ocrx_word' id='word_1_819' title='bbox 1407 5082 1476 5136; x_wconf 90' lang='lat' dir='ltr'><strong>nihil</strong></span> <span class='ocrx_word' id='word_1_820' title='bbox 1499 5083 1609 5137; x_wconf 90' lang='lat' dir='ltr'><strong>decedit</strong></span> <span class='ocrx_word' id='word_1_821' title='bbox 1633 5089 1744 5136; x_wconf 89' lang='lat' dir='ltr'><strong>nostrae</strong></span> <span class='ocrx_word' id='word_1_822' title='bbox 1761 5100 1822 5138; x_wconf 90' lang='lat' dir='ltr'><strong>sen-</strong></span> 
     </span>
     <span class='ocr_line' id='line_1_58' title="bbox 128 5169 1821 5243; baseline 0.001 -21"><span class='ocrx_word' id='word_1_823' title='bbox 128 5169 281 5223; x_wconf 88' lang='lat' dir='ltr'><strong>scabeilum</strong></span> <span class='ocrx_word' id='word_1_824' title='bbox 307 5172 415 5239; x_wconf 85' lang='lat' dir='ltr'><strong>pedum</strong></span> <span class='ocrx_word' id='word_1_825' title='bbox 443 5170 506 5225; x_wconf 87' lang='lat' dir='ltr'><strong>Dei.</strong></span> <span class='ocrx_word' id='word_1_826' title='bbox 554 5169 777 5240; x_wconf 76' lang='lat' dir='ltr'><strong>Respondemuss</strong></span> <span class='ocrx_word' id='word_1_827' title='bbox 809 5175 831 5224; x_wconf 88' lang='lat'><strong>1.</strong></span> <span class='ocrx_word' id='word_1_828' title='bbox 857 5170 886 5226; x_wconf 89' lang='lat' dir='ltr'><strong>Si</strong></span> <span class='ocrx_word' id='word_1_829' title='bbox 911 5170 964 5225; x_wconf 91' lang='lat' dir='ltr'><strong>hoc</strong></span> <span class='ocrx_word' id='word_1_830' title='bbox 989 5171 1100 5236; x_wconf 89' lang='lat' dir='ltr'><strong>tentiae,</strong></span> <span class='ocrx_word' id='word_1_831' title='bbox 1121 5169 1187 5240; x_wconf 88' lang='lat' dir='ltr'><strong>quie</strong></span> <span class='ocrx_word' id='word_1_832' title='bbox 1205 5185 1238 5223; x_wconf 90' lang='lat' dir='ltr'><strong>ox</strong></span> <span class='ocrx_word' id='word_1_833' title='bbox 1248 5169 1409 5243; x_wconf 21' lang='lat' dir='ltr'><strong>*reverentis</strong></span> <span class='ocrx_word' id='word_1_834' title='bbox 1424 5177 1537 5224; x_wconf 87' lang='lat' dir='ltr'><strong>externa</strong></span> <span class='ocrx_word' id='word_1_835' title='bbox 1554 5185 1610 5222; x_wconf 91' lang='lat' dir='ltr'><strong>non</strong></span> <span class='ocrx_word' id='word_1_836' title='bbox 1624 5175 1715 5238; x_wconf 88' lang='lat' dir='ltr'><strong>potest</strong></span> <span class='ocrx_word' id='word_1_837' title='bbox 1727 5169 1821 5223; x_wconf 88' lang='lat' dir='ltr'><strong>statim</strong></span> 
     </span>
     <span class='ocr_line' id='line_1_59' title="bbox 128 5253 1822 5328; baseline 0 -19"><span class='ocrx_word' id='word_1_838' title='bbox 128 5261 323 5326; x_wconf 82' lang='lat' dir='ltr'><strong>argumentum</strong></span> <span class='ocrx_word' id='word_1_839' title='bbox 345 5257 501 5328; x_wconf 86' lang='lat' dir='ltr'><strong>applicetur</strong></span> <span class='ocrx_word' id='word_1_840' title='bbox 527 5254 563 5310; x_wconf 90' lang='lat' dir='ltr'><strong>ad</strong></span> <span class='ocrx_word' id='word_1_841' title='bbox 581 5254 736 5325; x_wconf 85' lang='lat' dir='ltr'><strong>principale</strong></span> <span class='ocrx_word' id='word_1_842' title='bbox 755 5254 911 5324; x_wconf 84' lang='lat' dir='ltr'><strong>quaesitum</strong></span> <span class='ocrx_word' id='word_1_843' title='bbox 928 5257 963 5311; x_wconf 92' lang='lat' dir='ltr'><strong>de</strong></span> <span class='ocrx_word' id='word_1_844' title='bbox 989 5256 1084 5312; x_wconf 87' lang='lat' dir='ltr'><strong>inferri</strong></span> <span class='ocrx_word' id='word_1_845' title='bbox 1104 5254 1251 5324; x_wconf 87' lang='lat' dir='ltr'><strong>religiosae</strong></span> <span class='ocrx_word' id='word_1_846' title='bbox 1265 5253 1447 5309; x_wconf 89' lang='lat' dir='ltr'><strong>invocationis</strong></span> <span class='ocrx_word' id='word_1_847' title='bbox 1466 5256 1566 5324; x_wconf 87' lang='lat' dir='ltr'><strong>cultus,</strong></span> <span class='ocrx_word' id='word_1_848' title='bbox 1585 5255 1624 5307; x_wconf 91' lang='lat' dir='ltr'><strong>uti</strong></span> <span class='ocrx_word' id='word_1_849' title='bbox 1639 5254 1718 5309; x_wconf 91' lang='lat' dir='ltr'><strong>modo</strong></span> <span class='ocrx_word' id='word_1_850' title='bbox 1731 5260 1822 5310; x_wconf 88' lang='lat' dir='ltr'><strong>osten·</strong></span> 
     </span>
     <span class='ocr_line' id='line_1_60' title="bbox 128 5340 1823 5413; baseline 0 -18"><span class='ocrx_word' id='word_1_851' title='bbox 128 5342 259 5413; x_wconf 79' lang='lat' dir='ltr'><strong>religiosa</strong></span> <span class='ocrx_word' id='word_1_852' title='bbox 286 5344 460 5399; x_wconf 84' lang='lat' dir='ltr'><strong>invocatione</strong></span> <span class='ocrx_word' id='word_1_853' title='bbox 490 5348 663 5409; x_wconf 89' lang='lat' dir='ltr'><strong>sanctorum,</strong></span> <span class='ocrx_word' id='word_1_854' title='bbox 705 5341 881 5395; x_wconf 86' lang='lat' dir='ltr'><strong>manifestum</strong></span> <span class='ocrx_word' id='word_1_855' title='bbox 912 5348 978 5411; x_wconf 85' lang='lat' dir='ltr'><strong>cst,;</strong></span> <span class='ocrx_word' id='word_1_856' title='bbox 990 5344 1088 5396; x_wconf 89' lang='lat' dir='ltr'><strong>dimus.</strong></span> <span class='ocrx_word' id='word_1_857' title='bbox 1126 5340 1156 5395; x_wconf 83' lang='lat' dir='ltr'><strong>Si</strong></span> <span class='ocrx_word' id='word_1_858' title='bbox 1181 5340 1265 5411; x_wconf 90' lang='lat' dir='ltr'><strong>priori</strong></span> <span class='ocrx_word' id='word_1_859' title='bbox 1291 5341 1409 5395; x_wconf 89' lang='lat' dir='ltr'><strong>versioni</strong></span> <span class='ocrx_word' id='word_1_860' title='bbox 1436 5341 1596 5394; x_wconf 87' lang='lat' dir='ltr'><strong>insistamus</strong></span> <span class='ocrx_word' id='word_1_861' title='bbox 1613 5342 1706 5409; x_wconf 85' lang='lat' dir='ltr'><strong>(quum</strong></span> <span class='ocrx_word' id='word_1_862' title='bbox 1723 5358 1823 5412; x_wconf 89' lang='lat' dir='ltr'><strong>scopus</strong></span> 
     </span>
    </p>
   </div>
   <div class='ocr_carea' id='block_1_5' title="bbox 129 5408 1976 5585">
    <p class='ocr_par' dir='ltr' id='par_1_5' title="bbox 129 5408 1976 5585">
     <span class='ocr_line' id='line_1_61' title="bbox 129 5408 1976 5501; baseline 0.001 -19"><span class='ocrx_word' id='word_1_863' title='bbox 129 5428 204 5499; x_wconf 91' lang='lat' dir='ltr'><strong>quod</strong></span> <span class='ocrx_word' id='word_1_864' title='bbox 229 5429 267 5483; x_wconf 93' lang='lat' dir='ltr'><strong>sit</strong></span> <span class='ocrx_word' id='word_1_865' title='bbox 291 5447 308 5484; x_wconf 90' lang='lat' dir='ltr'><strong>a</strong></span> <span class='ocrx_word' id='word_1_866' title='bbox 332 5430 494 5500; x_wconf 87' lang='lat' dir='ltr'><strong>quaestione</strong></span> <span class='ocrx_word' id='word_1_867' title='bbox 518 5427 647 5490; x_wconf 80' lang='lat' dir='ltr'><strong>ahenum,</strong></span> <span class='ocrx_word' id='word_1_868' title='bbox 673 5427 741 5497; x_wconf 89' lang='lat' dir='ltr'><strong>quia</strong></span> <span class='ocrx_word' id='word_1_869' title='bbox 765 5442 846 5481; x_wconf 88' lang='lat' dir='ltr'><strong>nemo</strong></span> <span class='ocrx_word' id='word_1_870' title='bbox 870 5408 978 5501; x_wconf 71' lang='lat' dir='ltr'><strong>potasti</strong></span> <span class='ocrx_word' id='word_1_871' title='bbox 989 5427 1090 5499; x_wconf 89' lang='lat' dir='ltr'><strong>psalmi</strong></span> <span class='ocrx_word' id='word_1_872' title='bbox 1118 5428 1146 5480; x_wconf 91' lang='lat' dir='ltr'><strong>in</strong></span> <span class='ocrx_word' id='word_1_873' title='bbox 1174 5442 1255 5481; x_wconf 87' lang='lat' dir='ltr'><strong>versu</strong></span> <span class='ocrx_word' id='word_1_874' title='bbox 1277 5433 1299 5483; x_wconf 88' lang='lat'><strong>1.</strong></span> <span class='ocrx_word' id='word_1_875' title='bbox 1323 5435 1351 5481; x_wconf 88' lang='lat' dir='ltr'><strong>et</strong></span> <span class='ocrx_word' id='word_1_876' title='bbox 1374 5427 1472 5482; x_wconf 90' lang='lat' dir='ltr'><strong>ultimo</strong></span> <span class='ocrx_word' id='word_1_877' title='bbox 1496 5426 1669 5497; x_wconf 88' lang='lat' dir='ltr'><strong>propositus,</strong></span> <span class='ocrx_word' id='word_1_878' title='bbox 1702 5427 1749 5498; x_wconf 90' lang='lat' dir='ltr'><strong>qui</strong></span> <span class='ocrx_word' id='word_1_879' title='bbox 1773 5434 1824 5498; x_wconf 89' lang='lat' dir='ltr'><strong>est,</strong></span> <span class='ocrx_word' id='word_1_880' title='bbox 1839 5432 1918 5471; x_wconf 71' lang='lat' dir='ltr'><strong>xv¹¹¹=</strong></span> <span class='ocrx_word' id='word_1_881' title='bbox 1933 5430 1976 5474; x_wconf 71' lang='lat'><strong>¹⁸5·</strong></span> 
     </span>
     <span class='ocr_line' id='line_1_62' title="bbox 1448 5529 1505 5585; baseline 0 0"><span class='ocrx_word' id='word_1_882' title='bbox 1448 5529 1505 5585; x_wconf 73' lang='lat'><strong>22*</strong></span> 
     </span>
    </p>
   </div>
   <div class='ocr_carea' id='block_1_6' title="bbox 0 0 2056 6009">
    <p class='ocr_par' dir='ltr' id='par_1_6' title="bbox 0 0 2056 6009">
     <span class='ocr_line' id='line_1_63' title="bbox 0 0 2056 6009; baseline 0 0"><span class='ocrx_word' id='word_1_883' title='bbox 0 0 2056 6009; x_wconf 95' lang='lat' dir='ltr'><strong> </strong></span> 
     </span>
    </p>
   </div>
  </div>
 </body>
</html>
