4104 6014
596 301 650 358 Du
668 299 913 359 MOBTUORUM
932 300 1258 361 Rusussuuurlorte.
1720 305 1780 363 425

73 457 108 511 in
125 458 245 512 nihdum
261 459 431 526 productam
451 458 607 528 exprimere
627 460 662 512 de
678 456 785 525 nihilo,·
808 456 866 509 siet
881 447 975 567 depo
993 474 1085 514 semen
1100 458 1194 523 fuisti,
1215 467 1241 513 et
1258 466 1337 513 tuum
1357 464 1513 529 corpnsest
1533 471 1624 509 semen
1643 469 1784 509 resurreo

76 542 201 599 materia
222 544 385 598 modulatus
405 550 445 598 ost
464 544 533 610 alia,
551 545 656 613 poterit
675 552 701 598 et
718 559 832 598 curnem
851 558 918 610 puo-
945 545 1010 599 turi.
1050 543 1110 599 Gur
1127 546 1269 612 miremur,
1285 545 1398 599 renasci
1407 559 1493 612 posce
1511 543 1589 612 qnod
1603 542 1703 609 fucrit,
1722 557 1786 594 cum

76 647 187 700 cunqsse
223 630 390 685 dehaustam
422 646 537 685 evocare
570 633 606 685 de
635 631 702 685 alio.
755 631 795 683 Et
824 629 920 696 utique
943 632 1088 686 videamus
1112 640 1210 687 notum
1236 649 1294 686 esse
1319 633 1396 700 quod
1419 629 1570 694 nonfuit?
1605 626 1735 682 Buffiuus
1755 625 1783 682 in

78 716 201 771 idoncm
220 723 261 770 est
279 719 404 785 reficere,
430 719 480 786 qui
497 717 575 784 fecit,
600 723 703 788 quanto
729 715 795 784 plus
815 721 855 768 est
878 714 1059 787 se·‚oxpoeit.
1078 718 1165 789 symb.
1183 737 1211 788 p.
1232 724 1297 774 386:
1318 717 1353 772 Si
1365 719 1516 772 emendum
1534 732 1576 781 ea,
1590 730 1662 783 puae
1674 715 1783 782 scripta

78 803 160 869 cisse,
179 819 264 871 mam
280 802 424 872 refecisse,
447 803 558 857 initium
580 803 701 870 deduce,
725 819 808 873 quam
824 784 1017 873 reddiisunt
1039 806 1117 873 qnod
1133 805 1276 873 accipiens
1303 807 1383 858 Deus
1400 804 1499 858 limum
1514 810 1609 857 terrae
1624 798 1779 871 plasmavit

80 889 165 945 disse.
202 888 251 942 Ito
276 889 481 943 restitutionem
508 890 603 943 carnis
630 889 793 956 faciliorem
817 887 920 941 credas
946 890 1093 958 hominem,
1107 890 1258 958 credimus,
1278 886 1781 956 ohoccnnotnracorportcnourt,

80 975 263 1029 institutione.
291 991 315 1030 c.
339 980 381 1030 ol.
406 992 432 1044 p.
457 979 521 1030 3⁴5:
548 976 673 1029 Idoneus
698 975 780 1028 Deus
806 975 920 1038 reficere
946 984 977 1030 ut
993 976 1133 1030 voluntate
1154 979 1213 1031 Dei
1235 985 1314 1031 terra
1338 984 1493 1031 verteretur
1510 977 1541 1028 in
1565 989 1687 1037 comem,
1712 973 1784 1042 quid

63 1063 161 1130 pseud
177 1060 261 1129 fecit.
287 1060 317 1114 in
338 1059 386 1115 lib.
408 1061 443 1115 de
462 1061 569 1131 judicio
591 1060 704 1115 Domini
723 1078 747 1117 c.
763 1067 786 1116 5.
810 1075 837 1128 p.
855 1064 920 1114 5115:
946 1061 999 1114 tihi
1015 1070 1064 1115 aut
1074 1064 1226 1117 absurdum
1245 1071 1296 1116 aut
1309 1062 1482 1116 contrarium
1499 1061 1621 1123 ridetur,
1639 1060 1784 1113 ciendam

83 1147 131 1200 An
151 1148 232 1201 Dosse
250 1146 432 1215 omnipotens,
451 1148 533 1217 cujus
552 1149 602 1200 mel
620 1148 680 1217 iope
699 1153 835 1216 repuntnr
946 1147 1112 1216 rationibus,
1133 1149 1231 1218 quihus
1250 1149 1337 1202 lutum
1358 1147 1517 1217 profecisse
1541 1146 1647 1200 dicitur
1666 1146 1696 1198 in
1720 1161 1781 1199 cor·

85 1233 199 1300 Omnia,
217 1251 273 1287 non
290 1232 384 1286 ualeat
404 1241 470 1301 pact
489 1241 602 1287 mortem
620 1235 741 1287 reddere
759 1231 869 1285 silam!
944 1252 1000 1304 pus
1021 1235 1154 1303 animale,
1178 1236 1208 1288 in
1232 1252 1334 1304 corpus
1350 1234 1489 1303 proficere
1511 1231 1662 1299 spirituale
1681 1232 1781 1283 creda·

12 1323 67 1366 ³³⁹·
82 1319 142 1372 Ant
165 1319 281 1389 aliquid
308 1319 449 1373 Dominus
478 1336 570 1373 rerum
602 1338 659 1372 non
678 1336 765 1388 posse
787 1317 922 1372 uidetur!
947 1326 1028 1373 murt
1046 1320 1221 1391 Augustinus
1240 1320 1269 1374 in
1284 1336 1375 1374 enarr.
1393 1318 1495 1373 Pselm.
1516 1323 1566 1372 62:
1592 1318 1626 1370 Si
1646 1318 1726 1370 Deus
1742 1316 1785 1379 fc·

84 1405 120 1459 Si
133 1405 227 1475 potnit
244 1404 366 1459 tenebris
380 1405 477 1474 pulsis
490 1408 638 1459 extendere
657 1406 755 1469 lucem
951 1405 989 1459 ait
1009 1424 1069 1475 nos,
1090 1408 1140 1475 pui
1156 1425 1211 1461 non
1231 1423 1352 1476 crumas,
1373 1422 1504 1473 mapnum
1521 1412 1561 1457 cst
1579 1403 1626 1456 illi
1645 1416 1784 1472 reparare

82 1491 175 1559 Atque
193 1507 300 1544 omnem
320 1491 403 1545 uerbo
422 1492 513 1546 subito
531 1508 697 1562 componere
718 1490 827 1558 molem,
950 1492 1001 1560 qui
1019 1499 1151 1546 namus!
1167 1494 1247 1560 Erpa
1265 1494 1316 1547 hoc
1335 1492 1413 1545 uobis
1431 1489 1596 1544 incredibile
1611 1505 1667 1543 non
1686 1491 1784 1543 videa·

85 1576 190 1631 Omnia
208 1578 245 1630 sle
261 1577 352 1631 nihilo
370 1594 478 1646 quaque
503 1595 568 1632 soce
582 1586 697 1648 potente
710 1593 837 1647 porart;
949 1585 1003 1646 tur,
1023 1578 1092 1647 quia
1110 1581 1194 1648 quasi
1208 1588 1370 1651 putrescere
1388 1586 1512 1633 mortuos
1530 1577 1632 1631 videtis
1652 1585 1679 1630 et
1697 1575 1741 1629 ire
1754 1577 1784 1628 in

84 1661 143 1716 (luc
160 1681 215 1718 non
235 1679 268 1717 ee
284 1663 383 1733 aliquo
398 1665 489 1733 possit
507 1682 672 1735 componere
691 1672 796 1726 notam,
949 1665 1068 1717 cinerem
1087 1673 1112 1718 et
1130 1666 1160 1719 in
1176 1666 1330 1737 polluerem.
1368 1665 1471 1719 Omnia
1494 1678 1564 1733 quae
1587 1663 1784 1733 discerpuntur

84 1748 163 1812 Quae
178 1750 278 1813 fuerat
303 1752 456 1819 qnondam,
471 1769 553 1819 quam
566 1755 687 1817 firmerat
702 1757 766 1805 ante
782 1749 926 1816 fipurcmt
950 1756 976 1801 el
1006 1751 1037 1802 in
1064 1751 1186 1813 facilius
1217 1752 1357 1820 quasdam
1387 1756 1558 1819 putrescunt,
1588 1748 1700 1816 intepra
1724 1752 1787 1803 Deo

80 1835 297 1904 Assimilempue
314 1835 370 1888 sihi
382 1837 484 1904 jubeat
503 1854 649 1906 resecrpsre
665 1837 816 1903 farinam!
949 1842 1021 1903 sunt,
1040 1836 1070 1889 in
1088 1837 1142 1890 illa
1159 1838 1231 1890 enim
1251 1837 1385 1890 elementa
1404 1836 1504 1890 mundi
1514 1842 1587 1903 eunt,
1607 1835 1683 1888 unde
1690 1834 1786 1905 primo

84 1923 152 1974 (lum
170 1921 227 1975 sint
247 1931 351 1975 cuncta
373 1922 437 1986 Dei,
462 1925 559 1978 recidit
578 1925 668 1992 rnapis
689 1923 783 1977 omnia
799 1921 890 1987 tellus,
950 1927 1090 1977 uenerunt.
1119 1939 1200 1978 serm.
1231 1927 1268 1978 19.
1297 1922 1332 1976 de
1365 1922 1438 1978 verb.
1466 1926 1571 1990 apost:
1603 1922 1643 1974 Te
1660 1919 1787 1989 appello,

81 2000 172 2061 Jus'sa
195 2008 295 2062 retcnil
320 2009 409 2073 enim,
435 2011 579 2080 quidquid
602 2017 762 2065 contexerat
782 2008 858 2063 olim.
874 2014 923 2060 etc.
950 2008 1104 2075 quicunque
1129 2008 1243 2076 infideli
1261 2007 1356 2061 animo
1382 2009 1417 2060 do
1443 2006 1650 2061 resumectione
1673 2005 1787 2059 duhdas

81 2093 207 2148 Hilarius
225 2093 256 2149 iu
273 2094 376 2150 Pselm.
396 2101 438 2150 63.
458 2114 485 2167 p.
505 2102 574 2153 409:
615 2096 671 2158 Qui
693 2094 925 2149 ressurrectionem
950 2099 976 2145 el
990 2100 1086 2162 putas,
1116 2112 1171 2148 non
1187 2112 1272 2163 posse
1289 2100 1411 2148 mortuae
1441 2092 1624 2157 cumulari,
1655 2093 1726 2161 quid
1743 2098 1785 2144 est
1835 2161 1842 2175 ι

82 2180 180 2234 carnis
209 2181 366 2248 ahnepulit,
393 2183 471 2249 sciet,
495 2201 550 2238 non
569 2183 716 2253 difficilem
735 2182 796 2251 ejus
816 2180 923 2233 inclau-
950 2178 1081 2247 amplius,
1106 2196 1139 2233 eu
1156 2178 1246 2233 nihilo
1266 2179 1391 2233 homines
1409 2179 1517 2242 facere,
1536 2178 1586 2247 oui
1601 2177 1710 2244 otnant,
1737 2184 1787 2230 aut
1800 2180 1877 2225 ”111-
1893 2179 1940 2223 ³⁵⁰·

81 2267 222 2321 rationem
236 2270 370 2333 suturam
393 2267 428 2336 ei,
454 2268 502 2322 cui
518 2269 662 2322 inchoatio
677 2267 776 2336 prima
793 2266 830 2319 sit
847 2265 922 2332 faci·
951 2281 1007 2330 sos,
1027 2265 1077 2333 qui
1092 2266 1169 2331 facti
1187 2273 1295 2319 suntet
1316 2265 1453 2327 rinmunt,
1473 2279 1613 2332 reparare
1628 2270 1694 2332 post
1713 2260 1806 2317 risos·-¹

84 2353 129 2406 lis.
168 2351 341 2423 Epiphanius
359 2351 377 2412 l.
397 2359 420 2408 2.
441 2353 504 2409 eds.
527 2353 603 2410 haer.
628 2360 692 2409 tom.
718 2359 741 2408 1.
769 2352 844 2407 haer.
872 2350 923 2406 ult.
949 2356 1022 2405 tem!
1063 2352 1161 2420 Utique
1182 2351 1250 2422 plus
1271 2357 1312 2405 est
1339 2354 1444 2415 facore,
1469 2352 1546 2419 quod
1562 2366 1705 2418 nunquam
1720 2349 1787 2417 fuit,

83 2455 113 2509 p.
130 2442 198 2494 5⁰³:
218 2439 254 2492 Si
273 2440 353 2492 Deus
383 2455 416 2492 ee
440 2438 530 2493 nihilo
547 2439 618 2506 fecit
635 2456 757 2508 corpora
777 2446 808 2491 ut
826 2445 922 2505 essent,
950 2455 1033 2507 quam
1053 2434 1206 2506 reparare,
1233 2440 1310 2508 qnod
1320 2438 1391 2506 fuit.
1431 2438 1576 2500 Quomodo
1600 2453 1667 2506 erpo
1685 2436 1787 2505 impos·

85 2531 189 2594 manto
206 2524 298 2594 mapis
316 2524 350 2577 id
368 2526 446 2592 quod
463 2533 514 2592 cst,
537 2524 567 2578 in
581 2524 735 2594 proprium
753 2531 857 2577 statum
870 2523 923 2589 fa-
949 2523 1029 2577 sibile
1048 2541 1106 2577 esse
1125 2523 1206 2589 dicis,
1224 2531 1255 2577 ut
1274 2526 1362 2591 Deus,
1381 2524 1431 2593 qui
1443 2523 1581 2578 hominem
1596 2522 1741 2590 formauit,
1756 2538 1789 2574 ec

84 2609 139 2663 cile
157 2609 322 2664 restituerit.
367 2608 520 2681 Gregorius
540 2610 626 2682 Nyso.
650 2627 689 2668 or.
716 2615 738 2666 3.
765 2609 800 2663 de
823 2623 922 2663 resurr.
950 2609 1040 2663 nihilo
1060 2610 1217 2673 reformet!
1238 2610 1383 2673 Quomodo
1403 2628 1455 2665 nos
1473 2610 1610 2664 nescim-e
1626 2626 1683 2663 non
1696 2615 1789 2679 potest

84 2694 150 2751 chr.
167 2712 195 2766 p.
214 2700 273 2751 162:
292 2695 411 2750 Audisti
428 2699 505 2767 quod
518 2698 615 2767 poton
637 2698 810 2763 adsormcm
824 2695 922 2749 reduc·
949 2713 1094 2752 consonos
1114 2696 1144 2750 in
1165 2698 1315 2766 mulcerem,
1357 2697 1407 2768 qui
1424 2696 1536 2751 etiamsi
1554 2695 1585 2750 in
1604 2695 1723 2750 nihilum
1745 2711 1788 2748 re·

84 2789 129 2836 tris
147 2790 174 2837 et
193 2781 275 2836 ltomo
286 2782 390 2850 sactus
407 2790 453 2838 est.
493 2785 573 2838 Doce
592 2783 681 2852 ipitur
699 2799 742 2836 me
760 2798 864 2850 quaeso
883 2787 923 2847 tu,
949 2782 1083 2851 dicemus,
1097 2784 1196 2847 facere
1215 2790 1328 2853 poterat
1345 2790 1375 2837 nt
1394 2798 1523 2846 essemus,
1540 2783 1612 2835 sicut
1630 2781 1721 2852 effecit
1737 2798 1789 2834 nos

84 2867 135 2938 qui
151 2875 202 2922 tua
221 2867 364 2936 sapientia
384 2868 478 2922 omnia
496 2869 647 2937 consplecti
669 2869 719 2937 cis,
737 2885 793 2937 pua
814 2867 925 2920 ratione
951 2885 1019 2937 mse,
1047 2886 1109 2923 cum
1140 2877 1225 2923 antea
1263 2888 1405 2940 nunquam
1435 2869 1605 2936 Meamne?
1635 2865 1787 2939 Gregorius

84 2954 174 3010 unms
186 2953 285 3024 pulvis
303 2954 460 3026 dicipulus
477 2963 590 3009 coactns
608 2955 667 3009 sit!
690 2956 827 3023 monsedo
848 2961 924 3007 terra
950 2955 1023 3011 hom.
1042 2961 1083 3010 26.
1102 2955 1132 3010 in
1149 2971 1264 3027 eveng.:
1282 2959 1378 3027 Lonpe
1399 2957 1489 3010 minus
1506 2963 1547 3010 est
1568 2956 1630 3008 Deo
1649 2968 1788 3023 reparare

84 3057 153 3096 cero
169 3041 252 3105 sacta
271 3041 331 3094 citt
355 3049 385 3095 at
406 3041 457 3110 pui
474 3043 573 3096 eadem
599 3041 793 3109 materiaque
811 3040 923 3094 ratione
949 3044 1027 3111 prend
1041 3041 1108 3109 fuit,
1128 3060 1212 3111 orsam
1231 3058 1350 3107 creasse,
1370 3045 1448 3113 quod
1465 3058 1521 3096 non
1532 3042 1604 3110 suit.
1639 3040 1699 3095 Aut
1718 3039 1789 3110 quid

85 3135 112 3182 ct
137 3143 203 3181 ossa
230 3133 257 3181 et
284 3134 372 3180 cutem
401 3135 427 3179 et
455 3128 570 3196 adipem
598 3135 624 3180 et
642 3127 722 3196 pilos
747 3126 924 3192 confecerit!
949 3129 1060 3195 mirum,
1089 3128 1116 3180 si
1146 3128 1282 3183 hominem
1315 3147 1347 3185 eu
1363 3130 1481 3199 pulnere
1497 3129 1607 3198 refecit,
1637 3127 1687 3197 qui
1702 3124 1788 3181 mmuh

85 3212 224 3283 quomodo
246 3229 310 3266 eum
335 3230 394 3265 una
412 3214 450 3266 sit
468 3231 552 3279 curo,
584 3213 712 3268 diuersae
733 3232 795 3268 cnm
812 3215 924 3277 formae
950 3215 1045 3268 omnia
1063 3230 1096 3266 ee
1115 3214 1203 3269 nihilo
1221 3216 1344 3270 creavit?
1381 3215 1569 3270 Demsseenus
1589 3212 1638 3268 lib.
1661 3218 1687 3268 4.
1715 3211 1786 3267 orth.

85 3299 278 3367 monstrorum
304 3305 362 3352 tum
380 3299 534 3367 qualitates
555 3306 581 3354 ct
599 3307 690 3354 tactas
707 3300 785 3353 sirit!
810 3316 920 3367 quomo·
949 3298 996 3356 fid.
1022 3316 1046 3354 o.
1067 3304 1108 3355 28.
1128 3299 1157 3354 in
1174 3299 1273 3370 prino:
1302 3301 1368 3356 Non
1394 3302 1532 3369 impotens
1558 3306 1598 3352 est
1619 3299 1658 3361 is,
1688 3297 1785 3367 quiin

87 3387 125 3439 ‹to
137 3385 238 3455 psalmo
250 3391 328 3439 tactu
340 3384 447 3448 ruallus,
462 3386 558 3438 colors
572 3386 686 3451 lividus,
697 3386 778 3454 jecur
791 3385 923 3448 solidum,
945 3386 1092 3455 principio
1112 3401 1144 3439 eu
1158 3386 1275 3455 puluere
1288 3394 1380 3441 torrae
1395 3404 1498 3456 corpus
1518 3385 1669 3449 consuluit,
1686 3401 1786 3438 rursus

81 3472 198 3538 firmum
217 3478 244 3524 et
261 3488 317 3524 non
335 3472 436 3524 cedens
453 3487 488 3523 ac
504 3471 642 3524 moerent
675 3489 725 3524 cor
742 3471 922 3525 constrictum
948 3472 1101 3526 resolutum
1120 3479 1146 3527 et
1164 3488 1325 3527 conosi-eum
1344 3474 1374 3527 in
1392 3481 1507 3539 marri,
1540 3488 1649 3540 empta
1666 3477 1787 3523 sumtum

87 3575 122 3611 ac
138 3556 293 3610 durissima
302 3556 581 3625 particulacurnis!
598 3557 656 3612 tien
673 3575 760 3611 rurus
780 3566 806 3611 et
826 3558 924 3625 nipe?
948 3560 1055 3625 fuerat,
1082 3559 1235 3612 secundum
1258 3560 1413 3614 conditoris
1439 3559 1560 3626 dictum,
1582 3557 1685 3610 iterato
1711 3556 1787 3610 eund

86 3649 224 3696 omentum
249 3642 343 3696 adum
365 3650 391 3695 et
416 3643 508 3696 instar
519 3643 675 3711 piscatorii
691 3644 760 3696 retis
780 3661 799 3695 a
819 3649 923 3696 natura
950 3646 1096 3700 sciscitare.
1119 3644 1156 3697 Et
1168 3645 1219 3700 sub
1232 3643 1280 3699 fin.
1291 3662 1367 3716 esp:
1388 3646 1472 3700 Dicet
1487 3645 1636 3714 quispiam,
1647 3644 1786 3713 quamodo

85 3729 300 3800 complicatum?
320 3737 370 3784 etc.
392 3748 417 3800 p.
440 3734 505 3785 163:
526 3730 646 3783 Ostende
665 3729 734 3784 mihi
752 3730 861 3783 ratione
881 3736 924 3782 at·
949 3738 1095 3800 reserpent
1114 3732 1237 3785 mortui!
1273 3731 1527 3800 Oinficlelitalem,
1548 3749 1565 3784 ο
1583 3729 1787 3799 insipientium.

86 3831 139 3884 pue
160 3815 288 3869 oratione
314 3823 363 3869 tna
382 3817 520 3886 proconesio
541 3816 667 3881 haeres,
702 3833 773 3884 quas
790 3816 925 3884 videmus,
954 3818 1008 3881 Qui
1025 3818 1168 3886 pulverem
1188 3819 1219 3871 in
1237 3837 1338 3888 corpus
1359 3819 1423 3873 sola
1446 3820 1589 3873 voluntale
1616 3823 1787 3871 transmuta·
1814 3812 1817 3816 ⁴

87 3903 128 3956 ad
157 3900 305 3956 essentiam
319 3905 479 3971 prodactae
505 3902 570 3970 sint,
601 3902 659 3970 dic,
678 3919 735 3972 pua
753 3909 815 3955 arte
835 3902 927 3955 multi·
950 3904 1000 3967 nit,
1030 3904 1080 3972 qui
1103 3921 1224 3973 parvam
1251 3906 1389 3959 materiae
1416 3906 1531 3969 stillam,
1557 3905 1577 3962 i.
1597 3920 1620 3960 e.
1645 3920 1736 3958 semen
1757 3903 1787 3955 in

81 3991 180 4058 sosine
199 3986 250 4042 hoo
267 4005 339 4057 opus
361 3989 486 4042 creauit!
509 4005 576 4041 nam
594 3988 623 4041 si
639 3987 707 4040 haec
727 3987 927 4055 escops'tooeris
951 3997 1031 4044 utero
1050 3990 1211 4044 adolescere
1227 3981 1373 4059 praecepit
1392 3991 1501 4054 olfecit
1518 3990 1596 4043 illud
1614 3990 1788 4053 multiforme

88 4082 172 4144 elprae
207 4073 375 4142 compereris
411 4074 512 4128 merito
536 4074 691 4144 perplexim
721 4082 747 4127 et
773 4073 926 4143 implicitae
952 4083 978 4128 et
1008 4075 1204 4129 multimodum
1234 4076 1363 4145 corporis
1395 4093 1542 4144 erponem,
1571 4091 1663 4129 nonne
1695 4072 1788 4143 mapis

88 4160 214 4215 haesitm
239 4167 265 4213 et
288 4176 430 4214 mutasses
449 4167 476 4212 ct
493 4159 665 4228 indipnaris,
683 4161 760 4227 quod
777 4175 925 4226 reponere·
952 4165 1029 4231 quod
1045 4161 1104 4224 suit
1123 4169 1149 4215 ct
1166 4161 1291 4230 destituit,
1310 4163 1410 4216 ilerum
1429 4160 1576 4216 numtahit
1602 4161 1665 4215 sola
1690 4160 1789 4214 nolun-

89 4247 174 4300 donis
192 4244 473 4311 transformationem
490 4245 592 4314 nmcie,
611 4245 661 4313 qui
673 4246 864 4313 uenerationis
878 4263 924 4299 ra·
952 4249 1027 4302 tote!
1044 4248 1087 4301 Ex
1105 4246 1179 4301 Filii
1197 4248 1256 4301 Dei
1274 4248 1469 4302 incarnatione
1493 4253 1521 4301 et
1545 4252 1642 4301 ennete
1668 4247 1735 4315 ejus
1753 4261 1788 4300 ex

89 4333 190 4387 tionem
205 4333 287 4386 haud
303 4331 416 4400 ipnorcs
439 4339 490 4386 etc.
527 4331 608 4385 [dem
632 4331 741 4395 artifee
765 4341 806 4386 est
825 4339 850 4387 et
863 4331 925 4402 pri·
951 4332 1058 4405 virgine
1092 4332 1236 4388 nativitato
1273 4333 1370 4388 itidem
1407 4333 1635 4388 resurrectionem
1664 4337 1785 4387 nostrum

89 4437 150 4475 mac
176 4418 328 4472 creationis
355 4425 380 4471 et
397 4419 537 4473 emendae
560 4418 832 4484 transformationes.
868 4419 925 4472 No·
951 4418 1074 4474 inferunt
1093 4419 1132 4489 pii
1153 4425 1268 4477 veteres.
1326 4419 1356 4475 si
1377 4420 1450 4474 enim
1469 4420 1563 4474 divina
1583 4418 1710 4490 potentie
1726 4416 1787 4473 fieri

89 4506 136 4575 rs't,
157 4507 296 4575 quomodo
313 4521 394 4559 sunm
412 4522 483 4575 opus
508 4504 675 4559 dissoledum
696 4522 795 4559 rursus
816 4506 926 4560 concin-
953 4506 1059 4575 potuit,
1084 4513 1114 4560 ut
1134 4505 1223 4560 Filius
1240 4506 1293 4562 Dei
1311 4523 1344 4561 ex
1362 4506 1470 4578 virgine
1489 4511 1661 4573 nasceretur,
1692 4505 1789 4576 utique

89 4599 134 4647 net
152 4600 178 4646 et
197 4593 239 4646 ad
257 4592 412 4661 pristinum
435 4599 538 4646 statum
562 4592 688 4646 retincat.
723 4592 759 4646 Si
781 4592 924 4661 capientia
952 4593 1049 4646 eedem
1081 4592 1206 4662 potentin
1233 4591 1291 4648 fieri
1318 4593 1427 4663 poterit,
1449 4599 1481 4647 ut
1505 4598 1578 4647 terre
1598 4597 1720 4648 omnium
1740 4608 1788 4647 no·

89 4696 158 4749 opus
177 4684 227 4743 est,
243 4679 312 4742 sons
330 4677 489 4747 sapientiae
507 4685 548 4731 est
568 4680 650 4747 apud
668 4678 767 4747 illum5
787 4679 814 4731 si
830 4685 925 4748 poten·
952 4685 1038 4732 sturm
1059 4685 1148 4732 mator
1165 4678 1195 4732 in
1219 4678 1429 4734 resuscitatione
1447 4693 1565 4749 corpora
1581 4684 1677 4733 nostre
1700 4678 1786 4733 enite-

88 4766 128 4819 tia
149 4771 175 4819 et
193 4764 300 4818 sirihses
318 4782 389 4833 opus
407 4772 456 4832 est,
473 4782 528 4818 non
546 4765 655 4834 indipet
674 4765 751 4819 socio
770 4772 818 4818 ant
837 4764 925 4831 octiu-
952 4771 1005 4819 tur.
1039 4763 1217 4820 Bernhardus
1233 4782 1314 4820 serm.
1331 4771 1357 4821 4.
1385 4764 1420 4820 de
1437 4763 1521 4819 uelim
1547 4764 1600 4820 col.
1620 4770 1668 4819 43:
1689 4764 1788 4817 Facile

88 4859 155 4906 lore.
193 4848 296 4907 Confer
315 4851 434 4906 eundem
449 4850 478 4905 iu
493 4851 509 4906 l.
530 4850 565 4906 de
582 4850 693 4921 opificio
706 4850 826 4906 hominis
844 4868 869 4906 o.
886 4856 926 4908 ll.
952 4852 1006 4904 ecit
1025 4851 1059 4915 ei,
1075 4867 1129 4920 per
1148 4867 1228 4920 quem
1247 4860 1335 4905 osmer
1353 4852 1420 4920 ipsa
1438 4851 1677 4919 incorruptionem
1689 4850 1786 4904 curnis

88 4944 117 4994 et
134 4944 177 4994 2¹1.
202 4936 323 5007 Cyrillus
349 4936 484 4992 Alexand.
508 4936 525 4992 l.
545 4942 569 4993 2.
588 4937 617 4990 in
634 4935 698 4996 toh.
719 4953 743 4991 e.
770 4943 835 4994 145:
873 4938 929 5000 Qui
953 4956 1009 4991 non
1035 4938 1164 5006 perdidit
1187 4938 1348 5007 pariendo,
1376 4945 1406 4990 ut
1427 4943 1453 4989 sl
1482 4925 1698 5005 incorruptibile
1735 4936 1787 4990 hoc

87 5041 106 5078 a
136 5023 228 5078 nihilo
257 5031 358 5078 cuncta
386 5023 534 5093 produxit,
566 5025 706 5093 quomodo
735 5040 792 5078 non
810 5024 929 5093 poterit,
953 5024 1192 5092 incorruptionem
1215 5024 1316 5076 induat
1341 5023 1521 5092 resumendo.
1560 5020 1788 5092 Theopbyhsetus

86 5127 159 5180 quae
186 5109 272 5164 semel
299 5110 445 5179 producta
475 5116 547 5175 sunt,
577 5110 613 5164 ab
637 5109 753 5164 interitu
775 5114 817 5165 ad
840 5111 926 5164 eitam
951 5112 988 5167 iu.
1010 5107 1185 5166 c.:s.1³hi1.:
1224 5108 1258 5162 Si
1280 5110 1449 5163 resurrectio
1470 5125 1503 5162 eo
1519 5108 1581 5177 fide
1601 5110 1790 5177 eopnosoitur,

87 5214 200 5251 rursum
222 5201 375 5250 reuocaret
409 5196 536 5266 ejusdem
561 5203 635 5250 certe
652 5203 799 5266 utmmpue
818 5213 853 5250 ac
873 5196 924 5250 im·
953 5199 1090 5270 promocio
1110 5199 1188 5267 proed
1204 5197 1298 5266 majus
1315 5205 1364 5266 est,
1380 5196 1514 5250 nimirum
1530 5194 1666 5248 nativitas
1682 5193 1791 5248 Christi

86 5299 198 5339 menese
219 5282 369 5352 potestatis
388 5288 437 5336 eet.
477 5280 641 5337 Ambrosius
670 5283 706 5339 de
732 5282 779 5340 fid.
811 5297 924 5338 resurr:
953 5284 1110 5339 rationibus
1134 5283 1379 5352 deprehendetur!
1413 5289 1444 5336 at
1470 5299 1527 5351 pua
1551 5280 1661 5334 ratione
1678 5280 1713 5334 id
1730 5297 1786 5333 ma-

90 5371 170 5424 Unde
188 5369 241 5422 hoc
259 5374 344 5439 capnt
365 5375 391 5423 et
407 5368 502 5423 rultns
519 5369 571 5424 iste
594 5369 755 5426 mirabilis!
775 5371 858 5439 cujus
876 5388 922 5424 or-
951 5370 998 5437 jus
1017 5375 1075 5423 esll
1102 5370 1170 5438 qnia
1196 5368 1410 5423 resurrectionis
1440 5367 1529 5421 mulla
1555 5373 1620 5420 eunt
1653 5373 1787 5435 exempla.

86 5456 190 5525 eptam
207 5472 264 5510 non
280 5454 416 5520 eidemin,
435 5471 505 5524 opus
519 5455 645 5509 eiciemus
663 5461 713 5512 etc.
750 5454 854 5524 Ipnota
876 5474 925 5510 no·
951 5456 1044 5510 Multi
1060 5470 1179 5524 nomque
1200 5462 1227 5508 ct
1252 5461 1316 5508 ante
1337 5453 1478 5510 Christum
1497 5458 1720 5520 recensuerant,
1751 5468 1785 5506 ee

88 5542 130 5596 his
148 5549 214 5596 sunt
231 5549 352 5597 naturae
377 5559 497 5612 arpano,
518 5544 572 5598 sed
591 5547 658 5597 mea
678 5540 848 5599 ministeria.
882 5543 924 5598 Et
949 5541 1060 5610 sirpine
1073 5547 1165 5597 autem
1184 5554 1264 5596 nemo
1282 5557 1405 5612 unquam
1421 5547 1504 5595 natm
1520 5545 1592 5595 erat.
