4104 6014
892 225 942 282 nu
962 225 1101 288 noat'n
1765 242 1823 302 173

124 380 358 446 devianslaudat,
377 380 452 452 quod
463 398 524 435 cum
535 380 571 435 ab
579 386 691 436 auctore
701 381 784 451 hujus
796 380 892 451 scripti
907 379 965 434 fieri
977 374 981 455 l
994 393 1027 432 ex
1045 381 1115 452 legis
1134 382 1244 437 divinae
1260 383 1450 455 praescripto,
1468 385 1517 439 sed
1536 401 1569 438 ex
1587 384 1725 440 humanae
1742 391 1824 444 ratio·

122 467 280 535 videamus,
292 483 343 537 pro
354 463 532 536 droarsinmp
545 467 615 521 illud
626 467 729 522 habere
746 485 800 521 nou
813 483 966 537 possumus.
977 463 979 509 Ι
991 464 1034 517 nis
1052 465 1216 537 dialogismo
1235 483 1253 521 a
1270 468 1347 523 luda
1366 468 1435 522 illud
1456 485 1516 525 esse
1532 468 1645 527 factum.
1675 478 1699 527 l.
1719 473 1825 545 Negari

162 558 221 610 att.
258 559 282 609 3.
301 551 330 607 Si
349 553 393 608 vel
416 552 533 606 maxime
565 552 676 621 demus,
700 552 802 607 Judam
831 524 1100 619 sacrificiainsquit,
1127 553 1343 623 tnuctemporis
1364 562 1495 625 exparte
1523 555 1718 612 labefactatam
1738 558 1825 616 tuisse

126 655 178 708 pro
197 637 311 694 mortuis
331 636 424 691 offerri
441 637 558 706 jussisse
579 645 607 691 et
626 638 785 693 sacerdotes
806 636 964 705 Hierosoly·
976 644 978 687 ἒ
990 633 1019 687 in
1039 636 1156 690 ecclesia
1179 637 1334 692 Israelitics
1354 638 1495 693 doetrinae
1523 657 1556 695 ac
1575 640 1718 712 religionis
1738 642 1825 698 since·

125 723 247 778 mitanos
265 722 404 778 mandatis
424 740 483 777 sese
503 722 688 792 obsequentes
709 723 885 794 praebuisse,
908 692 1112 791 nonfritatem,
1141 723 1207 792 qnia
1224 722 1327 778 ludaei
1355 741 1388 778 ex
1415 724 1584 779 Graecorum
1615 743 1647 781 ac
1678 728 1824 797 gentilium

127 816 223 865 nmen
242 810 380 877 seqnitur,
398 809 473 879 ipsos
494 808 539 879 pie
559 826 590 862 nc
609 809 788 863 laudabiliter
806 809 904 879 egisse,
921 807 1190 871 at·,consnetudine
1228 809 1318 863 multa
1347 809 1400 863 sibi
1430 811 1508 880 qnasi
1541 810 1728 866 affricuerant.
1777 813 1824 869 Sic

125 911 181 967 qne
206 896 261 950 hoc
288 895 410 965 ipsorum
437 894 540 948 factum
574 895 726 949 imitatione
754 895 868 965 dignum
894 884 1013 959 essait.
1032 891 1158 947 Maccab.
1177 899 1202 957 4,
1223 911 1248 949 r.
1265 901 1303 949 lo.
1322 895 1409 950 Jason
1427 911 1489 950 cum
1507 897 1690 952 sacerdotium
1709 906 1738 953 at
1749 898 1823 969 prin·

127 979 194 1050 quia
210 979 336 1035 fecerunt
362 980 433 1033 illud
458 979 517 1034 sine
547 980 670 1034 mandati
699 979 784 1033 divini
814 977 961 1048 suffragio3
988 977 1109 1046 cipetum
1128 977 1301 1042 obtinuisset,
1322 981 1416 1035 statim
1436 984 1479 1035 ad
1489 984 1606 1051 pentilss
1623 984 1696 1037 ritas
1718 985 1821 1038 contri-

122 1066 184 1134 jam
207 1081 273 1122 rere
300 1067 328 1120 in
357 1064 470 1119 civitate
489 1064 542 1119 Dei
575 1081 629 1118 non
663 1064 795 1134 exemplis
813 1063 963 1125 hominum,
990 1063 1067 1115 hales
1086 1081 1152 1117 snos
1177 1067 1336 1134 transferre
1362 1068 1468 1136 coepit,
1494 1084 1521 1122 v.
1547 1074 1586 1124 12.
1611 1070 1709 1122 etenim
1737 1087 1823 1124 attens

128 1150 176 1204 sed
207 1150 315 1222 legibus
339 1150 392 1205 Dei
425 1156 468 1204 est
488 1150 643 1204 nir-errdum.
694 1149 810 1205 Constat
836 1149 962 1219 exemplo
989 1156 1030 1199 est
1047 1149 1098 1201 aab
1117 1149 1182 1219 apsa
1200 1167 1266 1203 aree
1292 1154 1466 1219 pymnnsiam
1490 1153 1636 1208 instituere
1660 1162 1685 1207 et
1704 1156 1823 1224 optimos

128 1235 264 1292 Gideonis
283 1236 458 1291 idololatriae
471 1237 644 1291 occasionem
657 1236 730 1290 bona
743 1252 793 1290 sna
810 1235 962 1289 intentione
988 1234 1154 1302 epheborum
1182 1237 1366 1304 mabar-nabat,
1402 1245 1432 1291 at
1461 1238 1503 1291 ibi
1530 1255 1560 1291 se
1588 1248 1747 1293 exercerent
1770 1246 1822 1296 stc.

129 1323 334 1392 suppeditantis
351 1322 417 1378 Jnd.
437 1328 463 1390 8,
479 1341 504 1379 v.
527 1328 567 1380 27.
586 1322 743 1392 praeclaros
761 1322 847 1377 daces
865 1320 961 1391 populi
989 1320 1013 1375 8.
1031 1318 1073 1372 Ex
1092 1320 1189 1375 eodem
1207 1321 1292 1387 fonte,
1311 1323 1442 1378 videlieet
1455 1339 1488 1378 ex
1505 1325 1650 1395 gentilium
1667 1329 1823 1396 κακοζηλίᾳ,

128 1406 181 1461 Dei
205 1413 270 1477 post
298 1408 458 1478 impetratas
487 1408 617 1462 victorias
645 1408 811 1478 quandoque
839 1407 962 1477 graviter
987 1404 1108 1474 profluit,
1126 1407 1202 1476 qnod
1220 1415 1318 1462 auctor
1334 1409 1418 1478 hujus
1437 1408 1502 1463 libri
1522 1410 1626 1467 Raaiae
1647 1410 1822 1483 αὐτοχειρίαν

128 1493 220 1564 lapsos
238 1510 307 1561 esse,
327 1493 410 1564 quale
430 1494 497 1563 quid
514 1494 598 1549 etiam
617 1493 710 1549 Judae
728 1492 897 1548 Maccabaeo
915 1492 960 1545 hie
987 1489 1092 1544 laudat.
1131 1492 1316 1547 Bellarminus
1342 1494 1456 1564 quidem
1480 1495 1595 1566 regerit,
1619 1497 1739 1551 Roriam
1759 1497 1821 1551 lan·

128 1580 288 1650 contingere
299 1580 398 1649 potuit
428 1579 539 1650 Excipit
554 1580 747 1649 Bellarmiaus,
766 1587 960 1648 arpnmentnm
988 1577 1063 1640 dari,
1083 1580 1160 1645 qaod
1174 1579 1291 1642 fortiter
1310 1588 1335 1633 et
1349 1581 1472 1634 viriliter
1491 1583 1592 1649 sperit,
1612 1600 1667 1636 non
1685 1585 1762 1651 qnod
1770 1585 1822 1652 pie

126 1684 181 1721 non
199 1666 274 1719 sami
288 1667 324 1720 ab
342 1667 469 1737 exemplo
487 1668 569 1719 anias
587 1667 715 1732 hominia,
733 1667 785 1719 sed
798 1665 906 1734 partim
924 1664 960 1716 ab
987 1670 1013 1715 et
1038 1671 1148 1727 sancte,
1175 1665 1220 1718 ael
1244 1667 1272 1719 si
1293 1666 1430 1734 probetur
1448 1666 1499 1720 hoc
1521 1669 1629 1729 saetam
1650 1670 1688 1722 ab
1706 1677 1822 1723 aremare

126 1753 241 1821 antiqno
264 1760 291 1805 et
314 1752 426 1807 solenni
447 1754 505 1806 rita
536 1753 670 1805 ecclesiae
699 1753 729 1808 V.
758 1752 787 1806 T.
807 1752 916 1820 partim
942 1768 961 1802 a
986 1748 1070 1817 hrains
1089 1749 1169 1817 libri,
1199 1752 1349 1804 dicendam
1368 1768 1442 1818 esse,
1467 1756 1544 1821 mma
1570 1755 1676 1808 Rosiae
1694 1755 1822 1809 habererit

127 1839 282 1892 testimonio
300 1837 456 1902 infallibili
481 1838 629 1905 scriptoris
652 1838 734 1891 sacri
785 1836 869 1897 erod
886 1835 960 1888 enim
983 1835 1159 1903 pemrliarem
1183 1837 1398 1905 inspirationem
1426 1846 1453 1891 et
1474 1847 1658 1908 praeceptam
1690 1841 1760 1907 Dei,
1790 1847 1822 1893 nt

126 1924 170 1976 hie
186 1924 277 1988 faerit
297 1923 421 1977 solennia
443 1924 517 1976 ritas
541 1924 689 1985 ecclesiae,
714 1930 806 1991 patet,
831 1939 892 1974 enm
909 1922 961 1974 hor
987 1920 1039 1973 hoe
1056 1924 1185 1989 faceret,
1215 1923 1288 1975 sient
1310 1922 1409 1975 habuit
1434 1923 1554 1980 Simeon.
1599 1925 1653 1981 Sed
1678 1926 1754 1995 prior
1771 1942 1821 1980 ex-

127 2010 187 2064 loeo
207 2011 328 2063 diadar:
350 2010 460 2077 Omnes,
479 2011 530 2077 qai
547 2027 609 2061 crim
627 2010 709 2061 Jada
729 2014 819 2074 erant,
839 2009 880 2059 ad
893 2024 961 2075 pre·
987 2006 1079 2075 ceptio
1097 2007 1262 2061 contradicit
1281 2007 1372 2061 verbis
1390 2014 1483 2063 textus
1501 2009 1519 2064 l.
1539 2015 1562 2064 2.
1582 2026 1644 2079 cap.
1668 2017 1712 2081 14,
1729 2029 1755 2068 v.
1774 2017 1821 2068 lt:
1858 2012 1864 2024 ’

126 2113 171 2149 ces
192 2112 353 2161 conversos,
378 2103 404 2147 et
423 2095 526 2147 deinde
554 2095 706 2146 collatione
720 2094 824 2160 saeta,
849 2093 901 2145 hoe
921 2099 961 2144 est
987 2093 1093 2144 Rarius
1111 2093 1210 2159 plodio
1228 2109 1259 2144 se
1274 2093 1361 2161 petiit
1379 2095 1484 2160 elipens
1496 2095 1628 2149 nobiliter
1640 2096 1715 2148 mori
1723 2097 1822 2166 potins

126 2181 248 2251 mapalis
274 2181 481 2248 conferentibus
494 2180 621 2247 aliquid,
646 2179 790 2231 collectam
817 2193 873 2231 esse
891 2176 962 2230 mul·
987 2195 1070 2245 means
1088 2178 1219 2230 subditam
1232 2178 1302 2245 fieri
1317 2181 1515 2246 peecatoribus
1534 2188 1559 2233 et
1582 2189 1681 2233 eontra
1709 2183 1821 2236 natales

127 2274 184 2319 tarn
198 2266 346 2334 pecaniam
377 2272 402 2317 et
426 2266 541 2317 missam
569 2282 587 2317 a
613 2265 695 2317 Jada
712 2263 823 2316 nornine
841 2264 962 2316 omniane
987 2280 1051 2316 snos
1071 2262 1188 2331 injuriis
1205 2266 1261 2331 api,
1276 2281 1301 2317 v.
1322 2269 1362 2319 43.
1376 2267 1578 2334 praecipitauit
1597 2283 1625 2319 se
1642 2266 1734 2336 ipsam
1753 2267 1820 2320 oiri·

126 2353 155 2404 in
182 2350 346 2405 Jamralam
373 2353 414 2404 nd
443 2351 589 2414 sacrificia
611 2368 668 2418 pro
695 2349 828 2416 mortuis,
855 2356 883 2401 et
908 2349 960 2401 hoc
987 2349 1053 2401 liter
1072 2349 1101 2400 in
1120 2349 1223 2402 trsrbas.
1249 2367 1275 2405 v.
1296 2356 1337 2406 46.
1363 2352 1503 2404 invocans
1523 2351 1727 2406 dominatorem
1745 2354 1820 2407 raas

125 2439 240 2506 paidom
257 2455 387 2503 mapsam
405 2445 445 2489 est
464 2443 664 2511 aspernantem,
683 2436 735 2486 aeri
751 2435 845 2500 moires
863 2442 903 2486 est
921 2436 962 2485 arl
986 2452 1021 2485 ae
1039 2435 1170 2502 spiritns,
1193 2443 1225 2487 at
1244 2435 1312 2488 haee
1333 2435 1381 2489 elli
1397 2437 1498 2488 iterum
1521 2439 1668 2507 redderet,
1693 2440 1752 2491 sim
1774 2440 1820 2491 de·

124 2525 207 2587 fidem
228 2522 394 2577 catholicam
423 2523 549 2589 faciens,
580 2523 656 2590 arrad
681 2521 802 2574 samitar
827 2520 960 2573 acerbis
985 2521 1100 2581 sanetas
1118 2529 1167 2576 est.
1207 2521 1346 2575 Posterior
1365 2523 1490 2591 exceptio
1510 2522 1595 2593 priori
1613 2524 1781 2579 contradicit
1791 2529 1821 2580 et

127 2610 293 2678 Seriptnrae
311 2624 411 2662 sacrae
427 2608 576 2662 laudantis
591 2608 746 2660 orationem
763 2606 960 2674 propeccatis
986 2605 1151 2675 principium
1169 2606 1315 2661 manifeste
1335 2607 1414 2677 petit,
1435 2625 1496 2662 curn
1517 2626 1573 2664 nou
1593 2611 1628 2664 ad
1651 2610 1820 2679 peculiarem

125 2703 298 2749 mortuoram
324 2701 459 2763 tanquam
487 2700 624 2755 sanctam,
642 2693 721 2760 piam
746 2699 771 2744 et
788 2692 960 2759 relipiosam.
986 2691 1105 2761 Spiritus
1123 2692 1212 2746 saneti
1231 2692 1448 2763 inspirationem,
1468 2695 1516 2748 sed
1534 2696 1569 2748 ad
1589 2695 1695 2766 gloriae
1713 2696 1819 2766 cupidi·

127 2780 351 2852 Respondemus:
383 2786 406 2836 l.
426 2779 570 2849 Scriptura
589 2779 658 2832 haec
685 2795 739 2833 non
759 2777 848 2848 pollet
866 2782 960 2831 sucto-
984 2783 1071 2831 tatem
1090 2783 1119 2832 et
1136 2778 1276 2833 servituris
1296 2778 1392 2850 fugam
1416 2796 1501 2834 caum
1527 2780 1610 2851 hujus
1637 2782 1770 2852 propositi
1790 2783 1820 2836 in

126 2866 208 2921 ritate
226 2866 360 2921 canonica
378 2865 594 2935 acprophetica,
612 2870 644 2918 ut
662 2863 771 2918 invictis
790 2863 960 2933 argumentis
987 2871 1063 2918 textu
1084 2864 1229 2919 referatur.
1271 2871 1297 2920 a.
1315 2864 1342 2918 A
1362 2871 1486 2935 tempore
1504 2866 1610 2920 reditus
1630 2866 1820 2921 Israr'litarum

128 2953 254 3022 superius
272 2951 450 3007 ostendimus.
485 2956 509 3005 2.
525 2950 621 3004 Verba
632 2950 682 3004 illa
700 2947 764 3003 ὁσία
784 2952 830 3001 sal
848 2945 961 3017 εὐσεβής
987 2968 1002 3004 e
1035 2950 1194 3022 babylone,
1228 2952 1339 3023 qnando
1371 2952 1463 3006 adhuc
1490 2953 1640 3023 propbetas
1673 2953 1820 3020 hebebant,

127 3038 237 3093 inirem
258 3039 285 3091 in
315 3043 392 3091 textu
419 3036 527 3091 Graeco
553 3036 694 3090 commode
723 3035 818 3090 referri
831 3041 959 3103 ,possunt
986 3048 1074 3108 usque
1104 3038 1140 3091 ad
1177 3044 1303 3107 tempora
1334 3038 1426 3093 Judae
1457 3037 1619 3093 Maccabaei
1656 3038 1821 3093 effluxerant

127 3124 163 3178 ad
192 3122 342 3193 superiora
366 3123 418 3176 hoc
449 3138 545 3190 seusu,
579 3124 656 3190 praed
684 3121 722 3174 sit
745 3130 843 3174 sancta
866 3130 891 3173 et
905 3121 959 3189 pia
986 3124 1051 3177 anni
1071 3128 1131 3187 372,
1150 3124 1252 3193 quibus
1271 3123 1378 3178 nullum
1396 3123 1552 3178 habuerant
1572 3123 1752 3193 prophetam,
1770 3123 1818 3194 qui

126 3211 257 3277 capitatio
271 3216 393 3262 recurrere
410 3208 461 3269 hia,
480 3208 529 3274 qai
546 3225 606 3259 cam
623 3208 727 3274 pietate
742 3208 959 3274 obdormierant,
985 3209 1072 3262 divini
1089 3208 1180 3262 cultus
1198 3207 1420 3262 reformationem
1447 3215 1475 3262 et
1494 3208 1660 3263 sinceritatis
1678 3208 1819 3263 doetrinae

127 3297 261 3366 optimam
279 3295 512 3363 repositam·asse
525 3290 712 3365 χιιρισιὴριον.
741 3291 859 3345 Latinus
875 3291 957 3345 inter·
984 3295 1212 3348 instaurationem
1233 3293 1400 3364 susciperet,
1428 3293 1494 3364 quid
1521 3311 1588 3365 ergo
1612 3295 1725 3360 mirum,
1744 3294 1818 3366 quod

125 3398 188 3452 pres
207 3379 405 3450 adaequantia
423 3378 639 3442 eademrctnlit,
658 3385 739 3432 utex
759 3377 851 3431 Judae
870 3394 957 3431 exem·
984 3380 1055 3434 labis
1090 3379 1195 3450 aliquid
1240 3380 1331 3434 cultus
1372 3379 1458 3433 divini
1504 3379 1634 3435 exercitio
1667 3380 1818 3435 insederit?

112 3467 171 3536 ‚plo
193 3467 344 3521 orationem
367 3481 417 3533 pro
440 3463 555 3518 mortuis
583 3462 717 3518 laudaret.
760 3468 785 3517 3.
805 3463 830 3516 Α
850 3460 959 3517 Macca-
988 3471 1027 3520 10.
1047 3465 1136 3530 Quam
1157 3465 1250 3536 exigui
1279 3463 1364 3519 inerit
1384 3464 1485 3534 judicii
1511 3465 1575 3519 libri
1600 3463 1686 3535 buJ'us
1713 3471 1817 3530 auctor,

127 3552 203 3607 bacis
231 3569 319 3622 usque
343 3551 379 3604 ad
399 3550 538 3605 Christum
559 3555 637 3603 tanto
662 3548 792 3617 temporis
810 3548 958 3602 intervallo
984 3550 1027 3605 vel
1049 3567 1081 3604 ex
1101 3567 1134 3605 eo
1152 3557 1281 3621 apparet,
1312 3550 1387 3619 quod
1412 3551 1441 3604 in
1459 3549 1514 3605 fine
1532 3550 1595 3605 libri
1615 3567 1639 3607 e.
1661 3557 1704 3618 15,
1728 3569 1753 3606 v.
1776 3556 1817 3607 39.

127 3637 219 3691 nullus
237 3637 340 3708 legitur
357 3638 410 3689 hoc
430 3634 585 3705 exemplum
611 3634 742 3687 imitatus.
789 3640 813 3688 4.
831 3632 890 3688 Nec
910 3635 958 3687 mi·
985 3636 1108 3704 dubitat,
1137 3654 1172 3690 an
1202 3637 1272 3690 bene
1288 3635 1331 3689 rel
1351 3635 1424 3689 male
1441 3635 1584 3690 historiam
1606 3635 1754 3706 scripserit,
1784 3653 1817 3691 ac

126 3722 188 3778 lites
207 3722 247 3775 illi
268 3739 317 3792 pro
332 3721 446 3776 mortuis
465 3721 596 3791 leguntur
610 3735 716 3785 orasse,
743 3721 794 3773 sed
810 3721 958 3787 penariam
984 3722 1093 3776 veniam
1113 3728 1264 3777 erratorum
1286 3738 1398 3774 suornm
1416 3721 1495 3791 petit.

126 3811 168 3861 acl
187 3808 358 3876 sacraficium
377 3806 545 3873 eontrrliaaa,¹
564 3822 616 3861 nac
634 3805 752 3858 militum
771 3805 855 3859 turba
872 3805 957 3859 eccle·
1020 3812 1078 3861 228.
1114 3813 1137 3860 4.
1156 3806 1213 3871 Illi,
1237 3821 1288 3875 pro
1314 3805 1416 3876 quibus
1435 3806 1527 3860 Judas
1545 3807 1633 3862 voluit
1651 3806 1818 3863 sacrificium

126 3893 194 3947 siam
214 3892 375 3948 catholicam
395 3890 553 3958 constituit,
580 3907 630 3945 nee
659 3908 732 3944 unns
754 3890 854 3960 aliquis
879 3896 958 3944 actus
984 3892 1085 3956 offerri,
1104 3891 1204 3946 mortui
1223 3895 1302 3946 eraut
1320 3891 1348 3944 in
1370 3899 1485 3962 peccato
1503 3894 1626 3961 mortali,
1651 3898 1818 3962 acceperant

126 3980 267 4034 solennem
292 3986 320 4033 et
345 3985 509 4049 perpetuum
534 3976 668 4032 eeclesiae
693 3977 775 4030 ritum
799 3976 957 4032 introducit.
984 3979 1057 4032 enim
1073 3976 1210 4052 ἱερώματα
1221 3976 1302 4030 idolis
1312 3975 1516 4031 Jamniensinm
1527 3984 1694 4033 consecrata.
1728 3978 1817 4042 Quam

128 4065 241 4120 Frustra
258 4065 343 4135 igitur
359 4064 545 4119 Bellarminns
565 4064 715 4134 gloriatur,
741 4062 910 4134 abantiquo
929 4072 967 4130 et⁴
984 4079 1049 4117 vero
1068 4079 1152 4132 grave
1170 4068 1199 4116 et
1214 4078 1325 4116 enorme
1344 4061 1429 4116 fuerit
1446 4063 1520 4116 istud
1540 4063 1681 4130 delictum,
1701 4068 1817 4133 apparet

125 4151 231 4207 solenni
251 4150 385 4205 ecclesiae
409 4151 465 4203 ritu
489 4155 683 4219 argumentum
706 4165 786 4202 snum
811 4165 870 4203 esse
888 4148 957 4219 peti·
984 4165 1038 4202 non
1050 4149 1139 4202 solnm
1151 4164 1184 4202 er
1196 4148 1265 4218 legis
1281 4147 1391 4201 divinae
1404 4148 1589 4217 prohibitione
1601 4147 1685 4203 Deut.
1700 4153 1724 4211 l,
1738 4167 1762 4201 r.
1775 4154 1816 4203 25.

107 4247 192 4294 tum.
240 4244 264 4291 5.
291 4237 373 4290 Ritus
403 4235 538 4291 ecclesiae
567 4235 717 4290 destitutus
754 4234 901 4289 manifesto
930 4243 957 4289 et
983 4234 1031 4288 scd
1057 4235 1140 4288 etiam
1164 4250 1198 4287 ex
1222 4233 1310 4302 ipsius
1335 4234 1456 4288 auctoris
1480 4234 1702 4304 exaggeratione.
1722 4250 1748 4286 v.
1768 4240 1815 4290 ld:

125 4339 254 4393 expresso
277 4322 330 4377 Dei
361 4323 445 4377 verbo
471 4339 526 4376 non
553 4327 646 4391 potest
669 4319 833 4375 confirmare
856 4321 958 4392 dogma
986 4320 1119 4373 Omnibus
1140 4320 1319 4383 marrismtnm
1342 4320 1452 4382 foetam
1472 4325 1525 4387 est,
1550 4320 1584 4372 ob
1607 4319 1679 4371 hane
1703 4336 1817 4372 cansam

126 4408 301 4472 catholicum,
322 4408 357 4461 ad
376 4408 493 4462 salutem
506 4408 578 4461 scitu
594 4414 623 4462 et
636 4406 744 4462 creditu
763 4409 956 4461 necessarium.
983 4423 1031 4459 eos
1054 4406 1203 4461 corruisse.
1250 4422 1274 4458 v.
1299 4409 1341 4460 41.
1374 4404 1476 4456 Omnes
1502 4404 1597 4472 itapae
1620 4404 1815 4459 bmedinerant

128 4496 160 4549 ln
186 4494 311 4548 Levitico
336 4492 472 4547 sacrificia
498 4512 549 4564 per
574 4510 690 4565 genera,
719 4509 769 4563 per
785 4495 893 4562 species
921 4495 957 4548 ad
978 4493 1087 4560 jartam
1099 4491 1243 4559 judiciam
1264 4490 1335 4556 Dei,
1362 4490 1413 4557 pai
1436 4489 1574 4542 oemrltmn
1600 4491 1709 4551 fecerat
1730 4494 1816 4545 mani·

127 4580 273 4634 individua
290 4596 378 4650 nsque
391 4579 593 4648 describuntur,
611 4596 682 4650 quae
696 4596 746 4649 pro
759 4579 876 4648 singulis
895 4597 956 4650 pec·
983 4580 1095 4641 festrnn.
1121 4594 1146 4629 v.
1164 4580 1205 4631 42.
1225 4576 1275 4628 Ad
1293 4575 1529 4646 repastinationem
1547 4576 1674 4629 corrnersi
1690 4586 1754 4630 ment
1771 4596 1816 4631 ro·

126 4666 195 4719 catis
215 4673 244 4720 et
262 4665 292 4718 in
310 4663 453 4734 quibusvis
471 4665 582 4720 casibus
600 4665 743 4720 offerenda
760 4665 829 4732 sint,
856 4665 905 4719 sed
923 4666 958 4719 de
983 4670 1093 4730 pantes,
1121 4661 1152 4716 ri>
1188 4661 1304 4732 γεγονὸς
1337 4659 1501 4735 ἁμάρτημα,
1532 4661 1643 4724 sartam
1675 4664 1816 4729 delatam,

126 4751 261 4806 sacrificio
289 4769 338 4821 pro
362 4750 478 4803 mortuis
501 4768 552 4804 nec
576 4751 604 4804 ia
625 4750 760 4816 Levitico,
778 4766 828 4804 nec
851 4751 878 4804 in
901 4751 959 4805 ullo
984 4749 1096 4802 omnino
1115 4748 1213 4801 deleri.
1251 4748 1327 4817 Ergo
1346 4747 1399 4800 hoc
1418 4745 1573 4816 exemplum
1592 4746 1683 4804 Judae
1700 4766 1754 4804 uon
1774 4758 1816 4805 est

126 4837 261 4891 canonico
282 4836 314 4888 V.
333 4835 367 4889 T.
397 4834 468 4888 libro
486 4835 573 4889 ullum
602 4842 694 4890 exstat
718 4835 875 4901 verbulum,
903 4836 958 4890 imo
983 4833 1219 4889 accommodatum
1233 4832 1268 4886 ad
1286 4832 1483 4887 stabiliendum
1496 4834 1686 4905 purgatorium
1700 4834 1817 4890 Pontifi-

124 4939 175 4976 nec
203 4922 290 4976 ullum
321 4921 485 4991 exemplum.
533 4921 624 4975 ludas
646 4938 714 4992 ergo
736 4922 797 4975 sine
819 4922 958 4991 mandato,
985 4921 1097 4986 ciorum,
1113 4925 1219 4990 negant
1235 4919 1308 4973 enim
1326 4935 1376 4989 pro
1394 4918 1443 4981 iis,
1462 4919 1510 4989 qui
1530 4919 1557 4973 in
1576 4927 1691 4991 peceato
1710 4921 1817 4975 mortali

126 5008 184 5064 sine
203 5008 328 5079 exemplo
345 5007 420 5071 fecit,
439 5005 576 5076 quidquid
594 5006 760 5077 hujnsleeit.
791 5007 918 5062 Precatio
931 5014 959 5062 et
985 5008 1176 5073 decesserant,
1202 5004 1367 5061 sacrificinm
1393 5020 1454 5060 esse
1479 5005 1660 5067 offerendum,
1707 5006 1819 5076 Excipit

126 5094 261 5149 sacrificia
280 5094 338 5147 sine
357 5093 412 5148 fide
431 5093 526 5149 oblata
546 5091 605 5148 Deo
626 5092 735 5162 placere
759 5111 815 5147 non
833 5100 957 5163 possunt.
984 5092 1178 5155 Bellarmiaus,
1205 5099 1352 5161 peccatam
1370 5090 1487 5145 illoram
1509 5100 1559 5145 ant
1586 5092 1675 5157 faram
1700 5093 1817 5155 reniale,

10 5196 51 5237 ·11.
63 5191 112 5239 til.
126 5181 253 5236 Precatio
271 5186 301 5234 et
318 5178 453 5234 sacrificia
465 5195 515 5250 pro
533 5177 673 5232 defunctis
693 5179 752 5233 sine
770 5178 825 5234 lide
839 5179 959 5234 offernu-
986 5180 1053 5250 qnia
1074 5180 1151 5243 forte
1180 5178 1348 5246 ipnorahont
1373 5176 1444 5246 lepis
1468 5178 1686 5246 prohibitionem
1710 5187 1736 5230 et
1762 5197 1817 5231 nnn

125 5273 177 5320 tur.
213 5266 297 5321 Ratio
322 5273 378 5329 est,
406 5266 472 5335 qnia
496 5264 603 5318 nullum
628 5264 663 5318 de
681 5263 735 5317 hae
754 5265 911 5334 precatione
931 5271 961 5319 et
985 5271 1152 5333 acceperant
1176 5280 1208 5316 ea
1231 5263 1361 5316 donariis
1385 5262 1446 5316 illis
1470 5263 1648 5317 inhonorem
1667 5262 1817 5328 italorum,

126 5353 161 5407 de
179 5353 222 5407 his
241 5351 383 5406 sacrifieiis
402 5351 522 5405 babetur
540 5350 591 5405 Dei
614 5350 783 5419 mandatum,
803 5350 880 5406 nulla
897 5368 959 5422 pro·
984 5353 1036 5405 sed
1052 5351 1142 5404 solam
1161 5350 1319 5403 ditescendi
1337 5349 1509 5420 mptatrass,
1530 5364 1600 5417 nasae
1622 5348 1743 5401 venialia
1760 5366 1819 5403 esse

126 5437 227 5497 missio.
263 5437 340 5509 Ergo
360 5444 384 5493 ti.
403 5443 501 5495 auctor
519 5436 583 5493 libri
602 5435 747 5494 manifeste
763 5436 886 5504 indicat,
903 5455 959 5495 uon
981 5445 1091 5509 potest,
1117 5435 1246 5507 (pefitum
1271 5434 1325 5492 hoc
1350 5453 1383 5493 er
1410 5435 1519 5492 'ibonis
1539 5440 1566 5492 4.
1593 5439 1664 5493 sent,
1686 5434 1744 5491 dist
1776 5440 1810 5493 lb
