4104 6014
244 361 304 420 326
846 344 967 402 lucus
986 337 1189 409 VIGESIMUS
1209 341 1356 401 SEXTUS

243 507 347 564 Psalm.
371 512 419 562 28:
459 505 546 569 Quasi
565 512 688 558 creatum
712 503 827 574 aliquid
851 501 920 555 dicit
940 508 966 553 et
986 506 1079 553 tamen
1104 494 1154 552 lib.
1181 499 1216 553 de
1239 496 1336 553 morib.
1354 498 1421 554 ecel.
1440 497 1520 557 cath.
1540 516 1602 572 cap.
1623 505 1668 554 3⁰:
1698 501 1804 555 Merita
1821 501 1942 556 eeclesia

244 596 357 660 adorat,
383 599 519 663 aqnascat
543 598 646 645 sortem
663 606 752 654 meam,
781 606 838 659 asta
856 587 1019 657 conjunctus
1038 590 1080 637 eat
1108 584 1264 652 Collatino,
1278 591 1367 637 mater
1384 585 1604 640 mantuanorum
1616 586 1770 652 verissima,
1781 605 1835 640 non
1850 586 1941 641 solum

244 698 307 734 cum
332 680 467 750 pentima.
504 677 581 732 Idem
609 682 676 732 oret.
700 675 799 730 morali
822 681 859 731 15.
894 677 1025 744 quaeest
1045 670 1080 725 de
1106 671 1197 738 ipsum
1229 673 1336 740 Deum,
1365 672 1446 740 cajus
1472 673 1587 741 adeptio
1613 672 1673 726 uita
1706 682 1745 727 eat
1772 673 1942 738 beatissima,

243 765 402 836 principatu
418 772 446 822 et
465 768 617 835 potestate:
643 762 880 825 Quemadmodum
901 761 985 814 aliud
1001 758 1080 828 qnip-
1101 757 1255 826 puriaaime
1293 765 1375 827 atque
1408 759 1562 812 castissime
1597 759 1745 814 colendum
1779 760 1943 829 praedicat,

242 852 322 922 piam
334 861 453 922 praeter
471 854 564 906 Deum
582 850 682 914 calere,
710 849 752 902 sic
771 864 858 920 nequo
878 848 907 900 in
924 847 984 900 alio
1002 861 1080 915 apem
1106 844 1214 897 nullam
1238 844 1318 898 nabis
1341 846 1521 898 adorandam
1546 853 1706 900 cremeram
1723 846 1872 914 inducens,
1896 847 1944 901 cui

243 955 378 1006 reponere
417 955 500 1007 quam
530 937 560 990 in
593 939 658 991 Deo
688 935 810 990 omnium
842 933 973 995 Domino,
1002 930 1081 984 laud
1106 930 1211 985 seruire
1225 931 1392 1000 ιιἰιιειιιιιιιι,
1420 941 1447 986 et
1466 932 1502 984 ab
1520 932 1574 986 illa
1594 931 1759 1003 incorrupta
1776 940 1804 986 et
1822 933 1943 988 inuiola-

244 1022 604 1088 fueritconeentaneum.**
619 1020 794 1093 Epiphanius
808 1019 914 1076 haeres.
929 1024 968 1073 79.
981 1020 1079 1088 plld:
1106 1016 1160 1070 hili
1175 1018 1350 1085 aeternitate,
1368 1019 1415 1072 cui
1431 1019 1488 1073 soli
1505 1019 1586 1074 loma
1605 1020 1797 1088 subjiciendus
1816 1027 1865 1084 eat,
1896 1020 1944 1074 eui

92 1120 167 1163 tunt
189 1119 231 1163 tat.
246 1109 290 1165 se
316 1111 347 1163 in
370 1111 475 1164 tonare
500 1108 621 1177 Maria;
652 1108 755 1176 Pater,
788 1107 884 1162 Fetus
908 1111 935 1159 et
953 1103 1080 1174 Spiritus
1106 1103 1163 1157 soli
1184 1102 1339 1157 rationalia
1363 1105 1460 1159 anima
1485 1107 1661 1161 cohaerendo
1683 1125 1739 1162 nan
1762 1106 1868 1161 misera
1893 1115 1943 1171 eet,

243 1203 357 1250 sanctas
377 1197 523 1252 adoretur.
559 1194 691 1249 Mariam
710 1209 789 1247 nemo
807 1193 910 1246 adorat
927 1195 979 1246 etc.
1016 1192 1079 1244 Deo
1106 1190 1257 1243 secludens
1278 1206 1357 1244 omne
1382 1192 1460 1260 quod
1481 1192 1591 1256 factum
1615 1201 1669 1257 est,
1699 1195 1776 1263 quod
1793 1193 1942 1248 obnoxium

244 1284 361 1337 deletum
402 1284 453 1338 luae
498 1282 665 1351 eupatorium.
702 1280 806 1336 haeres.
843 1284 881 1334 74.
920 1295 985 1351 pag.
1016 1282 1080 1333 381:
1107 1275 1324 1342 commutationi,
1344 1279 1421 1346 qnod
1436 1278 1577 1333 subditum
1591 1279 1718 1350 tempori.
1749 1278 1942 1351 ”Gregorius

245 1369 383 1439 Spiritum
402 1376 529 1422 carectum
548 1383 606 1421 ease
626 1369 727 1436 Deum,
752 1384 808 1421 non
827 1374 996 1433 creaturam,
1017 1380 1079 1434 pro·
1106 1361 1250 1432 Nyssenus
1273 1363 1348 1433 apud
1375 1368 1479 1419 auctor.
1504 1364 1635 1421 Melissae
1657 1382 1680 1421 c.
1709 1371 1749 1422 ιι.
1794 1365 1841 1422 Sia
1864 1365 1942 1420 iusti·

244 1455 294 1511 bat
322 1472 355 1510 ex
383 1470 429 1518 eo,
456 1453 524 1524 quia
544 1453 676 1522 relicinae
700 1454 854 1517 adoratu,
876 1457 905 1506 et
927 1450 1019 1505 addit:
1045 1444 1078 1503 ori
1105 1447 1160 1503 tuti
1185 1465 1296 1514 sumus,
1320 1456 1353 1503 ut
1377 1449 1514 1521 quidquid
1531 1458 1654 1506 creatum
1672 1456 1730 1517 sat,
1753 1451 1942 1524 intelligamus

246 1543 391 1612 lurocurte
416 1540 447 1594 δὲ
474 1537 490 1607 ἡ
515 1546 612 1608 κτίσις,
639 1557 694 1592 non
718 1538 871 1592 adoranda
890 1545 982 1591 aretem
1002 1552 1080 1590 crea·
1105 1533 1225 1589 alienum
1255 1549 1316 1590 esse
1350 1551 1368 1589 a
1396 1535 1491 1592 divina
1519 1542 1619 1591 natura
1648 1543 1675 1593 et
1701 1538 1787 1592 solnm
1812 1544 1940 1594 naturam

248 1635 321 1680 tura.
353 1626 457 1681 haeres.
485 1630 525 1681 δι.
548 1642 612 1696 pag.
641 1630 704 1681 341:
739 1627 797 1684 πῶς
822 1625 861 1677 ιιι
885 1621 1079 1699 amausensis
1105 1621 1257 1675 increatam
1285 1621 1456 1677 adorandam
1474 1639 1507 1676 ae
1535 1621 1690 1695 colendam,
1718 1629 1797 1693 cnjus
1822 1630 1890 1681 nota
1913 1630 1942 1680 st

244 1717 269 1766 ιι
291 1711 670 1782 tmusnorn1653quomodo
691 1727 756 1766 uero
778 1710 938 1764 adduceret
952 1711 1077 1764 adoran-
1106 1706 1265 1779 differentia
1282 1713 1326 1762 est
1349 1724 1441 1780 neque
1469 1708 1578 1764 initium
1605 1709 1724 1776 habere,
1748 1728 1838 1783 umus
1857 1710 1941 1767 finem

244 1802 313 1868 «lua,
339 1800 480 1862 olfactus
498 1797 607 1859 fuerit!
636 1797 674 1851 Et
689 1802 799 1868 postea:
826 1794 894 1850 κιιιὰ
915 1795 964 1866 riu
984 1793 1079 1865 ιύσειῆ
1105 1794 1303 1852 emisteudi.**
1350 1794 1471 1866 Cyrillus
1490 1796 1667 1855 Alexandrin.
1689 1798 1752 1856 libr.
1774 1804 1797 1856 2.
1816 1798 1940 1854 thesauri

244 1892 336 1941 nferre
367 1883 416 1954 ripa
444 1887 541 1958 μηκέτι
568 1888 654 1939 κτίσει
684 1886 910 1958 προσκυνοῦσιν,
949 1881 1016 1936 ἀιιά
1041 1881 1079 1948 τῷ
1107 1899 1132 1939 a.
1154 1887 1176 1936 1.
1206 1887 1302 1936 muira
1319 1881 1436 1937 Eunom.
1461 1883 1500 1937 sic
1528 1884 1652 1940 disserit:
1682 1886 1741 1940 Sed
1760 1887 1801 1940 ale
1815 1887 1941 1955 primurn

244 1980 381 2038 artearte,
409 1973 560 2026 secundnm
582 1972 664 2042 piam
685 1973 781 2036 fidem,
809 1987 881 2041 quoe
899 1988 955 2025 non
974 1971 1079 2023 adorat
1105 1970 1135 2023 in
1159 1968 1355 2023 idololatriam
1383 1971 1508 2040 incides,
1536 1989 1597 2027 cum
1622 1973 1774 2028 Dominum
1796 1989 1861 2027 uere
1885 1990 1941 2027 nan

245 2067 418 2127 creaturam,
454 2061 507 2112 aed
532 2065 695 2134 creatorem.
752 2057 837 2112 Item:
870 2060 929 2113 ndu
959 2055 1013 2128 γὰρ
1048 2054 1078 2110 ri
1103 2055 1230 2120 fatearis
1246 2057 1403 2127 adoresmee
1423 2056 1512 2122 illum,
1543 2075 1621 2128 quern
1642 2061 1706 2113 Deo
1724 2059 1809 2113 Patri
1826 2061 1940 2114 comul-

244 2146 354 2201 uuardu
377 2145 410 2201 ori
435 2147 656 2218 προσκυνηιιοιι,
681 2159 760 2197 omne
778 2149 903 2197 meatum
929 2161 985 2198 non
1009 2145 1078 2196 ado·
1106 2142 1267 2196 stantialem
1290 2159 1350 2197 ease
1375 2161 1430 2197 non
1449 2147 1564 2211 credas,
1592 2147 1644 2200 aad
1657 2147 1754 2216 potius
1770 2155 1939 2202 creaturam.

245 2236 380 2300 randum,
416 2233 461 2287 rel
487 2233 596 2287 nullum
613 2239 736 2284 meatum
753 2231 942 2286 adorandum.
981 2228 1079 2284 Hiero·
1108 2228 1250 2297 Quicmrid
1267 2230 1339 2283 enim
1361 2232 1503 2285 vcroDeo
1519 2232 1756 2288 consubstantiale
1769 2251 1825 2287 non
1838 2243 1887 2304 eet,
1908 2233 1941 2288 id

245 2338 346 2392 nymus
370 2319 423 2391 [vel
439 2319 530 2387 potius
548 2317 635 2386 Beda]
660 2316 689 2372 in
710 2334 807 2373 comm.
827 2315 957 2373 Proverb.
975 2315 1035 2370 libr.
1057 2321 1078 2371 ι.
1106 2322 1211 2369 natura
1239 2315 1319 2370 Deras
1350 2332 1409 2370 esse
1435 2335 1491 2370 non
1515 2325 1616 2386 potest.
1655 2320 1810 2389 Dominus,
1840 2319 1939 2390 inquit,
1954 2325 2043 2368 xvutl

245 2424 306 2479 cap.
331 2412 361 2462 t:
391 2405 510 2460 Nullum
537 2405 682 2473 inuocare,
723 2404 757 2457 id
780 2410 820 2457 est
845 2404 875 2457 in
901 2421 952 2458 nos
969 2404 1079 2457 oranda
1107 2403 1187 2456 Deus
1213 2409 1302 2456 aesta
1321 2404 1460 2457 Dominus
1483 2422 1554 2457 unna
1572 2412 1619 2459 eat.
1664 2405 1724 2459 Una
1742 2407 1816 2459 enirn
1832 2414 1940 2461 natura

245 2511 356 2559 uocare,
377 2491 435 2546 nisi
449 2493 542 2545 Deum
563 2492 699 2545 debemsss.
737 2489 900 2546 Ambrosius
918 2489 980 2545 libr.
1003 2495 1025 2545 l.
1045 2489 1081 2545 de
1106 2487 1220 2543 deitatis
1258 2496 1312 2558 est,
1350 2507 1432 2559 quam
1462 2491 1635 2546 solummodo
1666 2494 1791 2547 adorare
1823 2500 1939 2562 oportet.

246 2579 301 2634 fide
320 2579 355 2633 ad
375 2577 502 2633 Gratiam
522 2594 582 2648 cap.
602 2583 632 2633 7:
653 2577 802 2631 Prohibuit
822 2593 863 2631 me
875 2577 984 2630 Paulus
1001 2592 1081 2630 crea·
1107 2575 1269 2646 Dominum,
1288 2576 1391 2646 inquit,
1414 2579 1507 2632 Deum
1526 2585 1604 2632 tuum
1622 2580 1758 2634 adorabis
1777 2588 1802 2634 et
1820 2580 1869 2635 illi
1884 2581 1942 2636 sali

247 2676 328 2720 turae
357 2665 477 2732 seruire,
514 2666 568 2719 aed
598 2662 709 2718 Curicta
739 2665 870 2718 admonet
896 2663 1080 2720 seruiendum.
1105 2662 1219 2734 seruies,
1236 2664 1370 2718 seruitute
1389 2664 1451 2721 scil.
1469 2683 1526 2736 qua
1540 2668 1620 2720 Deus
1636 2668 1771 2722 colendus
1784 2675 1831 2722 eat.
1862 2667 1941 2724 Idem

247 2754 313 2808 Non
330 2769 399 2821 erpo
417 2759 552 2807 meatura
570 2750 707 2805 Christus.
745 2750 872 2821 Paulus,
893 2750 999 2820 inquit,
1023 2767 1080 2805 ser·
1107 2749 1142 2804 de
1171 2755 1248 2804 reeta
1269 2748 1316 2804 fid.
1341 2750 1377 2805 ad
1397 2748 1509 2822 Regin:
1535 2752 1684 2807 Assumtus
1707 2761 1747 2808 ert
1771 2754 1802 2808 in
1826 2754 1942 2818 eoelum,

247 2858 296 2894 uuas
315 2840 387 2893 Jesu
406 2838 522 2898 Christi.
556 2839 655 2893 Banna
672 2852 778 2906 aeruna,
798 2837 848 2908 qui
866 2837 1019 2891 Dominum
1038 2854 1081 2891 re·
1106 2836 1159 2889 aed
1175 2843 1206 2889 ut
1225 2838 1314 2905 Deras,
1335 2838 1518 2892 annuntiatur
1535 2847 1685 2908 praestare
1698 2840 1849 2912 petitiones
1869 2842 1940 2894 ado·

247 2926 406 2997 euanescit,
443 2925 505 2997 epse
538 2932 687 2980 creaturae
723 2924 829 2978 seruire
861 2941 913 2977 nee
942 2924 1078 2993 prohibet.
1106 2922 1246 2994 rontium,
1275 2923 1303 2976 ai
1324 2923 1356 2977 in
1372 2925 1482 2979 nomine
1499 2927 1561 2996 ejus
1590 2926 1716 2994 fecerint
1728 2944 1837 2996 preces.
1870 2929 1941 2981 Jam

249 3014 488 3078 Quemadmodum
510 3029 578 3082 erqo
600 3010 711 3065 Christo
737 3011 859 3065 Domina
878 3010 939 3079 ipm
956 3010 1080 3076 serviret,
1107 3009 1154 3063 cui
1170 3009 1260 3078 mapie
1279 3012 1406 3064 conuenit
1421 3012 1521 3076 faeere
1540 3021 1677 3083 compotes
1693 3021 1818 3068 votorum
1830 3022 1941 3070 sanctos

246 3102 274 3155 si
295 3107 457 3154 creatuturam
479 3099 618 3153 Christum
637 3101 772 3168 putaret!
795 3097 844 3155 lib.
870 3104 893 3153 2.
920 3098 956 3153 de
975 3096 1080 3171 Spiritu
1107 3104 1133 3152 et
1152 3096 1258 3166 larpiri
1282 3101 1360 3166 quod
1378 3106 1481 3168 petunt
1504 3115 1588 3169 quam
1607 3100 1646 3168 ei,
1671 3100 1721 3170 qui
1736 3101 1814 3156 solua
1834 3109 1940 3157 natura

247 3191 343 3242 sancto
362 3201 422 3257 cap.
440 3191 470 3241 6:
507 3186 542 3241 Si
558 3186 646 3255 ipimr
665 3191 777 3239 creator
796 3193 838 3239 est
858 3184 997 3255 Spiritus,
1025 3203 1080 3240 non
1106 3192 1133 3239 et
1149 3201 1212 3238 uere
1230 3191 1270 3238 est
1287 3187 1391 3240 Deus!
1417 3185 1581 3257 Fulgentius
1595 3186 1641 3241 lib.
1660 3187 1809 3243 adDonat.
1830 3188 1864 3243 de
1883 3189 1940 3246 fids

247 3282 287 3327 cet
316 3274 410 3344 utique
442 3280 581 3327 meatura.
632 3270 798 3327 creaturam
832 3273 905 3327 enim
935 3272 1080 3342 apostolus
1106 3270 1232 3326 orthod:
1258 3271 1293 3326 Si
1310 3272 1405 3326 Filius
1424 3273 1483 3326 Dei
1500 3280 1634 3327 creatura
1653 3281 1735 3343 esset,
1761 3275 1940 3330 ceruendum

246 3367 451 3429 memoremque
475 3359 572 3412 diremit
600 3359 715 3413 dicens:
746 3358 910 3414 Seruierunt
935 3366 1080 3413 creaturae
1107 3358 1134 3411 ei
1150 3358 1364 3427 Scripturarum
1388 3376 1536 3413 sacrarum
1560 3359 1717 3415 auctoritas
1743 3380 1798 3416 non
1817 3363 1938 3431 juberet,

242 3446 341 3515 potine
361 3463 444 3515 quom
464 3445 601 3513 creatori,
624 3444 709 3499 simul
726 3446 851 3499 mentori
871 3447 1004 3501 admonet
1022 3464 1078 3502 aer·
1105 3446 1158 3498 aad
1182 3444 1279 3514 potius
1304 3444 1472 3514 prohiberet.
1525 3447 1561 3498 In
1586 3445 1682 3517 primo
1707 3447 1781 3501 enirn
1809 3449 1940 3518 decalopi

246 3534 392 3595 olendum,
419 3533 583 3586 damnando
612 3549 672 3599 eoa,
705 3533 754 3601 aui
780 3532 904 3586 serviunt
932 3541 1079 3588 creaturae
1102 3537 1272 3600 praecepto,
1290 3531 1361 3584 cieret
1379 3531 1463 3586 unius
1482 3533 1541 3587 Del
1559 3533 1671 3587 azdtura
1688 3534 1861 3604 servitusque
1880 3553 1938 3588 ma-

247 3619 326 3674 Rom.
359 3625 381 3674 t.
420 3636 481 3673 cum
513 3619 636 3674 creatori
663 3619 804 3673 seroltium
838 3620 993 3675 debeamus.
1041 3621 1080 3674 Et
1105 3616 1289 3683 nifastiaeime
1311 3617 1492 3687 praecipitur
1499 3639 1508 3682 ,·
1533 3619 1576 3672 ita
1601 3620 1678 3673 omni
1693 3629 1839 3675 creaturae
1866 3624 1934 3675 ado·

247 3706 380 3776 quaeram
403 3712 558 3759 creatorem
577 3705 715 3776 Spiritum
734 3712 863 3774 norrmat,
892 3707 974 3761 docet
991 3707 1079 3761 eidem
1104 3704 1180 3758 ratio
1206 3720 1240 3758 ae
1267 3704 1387 3757 seruitus
1416 3722 1434 3757 a
1459 3706 1590 3768 fidelibus
1617 3707 1773 3761 exhibenda
1799 3709 1939 3762 ocbemen·

246 3793 420 3846 seruiendum
452 3792 564 3846 diaeum
600 3791 695 3846 Videte
725 3809 810 3847 canes
840 3799 892 3848 etc.
925 3810 976 3847 nos
1008 3795 1079 3848 enim
1105 3790 1211 3845 tissime
1242 3791 1418 3860 prohibetur.
1475 3791 1603 3848 Sedulius
1633 3792 1661 3847 in
1689 3811 1751 3866 cap.
1790 3800 1810 3850 l.
1844 3794 1938 3850 Rom:

246 3896 341 3933 sumres
361 3876 547 3942 circumcisio,
566 3879 634 3948 quia
654 3878 778 3947 Spiritui
797 3879 861 3932 Deo
879 3881 1014 3934 :maiorue
1028 3886 1078 3937 etc.
1106 3880 1239 3934 Adarare
1264 3879 1353 3932 alium
1373 3886 1491 3950 praeter
1506 3881 1622 3934 Patrem
1649 3889 1674 3936 et
1693 3881 1801 3935 Filium
1826 3891 1853 3936 et
1872 3881 1938 3952 Spi-

246 3982 314 4035 erpa
338 3964 366 4017 ei
389 3963 564 4017 sewiendum
590 3964 669 4018 dicat
689 3963 814 4033 Spiritui
831 3966 907 4019 idem
926 3966 1079 4038 apostolae,
1105 3964 1192 4018 ritum
1209 3973 1334 4019 conabum
1354 3966 1508 4035 impietatis
1528 3968 1634 4021 crimen
1654 3974 1701 4022 eet.

247 4050 297 4120 qui
314 4066 369 4103 non
390 4057 545 4116 creaturae,
564 4051 617 4104 sed
633 4050 758 4104 creatori
775 4051 878 4105 asserit
895 4053 1078 4122 sariendam,

247 4136 387 4190 euidenter
417 4137 510 4206 utique
539 4137 600 4206 ipae
630 4143 758 4190 sanctum
787 4137 910 4191 ostendit
942 4138 1078 4207 Spiritum
1140 4141 1198 4192 lte.
1237 4135 1370 4200 Quartam
1394 4137 1508 4193 classem
1537 4138 1740 4208 assignabimus
1773 4139 1855 4194 dictis
1876 4140 1938 4209 illis,
1952 4147 1972 4188 ι
1988 4147 2043 4190 sss

247 4229 399 4278 meatmern
435 4230 461 4276 et
489 4223 519 4276 in
550 4231 682 4276 aeternae
715 4222 871 4277 &vinitatis
901 4224 1005 4277 tonora
1037 4239 1078 4278 oe·
1105 4223 1134 4276 in
1160 4222 1262 4292 quibua
1285 4241 1303 4278 a
1329 4222 1385 4279 solo
1406 4224 1483 4290 Deo,
1510 4241 1565 4280 non
1589 4224 1625 4278 ab
1644 4225 1752 4297 angelis
1770 4226 1814 4281 vel
1835 4228 1939 4284 sanctis
1932 4184 2043 4294 lilb‘l

248 4311 419 4374 rimandum,
449 4308 516 4378 auia
544 4309 680 4378 scriptum
708 4316 765 4362 eat:
805 4309 958 4364 Dominum
986 4313 1078 4364 Deum
1104 4324 1199 4380 opem,
1229 4308 1374 4378 auxilium,
1402 4309 1537 4381 gratiam,
1562 4309 1697 4366 beneficia
1726 4313 1881 4384 corporalia
1909 4320 1938 4370 et
1952 4306 2043 4405 ῑξῖξἛ

248 4402 324 4447 trum
343 4396 477 4448 adorabis
503 4403 529 4449 et
556 4395 603 4448 illi
619 4395 676 4448 soli
694 4395 807 4450 scrmsses
844 4395 932 4463 (Δι’
911 4413 934 4450 ιι
951 4395 1079 4469 religiosa
1104 4394 1258 4466 spiritualia
1281 4395 1422 4468 religiose,
1450 4396 1613 4468 suppliciter
1639 4415 1672 4453 ae
1701 4398 1867 4455 fiducialiter
1890 4419 1939 4473 pa·
1953 4411 2043 4450 susa

247 4480 363 4535 servitus
389 4482 470 4536 etiam
490 4481 593 4536 sanctis
613 4481 741 4550 debetur,
773 4481 912 4552 quomodo
931 4499 965 4538 ex
986 4499 1020 4538 ea
1037 4483 1077 4537 di·
1104 4481 1260 4536 tendaesse
1276 4482 1383 4539 docent
1398 4481 1523 4538 Clemens
1538 4483 1688 4539 Alexandr.
1700 4484 1747 4540 lib.
1761 4492 1784 4541 7.
1798 4492 1939 4545 stromat.
1954 4464 2016 4501 ⁰⁸¹¹*

246 4566 347 4622 vinitas
360 4567 479 4637 Spiritus
499 4568 589 4623 sancti
608 4567 645 4622 ab
660 4567 804 4624 Ambrosio
822 4567 933 4640 probari
953 4569 1078 4642 passati)
1105 4568 1241 4622 Extrema
1259 4577 1298 4621 ast
1315 4569 1430 4622 inscitia
1447 4570 1526 4622 ab'
1503 4589 1551 4639 ιιι,
1580 4572 1631 4642 qui
1646 4590 1702 4625 non
1718 4581 1781 4626 aunt
1799 4574 1855 4641 clii,
1878 4581 1939 4628 tan·

246 4652 294 4709 lib.
315 4658 337 4708 3.
359 4654 393 4707 de
408 4653 513 4723 Spiritu
532 4661 629 4710 sancto
648 4672 707 4725 cap.
729 4661 767 4710 ιι.
805 4655 943 4725 ”Neque
957 4659 1078 4711 odoran-
1106 4672 1189 4725 aream
1217 4655 1311 4710 odiis
1335 4663 1446 4726 petere,
1477 4658 1552 4711 unde
1576 4659 1683 4724 memte,
1708 4677 1770 4713 cum
1793 4662 1831 4713 ait
1850 4661 1939 4715 bonus

248 4743 314 4795 dum
337 4740 493 4810 quidpiam
512 4749 628 4810 praeter
645 4744 739 4796 Deum
762 4742 893 4812 lepimua,
920 4744 987 4812 quia
1012 4743 1079 4797 acri·
1104 4759 1176 4793 renus
1203 4743 1297 4811 Dana,
1324 4743 1359 4795 ab
1386 4743 1447 4812 epea
1477 4759 1510 4796 ec
1534 4745 1611 4798 bones
1637 4746 1699 4799 alia
1724 4747 1836 4816 quidem
1862 4747 1939 4813 dari,

245 4835 325 4896 ptum
348 4834 401 4890 cat,
430 4826 582 4880 Dominum
607 4830 702 4882 Deum
726 4835 803 4881 tuum
826 4829 963 4883 adorabit:
987 4837 1013 4884 et
1035 4829 1082 4883 uti
1105 4827 1167 4881 alia
1184 4844 1251 4881 uero
1265 4845 1431 4900 permanere
1447 4846 1599 4899 precamur
1616 4849 1667 4885 noe
1687 4840 1713 4885 et
1730 4834 1834 4902 ampeli.
1870 4833 1939 4890 Ter-

248 4913 304 4968 role'
321 4912 432 4969 seruiea
468 4911 575 4968 flend.
592 4913 818 4986 Therapontieon
837 4920 870 4970 2:
893 4914 970 4970 Deus
990 4917 1079 4986 juaait
1104 4912 1236 4968 tullianus
1261 4914 1289 4968 in
1314 4914 1422 4986 apolog.
1449 4932 1509 4986 cap.
1531 4921 1577 4972 30:
1604 4919 1685 4971 Haec
1709 4920 1745 4973 ab
1768 4919 1828 4974 alio
1854 4938 1940 4976 orare

248 5001 280 5054 in
295 5000 407 5055 seruits‘a
427 5016 552 5065 manere,
574 5000 688 5072 δοιιιιᾳ
708 5008 887 5077 προσμεῖναι,
912 5019 962 5057 nec
979 5004 1080 5058 ιιιιιιιιιι
1104 5019 1158 5055 nan
1182 5019 1312 5071 possum,
1341 5019 1425 5071 qaam
1452 5020 1471 5056 a
1496 5004 1629 5073 paroecia
1654 5023 1696 5059 me
1721 5015 1939 5076 consecuturum,

244 5088 362 5157 partiri,
382 5103 476 5142 aerum
489 5087 590 5152 eieali,
607 5089 657 5157 qui
671 5096 719 5161 eet,
739 5090 868 5145 tribuere.
882 5087 964 5146 ibid:
983 5091 1079 5145 Home'·
1105 5089 1238 5158 quonian
1256 5095 1280 5141 et
1307 5086 1380 5157 ntae,
1408 5090 1458 5157 qui
1481 5091 1557 5144 solos
1582 5100 1717 5160 praestat,
1743 5102 1768 5148 et
1792 5112 1843 5164 eqo
1868 5115 1938 5167 sum,

249 5191 298 5228 nee
325 5175 424 5229 virtute
447 5173 563 5228 eulmina
591 5181 725 5245 tanquam
751 5175 827 5230 uiros
853 5177 971 5245 aptiores
996 5177 1079 5230 bona·
1105 5176 1152 5231 cui
1171 5175 1325 5245 impetrare
1344 5175 1466 5241 debetur,
1482 5178 1610 5241 famulus
1627 5180 1696 5248 ejus,
1717 5181 1767 5250 qui
1784 5181 1875 5251 ipmun
1893 5200 1937 5238 aa·

248 5278 358 5329 ramus,
381 5268 411 5314 at
433 5260 523 5315 solum
549 5261 672 5334 oninium
693 5263 749 5331 (vel
773 5279 807 5317 ex
835 5261 971 5331 omuibus)
988 5264 1081 5318 Deum
1105 5262 1164 5315 lum
1183 5262 1305 5315 observa.
1327 5259 1461 5333 Origenes
1477 5262 1525 5320 lib.
1540 5270 1563 5321 8.
1576 5268 1673 5318 conus
1684 5264 1810 5322 Celsum:
1828 5267 1939 5331 Quanto

249 5350 403 5400 adoramus
420 5348 534 5402 Patrem
549 5348 664 5418 ejusque
690 5347 806 5402 Verbum
826 5357 852 5404 et
868 5349 1001 5419 Spiritum
1021 5351 1081 5406 af*
1105 5349 1196 5402 satius
1216 5354 1264 5415 est,
1282 5349 1659 5419 accurnmistiasualaptatis
1669 5354 1871 5409 daenrmiacac
1884 5362 1937 5416 etc.

248 5432 423 5504 Augustinus
448 5433 476 5488 in
499 5433 578 5489 ench.
608 5451 632 5491 c.
666 5440 709 5491 11:
737 5437 803 5489 Non
833 5436 889 5489 niti
914 5453 933 5488 a
957 5436 1080 5489 Domino
1106 5436 1256 5489 ammedera
1274 5451 1303 5487 se
1325 5437 1388 5489 Deo
1409 5436 1601 5491 uniuersorum
1622 5439 1746 5493 Domino
1761 5457 1817 5510 per
1836 5443 1936 5499 Jeaum

249 5520 313 5573 Dea
334 5526 432 5588 petere
455 5520 600 5590 ἀιιιιιιιι,
629 5521 769 5591 quidquid
790 5537 935 5591 operamne
958 5538 1010 5576 nos
1036 5525 1080 5578 uel
1105 5523 1365 5579 Uiriatumnostrae
1375 5524 1940 5601 doctrinaeauetoremetabillopoeeere

248 5605 315 5660 lene
331 5612 506 5676 operaturos,
525 5606 571 5663 uel
590 5624 646 5678 pro
668 5609 747 5663 bonu
766 5608 895 5680 operulas
913 5610 1078 5682 adepturam
1104 5626 1182 5666 amne
1200 5610 1338 5666 ancilium
1356 5618 1382 5666 et
1394 5618 1555 5668 maerorum
1566 5615 1730 5684 aneatorum
1743 5615 1940 5691 iustorumque
