4104 6014
231 272 291 332 188
829 264 951 323 1100118
972 261 1175 322 Vlceslrtus
1196 263 1343 320 SEXTUS

231 418 367 491 quidquid
400 425 553 492 repugnat,
585 435 641 478 uon
670 425 763 490 potest
789 417 951 474 erChristi
976 418 1069 474 verbis
1097 416 1248 473 defendent
1267 434 1330 473 eum
1349 434 1366 471 a
1384 417 1540 488 promeritis
1560 417 1665 488 poenis.
1697 418 1778 473 Prov.
1797 423 1836 481 12,
1855 436 1882 474 v.
1899 423 1930 474 ³:

92 518 160 562 xvir.
172 519 217 562 toa
231 504 357 575 legitima
375 505 575 577 consequentia
595 520 655 560 esse
675 504 834 561 deductum.
870 505 1022 562 Remittere
1040 509 1068 558 et
1095 504 1160 558 Non
1175 504 1318 559 stabilitur
1335 504 1416 559 homo
1435 504 1465 558 in
1485 503 1672 572 improbitate,
1691 503 1719 557 id
1736 511 1780 559 est
1796 503 1931 559 radicitus

231 590 329 660 punire
348 597 412 646 sunt
428 591 580 662 contrariu,
605 595 675 646 teste
697 590 894 662 Chrysostomo
914 592 1007 647 homil.
1032 591 1068 645 de
1093 588 1234 644 evertitur.
1275 588 1358 645 Prov.
1374 594 1415 655 28,
1435 607 1461 644 v.
1480 595 1524 645 20:
1548 589 1735 658 Quisestinat
1755 590 1854 656 ditari,
1873 608 1931 645 uos

230 675 333 747 poenit
352 676 402 731 ubi
430 676 470 732 sie
493 676 615 747 colligit,
643 679 720 746 quod
737 678 817 731 Deus
837 679 966 742 remittit,
993 678 1069 731 iliud
1094 675 1148 728 erit
1169 676 1314 744 innocens,
1338 675 1368 729 id
1387 680 1430 731 est
1447 675 1540 730 multis
1565 674 1687 746 peccatis
1705 681 1734 729 ct
1753 681 1931 745 pcccatorum

229 779 286 816 non
299 764 392 833 punit.
429 763 470 817 At
487 762 536 835 qui
554 763 582 816 in
605 763 767 835 purgatorio
788 763 905 831 sudent,
924 763 980 818 illis
997 763 1066 817 infli·
1093 760 1189 830 poenis
1210 776 1271 816 sese
1288 761 1419 829 invoivit,
1448 761 1549 814 incidit
1576 761 1606 814 in
1633 762 1816 815 tentationem
1842 770 1868 816 et
1888 762 1932 815 lo·

230 846 273 919 git
292 849 369 904 Deus
389 865 493 919 poenas
510 852 624 919 propter
640 854 758 919 peccata
775 848 903 918 venialia,
923 854 954 904 ιιι
971 833 1192 917 ιοΙιιιιιΙᾳιιιιιιη
1224 855 1251 900 et
1278 847 1424 901 desideria
1453 847 1544 901 multe
1575 847 1761 901 irrationalia
1787 856 1814 901 et
1837 850 1933 925 nocie,

230 932 377 995 Pontificii.
425 933 500 1005 Ergo
523 932 673 987 venialium
700 932 825 989 remissio
848 951 905 988 non
930 934 1012 990 datur
1038 933 1066 987 in
1093 949 1168 1001 quae
1186 942 1314 1002 merpunt
1330 933 1455 987 homines
1480 933 1509 986 in
1529 931 1657 1000 enititum,
1681 939 1714 988 ut
1732 934 1848 1004 exponit
1864 950 1932 1005 epo·¹

230 1019 400 1091 purgatorio,
426 1019 476 1074 scd
500 1018 620 1090 exigitur
643 1036 693 1088 pro
718 1019 773 1073 illis
790 1018 947 1075 satisfactio⁴
982 1019 1068 1074 Deni·
1092 1017 1181 1073 stolus
1201 1025 1223 1074 1.
1240 1018 1312 1074 Tim.
1330 1024 1360 1084 6,
1392 1036 1418 1073 v.
1437 1025 1462 1076 9.
1505 1017 1642 1089 Congruit
1656 1018 1738 1075 etiam
1759 1019 1830 1076 haec
1846 1020 1932 1090 expli-

231 1121 285 1176 que
303 1121 358 1174 quo
376 1105 458 1160 modo
476 1105 594 1160 sumitur
611 1122 663 1160 uox
681 1104 849 1161 remissionis
869 1105 898 1160 in
916 1122 1065 1160 unomem·
1093 1102 1167 1159 catio
1190 1103 1337 1160 verborum
1355 1103 1459 1162 Christi
1482 1120 1546 1158 cum
1575 1102 1640 1159 fidei
1665 1104 1803 1177 analogia.
1841 1105 1931 1171 Quae·

230 1187 296 1259 hro,
326 1207 359 1246 eo
389 1190 472 1246 etiem
499 1192 581 1247 modo
609 1191 726 1245 sumitur
751 1190 779 1245 in
807 1191 893 1246 altero
920 1189 1065 1245 verborum
1094 1189 1158 1243 dem
1192 1190 1264 1245 enim
1291 1197 1409 1261 peccate
1438 1189 1520 1261 punit
1545 1190 1624 1244 Deus
1652 1190 1682 1244 in
1712 1189 1765 1245 hac
1798 1192 1870 1260 vita,
1901 1201 1933 1248 ut

232 1272 334 1330 Christi
352 1277 485 1332 membro.
524 1277 581 1331 Sed
599 1277 628 1332 in
646 1293 702 1332 uno
716 1277 838 1331 membro
858 1277 893 1333 de
907 1276 1066 1331 remissione
1092 1276 1287 1346 peccatoribus
1305 1293 1356 1348 per
1376 1275 1590 1347 castigationem
1615 1275 1768 1331 emendetis
1787 1284 1886 1347 parcet
1902 1279 1930 1332 in

229 1360 328 1432 culpae
344 1362 488 1432 accipitur,
509 1378 576 1435 ergo
593 1363 677 1416 etiam
694 1361 723 1416 in
744 1361 841 1417 altero.
1092 1360 1195 1426 future,
1216 1368 1240 1419 1.
1258 1361 1321 1418 Cor.
1344 1368 1385 1431 11,
1402 1381 1429 1418 r.
1448 1367 1490 1419 32.
1510 1362 1558 1416 sed
1577 1369 1724 1432 peecatum
1745 1361 1775 1417 in
1793 1362 1929 1434 Spiritum

265 1451 325 1504 218.
362 1453 385 1502 t.
407 1446 439 1502 In
469 1448 545 1502 dicto
565 1446 669 1503 Christi
700 1446 807 1518 aliquid
829 1446 961 1514 hebetur,
991 1447 1065 1518 quod
1091 1464 1113 1501 s.
1131 1453 1188 1500 tem
1213 1463 1299 1518 grave
1316 1453 1401 1519 etque
1425 1453 1504 1502 etror
1526 1445 1651 1501 Christus
1679 1462 1740 1502 esse
1760 1448 1932 1518 pronuntiet,

229 1533 419 1605 purgatorium
449 1551 562 1605 prorsus
589 1532 701 1600 evertit,
732 1533 809 1603 quod
841 1531 882 1586 sic
907 1532 1065 1603 probamus.
1092 1538 1125 1587 ut
1156 1533 1204 1603 qui
1236 1533 1306 1587 illud
1333 1532 1521 1601 committant,
1548 1532 1687 1602 judicium
1717 1539 1846 1589 aeternae
1873 1534 1932 1591 irae

229 1618 372 1691 Quidquid
390 1625 434 1674 cst
452 1618 497 1674 vel
514 1635 576 1674 esse
593 1618 737 1682 statuitur,
763 1618 793 1672 id
812 1624 862 1673 sut
881 1619 916 1673 ed
934 1635 1066 1689 praesens
1093 1617 1222 1686 sentiant,
1244 1619 1341 1674 necin
1361 1618 1414 1673 hoc
1432 1619 1539 1687 solum,
1558 1619 1609 1672 sed
1629 1618 1711 1674 etiarn
1730 1619 1760 1673 in
1776 1619 1872 1676 futtuo
1888 1637 1931 1675 so·

230 1704 332 1759 autad
349 1703 475 1758 futurum
493 1703 617 1760 seculum
634 1703 827 1772 referendum,
852 1709 885 1759 ut
902 1708 1013 1759 constet
1032 1720 1065 1758 ex
1093 1702 1156 1759 culo
1174 1704 1344 1775 gravissimis
1358 1704 1455 1776 poenis
1462 1702 1565 1774 judicii
1578 1703 1664 1757 divini
1680 1704 1768 1776 signis
1784 1709 1931 1777 torquean-

231 1788 393 1856 immcdiate
426 1789 614 1860 oppositione,
653 1806 737 1861 quam
773 1789 803 1844 in
841 1789 933 1845 verbis
964 1789 1065 1844 Christi
1092 1796 1145 1844 tur.
1173 1791 1216 1845 Eo
1234 1789 1349 1845 remittit
1368 1806 1418 1844 nos
1431 1788 1653 1859 chrysostomus,
1672 1791 1784 1860 quando
1802 1790 1929 1848 homtl.

230 1880 388 1948 agnoscunt
404 1873 551 1931 Pontificii.
591 1877 630 1929 At
648 1875 841 1947 purgatorium
860 1891 913 1930 nec
931 1875 968 1928 ed
986 1892 1065 1945 pree·
1093 1875 1123 1931 in
1140 1891 1164 1930 c.
1186 1881 1225 1932 12.
1245 1874 1344 1929 Metth.
1360 1872 1400 1928 sic
1424 1869 1638 1930 commentetur:
1667 1875 1863 1931 Universos-um
1881 1878 1929 1934 le·

230 1977 302 2030 sens,
319 1977 371 2016 nec
391 1960 427 2016 ad
446 1961 571 2016 futurum
592 1961 715 2017 seculum
734 1961 829 2016 referri
851 1968 950 2032 potest.
985 1961 1066 2016 Prius
1093 1962 1197 2015 minum
1216 1962 1271 2014 alii
1288 1969 1313 2015 et
1332 1961 1392 2030 hic,
1416 1969 1442 2015 et
1468 1961 1509 2013 ibi
1531 1961 1673 2030 supplicia
1690 1963 1810 2042 debunt,
1828 1972 1858 2018 ut
1878 1964 1929 2018 So·

230 2046 388 2103 concedunt
405 2046 559 2116 Pontificii,
579 2047 716 2118 posterius
733 2046 788 2102 hoc
805 2047 887 2103 modo
907 2047 1065 2120 probemus.
1092 2048 1229 2114 doms'eas,·
1263 2047 1319 2101 aiii
1346 2046 1378 2100 in
1403 2047 1552 2115 praesenti
1582 2047 1757 2102 solummodo
1787 2049 1861 2114 sito,
1899 2059 1930 2104 ut

234 2131 363 2189 Seculum
381 2133 505 2188 futurum
525 2138 569 2189 est
580 2140 721 2189 aeternum
740 2150 792 2190 nec
811 2150 934 2205 unquam
952 2133 1067 2190 hebebit
1086 2133 1251 2199 fornicator
1267 2131 1429 2187 Corinthius
1434 2153 1446 2197 ,·
1464 2133 1519 2186 atii
1529 2133 1560 2186 in
1571 2135 1672 2201 ficara
1690 2141 1800 2188 tantum
1813 2135 1879 2203 rito,
1898 2143 1928 2189 ut
1942 2154 2007 2199 xm
2021 2155 2043 2199 η

230 2217 324 2274 finem.
355 2218 462 2274 Eccles.
484 2223 523 2281 12,
540 2237 566 2276 v.
580 2225 608 2275 5:
630 2219 667 2272 In
684 2227 773 2273 morte
790 2220 849 2272 obit
868 2219 949 2274 homo
967 2220 997 2273 in
1016 2220 1065 2274 do·
1093 2219 1172 2274 diues
1189 2218 1286 2288 epul03
1315 2219 1371 2272 ulii
1386 2233 1437 2271 nee
1455 2217 1485 2271 in
1507 2221 1668 2287 praesenti,
1700 2237 1750 2272 uec
1779 2221 1810 2273 in
1825 2222 1929 2286 futuru

231 2323 305 2358 mum
323 2304 499 2360 aeternitatis
517 2321 594 2360 suae.
634 2320 695 2375 cap.
717 2309 763 2368 11,
787 2322 813 2359 v.
833 2308 862 2360 3:
880 2306 1000 2374 Lipnum
1019 2306 1068 2358 uli
1092 2304 1165 2372 oio,
1193 2311 1224 2357 ut
1248 2304 1405 2373 prophetae
1429 2311 1454 2357 et
1474 2304 1604 2373 apostoli.
1647 2304 1875 2377 Theophylectus
1898 2308 1929 2364 in

230 2389 373 2454 ceciderit,
394 2390 435 2443 ibi
453 2390 514 2443 erit.
534 2389 605 2448 Luc,
628 2395 668 2458 lt,
684 2406 711 2442 v.
731 2394 776 2446 26:
798 2392 937 2461 Mapnum
952 2391 1065 2445 chaerea
1093 2405 1206 2444 comm:
1238 2389 1330 2443 Multi
1345 2396 1424 2455 sunt,
1453 2390 1503 2459 qni
1526 2390 1573 2444 bic
1586 2390 1760 2460 puniuntur,
1787 2394 1840 2452 sed
1857 2393 1931 2449 alibi

230 2476 412 2531 interiectos
432 2492 466 2529 ae
479 2476 791 2538 damnatosfirmatum.
820 2481 843 2531 2.
859 2474 921 2533 Cor.
940 2482 1004 2543 t,r.
1021 2481 1064 2532 18=
1089 2491 1201 2544 paenae
1226 2474 1360 2530 immunes
1396 2483 1474 2541 sunt,
1507 2483 1539 2529 ut
1558 2492 1671 2545 pauper
1699 2479 1844 2549 Laconem
1874 2481 1930 2535 aiii

232 2563 309 2627 Quae
325 2561 462 2626 uidentur,
481 2561 651 2629 temporalia
671 2569 744 2626 sunt,
762 2578 834 2630 quoe
853 2579 910 2615 non
927 2562 1065 2631 uidentur,
1093 2568 1186 2614 autem
1205 2570 1231 2616 et
1250 2561 1304 2630 hic,
1322 2569 1349 2616 et
1368 2561 1455 2629 alibi,
1474 2568 1504 2614 ut
1525 2562 1704 2629 Sodomitae,
1723 2571 1749 2618 et
1767 2564 1812 2633 hi,
1831 2567 1882 2634 qui
1897 2569 1928 2622 in

232 2657 357 2703 emerso.
403 2646 536 2702 Testetur
562 2647 692 2703 universa
708 2646 862 2719 Scriptura,
890 2652 954 2719 post
982 2647 1065 2718 hnjus
1094 2646 1233 2716 Spiritum
1263 2665 1286 2702 s.
1315 2647 1525 2717 blasphemorum
1562 2649 1617 2704 alii
1652 2666 1717 2705 cere
1756 2669 1844 2723 neque
1873 2653 1929 2722 hie,

231 2736 308 2790 ritae
332 2733 478 2788 decursum
504 2731 573 2789 nihil
599 2733 750 2804 temperate
770 2734 889 2804 amplius
914 2751 1067 2804 superesse,
1092 2749 1179 2808 neque
1196 2732 1281 2800 alibi,
1306 2741 1337 2786 ut
1355 2734 1481 2802 apostoli
1497 2741 1525 2788 et
1538 2751 1721 2802 praecursor.
1756 2737 1822 2793 Joh.
1840 2738 1929 2796 Ferus

229 2819 277 2873 ard
293 2835 397 2873 merem
408 2818 607 2874 aeternitatem.
630 2817 820 2874 Damascenus
833 2818 883 2874 lib.
898 2824 921 2876 2.
936 2818 1006 2874 orth.
1018 2818 1065 2874 fid.
1092 2817 1121 2872 in
1143 2835 1166 2872 c.
1195 2823 1235 2873 12.
1263 2816 1379 2874 Macen:
1408 2819 1506 2873 Minus
1531 2821 1652 2875 dicendo
1676 2822 1747 2890 plus
1777 2825 1930 2894 sipnificat,

231 2921 255 2958 c.
278 2911 309 2959 1:
337 2906 462 2960 Aeterna
486 2904 545 2957 uita
570 2911 596 2956 ee
621 2911 766 2959 oeternum
785 2904 969 2975 supplicium,
990 2906 1066 2973 quod
1091 2903 1151 2958 uult
1170 2904 1244 2958 enim
1262 2905 1339 2973 quod
1356 2922 1412 2959 non
1429 2906 1520 2959 solum
1537 2907 1568 2959 in
1586 2907 1695 2976 futuro,
1713 2911 1766 2963 sed
1782 2911 1867 2966 etiarn
1883 2912 1929 2966 lio

229 2991 287 3045 sine
305 2992 361 3053 line
374 2992 509 3060 futurum
531 2991 654 3045 sendum
680 2992 837 3046 ostendunt.
875 2991 916 3045 At
934 2996 1066 3062 purgato-
1088 2989 1207 3058 punitur
1219 2989 1276 3044 tale
1291 2997 1447 3062 peccatum.
1496 2989 1688 3062 chrysostomi
1711 2993 1798 3049 rerba
1814 2996 1930 3052 adducit

231 3078 302 3131 rium
320 3092 354 3131 ex
371 3075 521 3147 hypothesi
532 3075 742 3135 Pontificiorum
753 3076 885 3132 continet
900 3075 1065 3148 temporales
1092 3075 1210 3132 Jensen.
1230 3076 1258 3131 in
1279 3076 1409 3132 concord.
1428 3092 1528 3148 evang.
1548 3077 1647 3132 Metth.
1669 3084 1708 3135 le.

231 3177 334 3231 poenas
354 3167 383 3217 et
400 3161 483 3218 finem
506 3161 535 3218 in
562 3168 685 3217 extrenm
704 3160 813 3230 judicio
837 3167 880 3215 est
896 3160 1064 3219 habiturum.
1127 3166 1187 3218 250.
1223 3166 1247 3217 6.
1264 3161 1589 3226 Quidemremiesionem
1606 3163 1637 3216 in
1647 3165 1753 3230 futuro
1769 3168 1865 3221 seculo
1879 3185 1930 3238 per

229 3247 305 3319 Ergo
331 3264 386 3302 non
408 3247 528 3318 pertinet
553 3247 590 3302 ed
608 3247 734 3302 futurum
753 3247 886 3304 seculum.
925 3247 1001 3319 Ergo
1019 3253 1063 3303 cst
1092 3245 1344 3303 manifestationem
1362 3246 1529 3303 remissionis
1547 3248 1742 3320 explicendem
1754 3268 1815 3307 esse
1836 3253 1929 3309 existi·

230 3332 394 3406 figmentum
414 3332 596 3403 papisticum;
623 3350 680 3388 non
705 3349 754 3388 eus
778 3332 891 3404 aliquod
917 3350 1013 3389 verum
1037 3341 1067 3391 et
1093 3337 1185 3398 ment,
1200 3334 1282 3404 juxte
1302 3331 1444 3404 vulgatam
1463 3335 1601 3406 regulam,
1625 3340 1765 3406 praedam
1783 3347 1848 3392 tunc
1865 3341 1930 3404 tisri

229 3419 313 3483 reele,
334 3419 384 3476 scd
400 3418 595 3490 imaginarium
612 3423 642 3474 et
656 3416 805 3476 fiendum(
824 3418 886 3473 Hoc
901 3426 1066 3492 argumento
1093 3420 1233 3487 dicuntur,
1253 3421 1366 3489 meando
1379 3421 1467 3489 jacta
1485 3436 1544 3475 esse
1560 3422 1786 3487 manifestantur.
1825 3423 1929 3481 Sensus

230 3505 320 3560 utitur
338 3506 498 3560 Mentzerus
518 3504 589 3576 disp.
612 3510 650 3561 12.
671 3504 876 3576 entipistorian.
896 3505 934 3560 th.
955 3512 996 3563 85.
1093 3505 1179 3576 igitur
1195 3504 1262 3573 erit,
1291 3511 1438 3576 peccatum
1465 3505 1496 3560 in
1514 3503 1648 3576 Spiritum
1667 3513 1794 3562 sanctum
1812 3527 1870 3565 non
1887 3529 1929 3568 re-

266 3595 325 3648 249.
362 3597 385 3647 5.
404 3591 523 3646 Possunt
541 3589 624 3645 ctiam
646 3589 732 3645 verbs
748 3589 852 3646 Christi
869 3591 969 3661 exponi
983 3593 1067 3662 juxta
1093 3591 1210 3646 mittitur
1241 3607 1293 3647 neu
1312 3590 1342 3646 in
1360 3590 1413 3648 hoc
1430 3591 1538 3660 seculo,
1566 3609 1617 3648 nec
1636 3593 1666 3647 in
1680 3593 1790 3665 futuro,
1816 3598 1929 3667 quando

229 3675 400 3732 idiotismum
413 3676 580 3744 Hebraeum,
597 3693 653 3747 quo
670 3677 755 3730 rerba
772 3678 906 3745 manna
920 3686 1067 3750 ponuntur
1093 3695 1186 3733 coram
1203 3678 1312 3749 angelis
1331 3684 1359 3733 et
1378 3679 1473 3734 electis
1491 3678 1617 3734 Christus
1638 3680 1728 3749 judex
1748 3682 1928 3738 menifestum

225 3780 283 3835 pro
304 3762 688 3836 contrariisar'firmantibm
707 3780 763 3835 per
780 3765 923 3832 piendam
940 3771 1064 3838 μείωσιν.
1093 3763 1195 3832 faciet,
1227 3763 1329 3835 quibus
1354 3772 1470 3835 peccata
1502 3765 1559 3819 sint
1584 3765 1714 3833 remisse,
1737 3767 1839 3837 quibus
1862 3785 1927 3824 vero

231 3847 351 3913 Quidam
377 3847 450 3903 hanc
475 3848 601 3919 regulam
627 3846 667 3902 sic
690 3848 823 3906 efferunt:
849 3851 996 3905 Aduerbio
1018 3867 1063 3905 ne·
1093 3855 1217 3907 retenta,
1246 3849 1310 3905 Hoc
1327 3866 1410 3905 sensu
1430 3850 1621 3920 concedimus,
1643 3860 1763 3921 peecata
1786 3857 1928 3922 quaedam

230 3935 322 4004 pondi
354 3950 440 4004 saepe
470 3935 548 4003 ejus,
582 3936 660 4002 qued
690 3936 863 4006 reprimunt,
891 3938 1064 3993 centrarium
1094 3936 1200 3990 rems'tti
1218 3936 1248 3989 in
1271 3937 1373 4002 futuro
1391 3937 1500 4000 secuto,
1530 3936 1622 3990 idest
1646 3937 1676 3992 in
1703 3938 1747 3993 die
1779 3939 1929 3996 novissimo

231 4023 407 4092 affirmatum
434 4038 496 4075 mem
526 4015 648 4094 lprpa'oes
674 4020 841 4091 exprimunt.
888 4022 942 4087 Qui
966 4029 1066 4093 peccet
1093 4020 1208 4077 remissa
1222 4021 1340 4087 ostendi,
1360 4022 1473 4092 quaudo
1489 4021 1597 4077 scilieet
1612 4022 1675 4086 illis,
1694 4021 1797 4093 quibus
1812 4031 1929 4094 peccata

232 4104 261 4163 in
282 4107 417 4178 Spiritum
435 4123 467 4175 s.,
485 4123 542 4160 non
559 4105 716 4162 remittetur
734 4107 769 4173 ei,
786 4107 816 4161 id
836 4113 878 4162 est
895 4108 964 4163 citra
980 4109 1066 4163 ullum
1095 4113 1209 4177 propter
1226 4106 1367 4163 Christum
1384 4106 1414 4162 in
1432 4107 1485 4162 hec
1504 4108 1563 4161 vita
1581 4113 1647 4161 sunt
1662 4108 1791 4178 remisse,
1816 4117 1930 4167 aeterne

232 4193 421 4249 remissionem
448 4192 579 4264 punietur
602 4199 662 4249 tum
685 4192 715 4247 in
735 4192 802 4258 hoe,
834 4199 893 4249 tum
918 4193 948 4249 in
972 4194 1066 4251 futuro
1093 4193 1215 4264 praemis
1232 4190 1525 4267 distribuunturpillis
1538 4207 1612 4261 vcro,
1629 4193 1731 4263 quibus
1746 4195 1929 4252 remissenon

230 4280 331 4336 seculo.
360 4277 440 4334 Haeo
450 4277 597 4349 explicatio
617 4277 731 4349 probari
750 4285 841 4350 potest
857 4279 1005 4349 cxMerco,
1019 4281 1066 4351 qui
1095 4282 1174 4343 sunt,
1203 4283 1316 4334 aeterne
1348 4278 1486 4351 supplicia
1517 4278 1723 4348 adjudicantur.
1775 4280 1930 4356 Conjungit

230 4381 255 4419 c
270 4371 295 4434 ³,
308 4370 348 4420 29.
363 4364 450 4422 rerba
462 4363 565 4425 Christi
577 4365 617 4420 sic
629 4364 812 4438 nepmppaicet,
830 4367 881 4435 qui
893 4366 1066 4436 blaspheme·
1095 4381 1162 4435 ergo
1180 4363 1305 4421 Christus
1324 4370 1475 4434 auumque
1492 4365 1629 4430 mulum,
1658 4383 1788 4437 praesens
1809 4375 1837 4424 et
1853 4369 1930 4426 futu·

229 4451 300 4506 cerri
312 4451 342 4504 in
358 4451 495 4520 Spiritum
508 4468 546 4520 a,
564 4469 620 4505 non
633 4452 716 4506 tabet
733 4451 926 4517 remissionem
938 4453 967 4506 in
978 4461 1066 4507 ader·
1094 4469 1169 4520 rum,
1194 4452 1261 4522 quia
1278 4452 1391 4523 quando
1405 4451 1543 4522 judicium
1560 4450 1614 4506 Dei
1640 4451 1675 4506 de
1694 4459 1809 4523 peccato
1826 4455 1856 4510 in
1876 4456 1929 4512 hoc

229 4554 306 4605 uum,
324 4538 378 4590 sed
394 4552 458 4590 reus
476 4537 529 4591 erit
549 4537 661 4592 aeterni
669 4537 781 4606 judieii
802 4538 935 4610 (Vulgata
945 4539 1068 4596 reddidit
1094 4538 1233 4608 praesenti
1256 4538 1360 4607 ,seculo
1390 4538 1599 4608 pronuntiatur,
1630 4543 1690 4592 tum
1720 4540 1840 4595 mundus
1872 4552 1930 4598 non

231 4622 356 4691 delicti),
373 4621 427 4678 hoc
440 4628 483 4679 est
497 4622 644 4679 sustinebit
657 4629 764 4678 reatum
782 4622 869 4679 divini
883 4624 994 4695 judicii,
1011 4643 1066 4680 non
1093 4639 1261 4694 magnopere
1279 4623 1348 4679 illud
1368 4628 1462 4692 curat,
1478 4623 1547 4678 dicit
1562 4622 1648 4695 igitur
1665 4622 1805 4694 Christus,
1823 4626 1847 4680 si
1866 4629 1930 4699 quis

231 4707 320 4763 solum
338 4708 368 4762 in
385 4707 454 4777 hac,
475 4708 524 4764 sed
544 4708 630 4764 etism
646 4709 677 4763 in
696 4707 792 4764 future
810 4709 882 4774 vita,
901 4710 968 4780 quie
984 4716 1065 4767 teste·
1093 4708 1276 4779 impoenitens
1294 4709 1323 4764 in
1352 4707 1405 4764 hoc
1423 4707 1517 4764 seculo
1542 4706 1665 4764 officium
1684 4708 1804 4780 Spiritus
1829 4712 1928 4783 suncti,

231 4800 277 4851 tur
295 4793 478 4864 experientia,
504 4794 574 4850 tales
599 4799 742 4866 apostatas
761 4793 791 4848 in
810 4793 944 4864 Spiritum
961 4814 983 4849 s.
1001 4813 1064 4866 pcc·
1093 4796 1168 4866 quod
1195 4795 1223 4851 in
1245 4795 1399 4850 ministerio
1425 4793 1548 4866 peregit,
1577 4800 1741 4865 aspernatus
1768 4795 1865 4866 fuerit,
1893 4815 1928 4854 se

155 4944 157 4949 Ι
230 4885 324 4936 mnus
344 4879 521 4952 gravissimos
547 4879 734 4935 conscientiae
757 4895 863 4934 morsus
882 4881 1018 4936 sustinere
1036 4886 1065 4937 et
1091 4880 1207 4952 proinde
1226 4887 1342 4953 peccata
1359 4897 1414 4936 non
1434 4881 1556 4947 remisse,
1574 4882 1623 4937 sed
1641 4880 1849 4952 ligetaiuerint,
1867 4889 1928 4940 tum

229 4965 408 5022 infernalium
427 4964 553 5020 dolorum
578 4964 714 5036 primitias
732 4965 883 5021 etiamnum
900 4967 929 5020 in
944 4966 997 5022 hec
1008 4969 1066 5023 vita
1092 4966 1176 5022 etiam
1202 4967 1341 5036 futurum,
1373 4971 1407 5021 ut
1426 4965 1455 5020 in
1480 4965 1569 5024 altero
1593 4967 1688 5023 seculo
1708 4966 1738 5022 in
1760 4967 1806 5023 die
1826 4969 1929 5038 judicii

228 5051 456 5124 praesentiscere.
487 5050 589 5107 Similis
608 5050 764 5106 idiotismus
782 5051 812 5106 iu
830 5050 893 5107 eliis
904 5052 1065 5124 Scripturas
1091 5053 1151 5123 ipse
1182 5070 1238 5109 non
1266 5054 1373 5123 justus,
1411 5052 1462 5107 sod
1493 5054 1692 5111 condemnatus
1727 5054 1930 5124 pronuntietur.

229 5137 312 5195 dietis
330 5135 471 5192 observari
489 5140 591 5207 potest
621 5135 709 5194 Exod.
723 5143 766 5205 20,
782 5153 808 5195 r.
828 5144 858 5193 t:
878 5140 944 5194 Non
956 5141 1065 5194 balmis
1091 5139 1184 5196 Herm.
1206 5155 1305 5210 evang.
1333 5154 1394 5208 cep.
1416 5145 1457 5196 59.
1483 5139 1531 5200 iol.
1551 5144 1610 5197 213.
1646 5140 1760 5212 Excipit
1784 5140 1929 5197 Bellermi·

229 5223 310 5278 Deus
327 5223 498 5277 innocentem
524 5238 600 5291 eum,
617 5223 668 5292 qui
693 5224 858 5280 assumserit
883 5242 981 5290 nemen
1001 5226 1063 5295 ejus
1090 5245 1156 5282 nus:
1192 5226 1313 5291 Quinum
1338 5234 1420 5280 erunt
1438 5226 1499 5298 iili,
1525 5226 1624 5299 picibus
1649 5244 1704 5282 non
1723 5234 1764 5281 est
1781 5227 1929 5283 remissum

228 5309 260 5363 in
278 5325 389 5378 eanum,
407 5307 438 5362 id
455 5314 498 5364 est
514 5308 685 5380 granateria
702 5311 800 5381 poenis
817 5311 1016 5383 temporalibus
1036 5318 1064 5367 et
1091 5321 1117 5367 et
1141 5312 1301 5383 injudicio
1319 5312 1491 5369 remittitur?
1512 5327 1603 5367 nonne
1626 5311 1684 5381 iili,
1704 5313 1754 5383 qui
1773 5320 1822 5367 aut
1835 5314 1930 5369 oente-

230 5394 349 5451 aeternis
369 5412 433 5450 eum
450 5395 563 5452 alliciet.
599 5396 681 5454 Prov.
703 5402 750 5463 11,
776 5415 803 5452 r.
821 5404 872 5456 21:
896 5399 1006 5455 Manus
1023 5402 1065 5454 ad
1090 5400 1159 5454 lium
1172 5399 1344 5470 perpetiere
1367 5399 1543 5471 instipatum,
1567 5405 1617 5451 mu
1644 5397 1734 5453 solius
1751 5415 1861 5469 poenae
1881 5402 1929 5457 de·

230 5498 342 5536 meum
358 5500 415 5537 noa
432 5482 524 5550 sacret
544 5484 651 5539 nedum
677 5482 865 5554 innocentem,
894 5484 925 5540 id
948 5491 1064 5545 minen
1094 5486 1198 5542 litores
1238 5486 1339 5541 aaut
1399 5483 1626 5560 Respondemus:
1669 5484 1862 5556 purgatorium
1899 5486 1928 5543 in
