4104 6014
896 149 949 205 DE
967 149 1107 208 MORTE.
1792 157 1852 216 255

150 318 266 371 prorsus
301 309 407 359 1111111
441 311 470 362 st
501 306 689 363 indubitatum
725 306 888 371 defendere,
923 304 987 360 ideo
1016 307 1101 360 etiam
1119 307 1214 361 omnia
1240 307 1349 376 metent,
1372 322 1445 378 pisos
1464 312 1528 360 sum
1546 305 1578 359 in
1597 306 1667 360 Deo.
1707 304 1806 359 Sonat
1822 304 1853 359 in

151 395 235 443 vocat
253 405 317 445 eum
340 389 478 446 duntaxat
493 394 670 462 probabilem
694 400 722 449 et
741 393 886 464 conjungit
902 391 988 446 alium
1016 393 1103 446 coelis
1121 394 1216 447 uident
1235 396 1337 448 Deum.
1373 394 1453 461 Erpa
1473 394 1558 447 stiam
1578 392 1680 458 omnia,
1699 408 1772 460 puae
1788 398 1852 443 sunt

152 475 321 546 cognitionis
345 477 472 541 modum,
500 495 550 548 per
574 481 700 534 divinam
719 479 827 533 scitimt
843 478 989 532 revelatio·
1016 478 1046 530 in
1065 480 1140 534 Deo.
1185 478 1336 551 Gregorius
1360 480 1378 533 l.
1399 485 1438 534 12.
1458 478 1554 533 moral.
1578 494 1602 535 c.
1632 482 1676 533 13:
1702 476 1760 539 Qui
1776 476 1852 529 intas

153 577 230 626 aem,
256 562 323 632 quin
344 562 398 615 imo
417 563 545 619 1111111111
562 570 634 635 part.
655 572 676 621 1.
703 565 785 621 theol
814 564 898 621 schol.
923 580 947 619 c.
964 570 989 619 9.
1017 566 1213 634 omnipotentis
1239 567 1299 619 Dei
1331 566 1490 619 claritatem
1517 565 1626 631 vident,
1660 564 1739 618 nullo
1767 565 1851 617 nwdo

61 678 66 689 ·
155 665 182 717 q.
198 652 238 703 13.
251 649 562 721 eumrideturprorsns
577 652 733 723 repudiare,
752 652 792 706 sie
807 652 880 707 enim
894 650 991 705 scribit
1017 652 1201 718 eredendum,
1229 652 1297 719 guia
1313 653 1390 715 foris
1408 651 1446 705 sit
1469 651 1597 719 aliquid,
1624 652 1700 719 quod
1717 651 1853 718 ipnorsnt.

155 740 297 790 11111211
316 736 493 805 Aapustinas
516 738 536 793 l.
557 740 592 792 de
610 757 681 792 crac
695 755 752 808 pro
771 739 889 792 mortuis
907 741 989 792 115.
1020 737 1095 799 Quia
1123 737 1196 791 enim
1224 738 1286 791 illic
1313 755 1407 791 omncs
1432 737 1573 792 communi
1600 737 1735 791 claritate
1760 739 1854 791 Deum

155 823 251 886 docet,
275 822 366 876 tribus
384 825 477 878 modis
500 825 594 879 beatos
614 842 795 895 copnoscere,
822 842 894 894 quae
912 824 991 877 circo
1018 824 1206 892 conspiciunt,
1244 826 1315 893 quid
1355 832 1411 892 est,
1450 825 1528 892 quod
1558 824 1599 877 ibi
1629 824 1770 888 1111111111,
1806 824 1855 877 ubi

154 924 205 960 nos
225 909 302 973 fiunt.
344 910 445 964 Primo
473 926 506 964 ee
532 911 672 964 relatione
695 911 855 979 bominum,
882 911 932 981 qui
957 926 991 962 ea
1017 911 1147 964 1111111111
1166 911 1262 964 omnia
1280 911 1392 964 sciant!
1431 909 1656 980 Respondemus:
1687 917 1707 965 t.
1726 909 1854 979 produci·

153 994 207 1046 tac
236 995 295 1047 aito
316 997 359 1048 ad
385 997 453 1050 iilos
478 998 608 1067 ueniunt;
637 1000 760 1052 seeundo
788 1014 822 1051 11
854 997 991 1051 relatione
1018 1011 1078 1049 mus
1112 995 1309 1051 validissimam
1340 996 1500 1051 instantiam
1532 995 1568 1050 ab
1595 994 1703 1066 angelis
1729 996 1852 1066 petitam.

154 1081 336 1150 ampelos-um
374 1084 456 1136 tertio
488 1100 521 1136 sa
548 1085 695 1154 peculiari
724 1085 784 1138 Dei
811 1083 990 1138 revelatione.
1016 1082 1123 1152 Aapeli
1159 1100 1268 1153 sempor
1309 1084 1404 1137 uident
1437 1083 1546 1148 faciem
1582 1083 1681 1135 Patris
1718 1082 1854 1147 coelestis,

155 1168 216 1220 Hos
247 1176 303 1221 tres
321 1171 420 1223 modos
448 1171 539 1224 tradit
569 1172 763 1241 Mamertinus,
802 1178 829 1225 et
861 1178 935 1224 certe
965 1169 993 1223 si
1018 1166 1116 1222 Matth.
1140 1174 1186 1231 18,
1215 1187 1240 1224 v.
1261 1175 1370 1224 111111
1400 1175 1494 1225 tamen
1519 1168 1615 1223 1111111
1644 1166 1751 1236 omnia,
1782 1183 1853 1239 quae

150 1263 294 1322 putasset,
322 1273 381 1310 esse
400 1257 503 1325 1111111,
531 1274 629 1331 nempe
653 1258 771 1313 videndi
797 1265 944 1312 nestoras
962 1257 992 1311 in
1018 1254 1129 1309 suntin
1145 1255 1220 1323 Deo,
1245 1256 1311 1325 quia
1335 1273 1389 1310 non
1415 1255 1511 1310 rident
1534 1255 1608 1310 diem
1625 1253 1739 1309 extremi
1753 1252 1853 1325 judicii

157 1341 221 1394 Deo
255 1348 389 1411 tanquam
424 1344 454 1396 in
494 1344 602 1412 objecto
641 1346 766 1415 coquito,
803 1363 859 1399 non
895 1343 991 1413 utique
1020 1340 1188 1407 1111111124,
1213 1359 1238 1396 v.
1264 1347 1305 1398 36.
1338 1341 1422 1396 Marc.
1449 1346 1495 1404 13,
1517 1358 1542 1396 v.
1562 1345 1606 1396 12.
1637 1347 1693 1394 tres
1722 1339 1853 1394 scientiae

157 1427 370 1482 dissimulasset.
1019 1428 1122 1499 grudm
1140 1428 1169 1480 in
1186 1427 1292 1498 augelis
1312 1433 1480 1496 statuuntur,
1499 1431 1545 1493 τῆς
1557 1426 1691 1496 γνώσεως,
1702 1431 1750 1492 τῆς
1765 1444 1851 1498 φανε-

12 1520 97 1567 Arsu-
192 1518 252 1568 ³25.
302 1515 462 1586 Antequam
499 1532 564 1571 vero
599 1524 727 1588 quartum
766 1516 844 1571 illum
877 1515 991 1570 inodum
1018 1512 1190 1588 ροποιήσεως
1208 1515 1266 1569 sive
1284 1510 1489 1582 ἀποκαλύψεως
1505 1530 1538 1568 ac
1555 1518 1601 1581 τῆς
1618 1514 1776 1586 ἔμπειρίας,
1802 1512 1852 1568 sed

13 1576 121 1663 'diliis
158 1600 359 1670 expendamus,
383 1603 605 1672 respondendum
630 1604 683 1658 erit
708 1603 892 1672 argumentis,
920 1618 992 1673 quae
1018 1600 1110 1654 nullos
1130 1617 1164 1655 ex
1183 1598 1227 1655 his
1247 1598 1382 1671 gradibus
1399 1599 1437 1654 ad
1461 1608 1677 1672 παντογνωσίαν
1694 1607 1722 1655 et
1740 1598 1848 1654 absolu·

15 1676 115 1714 ⁰¹⁰¹¹¹¹¹¹
154 1704 211 1755 pro
239 1688 353 1756 speculo
383 1694 541 1743 sauctorum
573 1688 712 1744 Pontificii
741 1688 870 1744 formant.
917 1681 991 1743 1.'.4
1018 1695 1086 1740 tam.
1105 1687 1226 1740 omnium
1258 1687 1401 1741 scientiam
1432 1688 1559 1759 assurgit.
1612 1693 1637 1743 2.
1667 1687 1851 1741 Bellarmiuus

16 1727 136 1818 idhdddo
158 1773 292 1826 bonitatis
310 1776 425 1828 divinos
443 1778 606 1832 ostensione.
644 1777 787 1830 Dominus
805 1776 903 1843 Moysi
919 1775 992 1829 11111-
1018 1772 1078 1843 ipse
1105 1781 1191 1842 negat
1220 1773 1352 1842 majorem
1383 1773 1607 1844 propositionem.
1656 1773 1755 1844 Neque
1779 1773 1851 1827 enim

16 1830 136 1929 “ii'',i'iii'
158 1858 268 1912 diturus
303 1862 450 1916 essentiam
502 1880 582 1916 mam
633 1864 877 1932 contemplandam
921 1861 993 1916 dicit
1019 1858 1129 1925 statuit,
1153 1867 1264 1913 sanctos
1284 1860 1379 1912 omnia
1395 1859 1506 1913 omnino
1527 1859 1635 1927 videre,
1658 1858 1707 1914 sed
1734 1876 1768 1912 eo
1792 1866 1853 1912 ton·

17 1934 89 1973 ‘¹¹¹⁰’
157 1946 252 2002 and.
270 1948 317 2015 33,
340 1967 365 2002 a.
387 1951 439 2002 19:
461 1950 525 2015 Epo
550 1951 696 2003 ostendam
714 1950 767 2003 tibi
785 1965 863 2002 omne
883 1949 992 2011 bonum,
1018 1952 1084 2007 tam,
1102 1961 1174 2013 quos
1193 1946 1233 1997 ad
1248 1944 1325 2012 ipsos
1344 1945 1442 2014 aliquo
1459 1946 1543 1997 modo
1553 1946 1701 2015 pertinent.
1728 1943 1853 1998 Thomas

156 2032 190 2084 id
214 2039 255 2085 est
278 2033 419 2101 quidquid
445 2034 542 2102 aliquo
569 2037 652 2088 morto
681 2051 779 2088 nomen
803 2043 831 2088 et
854 2035 992 2089 rationem
1018 2030 1851 2101 1111111113.111.17.11111οΒ1111111111.1.111111.

156 2118 223 2171 boni
239 2118 341 2172 labem
357 2127 459 2188 potest,
479 2121 513 2172 id
529 2138 608 2174 omne
626 2120 658 2173 in
675 2137 738 2174 mea
755 2121 891 2189 essentia,
908 2137 992 2189 pisam
1018 2115 1103 2171 schot
1121 2133 1145 2170 c.
1165 2123 1189 2173 9.
1209 2135 1235 2187 q.
1257 2123 1304 2173 13:
1330 2117 1420 2171 Beati
1438 2133 1595 2186 propressn
1611 2116 1744 2185 temporis
1762 2116 1853 2171 multa

138 2204 267 2265 ,visana
285 2221 323 2273 es,
340 2206 393 2258 tibi
409 2207 560 2260 ostendam.
594 2207 705 2270 Quodsi
720 2207 853 2261 1111111111
870 2207 992 2260 amous
1018 2203 1127 2271 uideat,
1152 2220 1224 2272 puae
1242 2220 1299 2256 non
1317 2204 1448 2257 uiderunt
1466 2221 1485 2256 a
1501 2203 1644 2272 principio
1663 2203 1852 2258 beatitudiuis.

155 2291 215 2344 Dei
235 2292 382 2345 essentiam
401 2299 427 2344 et
444 2292 474 2344 in
495 2309 528 2344 ea
548 2309 627 2346 omns
651 2294 750 2346 bonum
768 2295 879 2357 vident,
904 2291 992 2345 multo
1019 2288 1093 2359 Ergo
1119 2305 1152 2343 ex
1178 2288 1282 2343 visione
1301 2289 1355 2343 Dei
1381 2287 1512 2343 beatifica
1532 2306 1588 2344 uon
1610 2288 1698 2343 oritur
1721 2287 1852 2344 absoluta

154 2379 245 2447 mopis
267 2379 361 2431 sancti
384 2378 414 2430 ia
431 2379 490 2431 aito
519 2388 634 2432 aeterna
653 2380 779 2434 divinam
797 2380 943 2434 essentiam
964 2385 992 2432 et
1018 2375 1139 2430 omnium
1159 2375 1236 2430 risio.
1276 2381 1300 2431 3.
1322 2373 1350 2429 Si
1368 2375 1457 2430 sancti
1475 2375 1536 2431 ideo
1553 2376 1645 2431 sciunt
1661 2377 1768 2446 omnia,
1786 2377 1853 2447 quia

154 2465 339 2518 ineaomnio
354 2465 458 2520 vident.
491 2463 717 2536 Respondemus:
737 2473 758 2521 1.
771 2465 889 2536 Moysen
902 2465 992 2535 ipsam
1017 2461 1113 2516 vident
1137 2460 1245 2530 Deum,
1275 2461 1304 2514 11
1333 2478 1389 2530 quo
1411 2469 1477 2515 sunt
1502 2462 1607 2531 omnia,
1639 2463 1736 2534 utique
1768 2463 1851 2517 etiam

153 2550 208 2606 Dei
226 2551 375 2606 1111111111
394 2550 438 2605 vel
457 2551 486 2605 in
504 2551 565 2622 ipsa
582 2551 635 2606 Dei
652 2553 772 2608 essentia
791 2569 870 2606 omne
891 2552 990 2606 bonum
1018 2548 1110 2603 omnis
1121 2553 1260 2618 poterunt,
1279 2547 1384 2619 ubique
1399 2557 1561 2620 praesentes
1575 2558 1664 2618 erunt,
1684 2555 1752 2604 etot
1766 2549 1851 2604 verbo

154 2637 271 2704 vidisse,
306 2643 398 2692 textus
428 2654 484 2691 non
507 2637 589 2706 dicit,
620 2638 669 2692 sed
693 2638 793 2709 potius
817 2637 990 2694 contradicit.
1018 2635 1124 2703 dicam,
1150 2643 1232 2688 erunt
1249 2637 1359 2699 omnia,
1386 2637 1453 2707 quia
1476 2636 1572 2692 vident
1592 2653 1669 2705 eum,
1692 2637 1740 2709 qui
1758 2642 1851 2706 potest

154 2722 267 2793 Moyses
290 2722 404 2794 quidem
421 2723 493 2792 petit
515 2740 543 2778 v.
562 2728 608 2779 te:
639 2724 763 2779 Ostende
781 2725 851 2778 mibi
868 2725 990 2794 pieriam
1017 2720 1109 2776 omnia
1162 2721 1210 2792 qui
1265 2727 1307 2777 est
1359 2720 1463 2793 ubique
1513 2739 1657 2793 praesens,
1684 2732 1686 2739 '
1711 2722 1759 2793 qui
1809 2728 1851 2779 est

156 2819 239 2876 tuam,
257 2809 307 2864 sed
326 2809 462 2863 Dominus
482 2809 535 2880 ipsi
554 2810 704 2879 respondet
721 2828 746 2865 v.
766 2815 812 2866 20:
831 2812 897 2865 Non
911 2818 990 2880 pote·
1017 2808 1115 2863 omnia
1150 2806 1205 2862 Sed
1232 2823 1403 2880 consequeus
1421 2815 1464 2864 est
1486 2808 1596 2881 falsum.
1633 2808 1709 2880 Ergo
1728 2816 1850 2865 111111-

154 2899 197 2950 ris
214 2896 311 2950 uidere
322 2896 434 2961 samem
452 2913 550 2965 meam,
569 2915 625 2949 non
643 2898 716 2950 enim
733 2897 891 2949 videbitne
909 2897 990 2950 bomo
1017 2893 1126 2949 cedens.
1165 2900 1188 2949 t.
1215 2894 1256 2951 Ut
1278 2910 1330 2964 per
1351 2895 1483 2950 visionem
1509 2894 1667 2950 beatificam
1689 2894 1779 2950 sancti
1794 2911 1851 2949 uon

155 2992 180 3037 et
200 2983 279 3042 rivet.
310 3000 336 3037 v.
365 2987 406 3037 23.
454 2983 622 3036 Posteriora
651 3001 713 3036 meo
740 2984 861 3047 videbis,
885 2985 991 3047 faciem
1016 2979 1171 3034 redduntur
1189 2979 1243 3045 dii,
1261 2980 1301 3035 ita
1320 2998 1371 3051 per
1389 2981 1505 3036 eandem
1522 2998 1578 3036 nou
1597 2981 1751 3036 redduntur
1764 2981 1849 3036 omni-

157 3077 250 3122 11111
279 3086 369 3122 meam
395 3069 490 3121 cidere
517 3086 573 3121 non
599 3068 715 3136 poteris.
760 3074 783 3123 2.
807 3068 841 3122 ln
860 3068 990 3124 Hebraeo
1017 3066 1076 3124 scii.
1112 3066 1174 3120 Etsi
1193 3066 1287 3122 omnia
1306 3072 1372 3122 suut
1391 3068 1420 3122 in
1438 3067 1512 3133 Deo,
1537 3085 1619 3138 quem
1638 3068 1734 3124 rident
1753 3069 1851 3135 sancti,

155 3162 197 3209 est
223 3172 274 3225 epo
295 3155 419 3208 transire
436 3155 552 3222 josiam
578 3156 775 3209 omnebonum
792 3167 881 3208 meum
905 3173 991 3228 super
1016 3170 1071 3207 nou
1101 3159 1194 3207 tamen
1234 3172 1267 3209 ex
1293 3171 1326 3209 eo
1355 3154 1493 3224 sequitur,
1531 3155 1604 3225 quod
1636 3155 1725 3209 sancti
1758 3155 1850 3210 omnia

154 3241 260 3304 faciem
286 3249 364 3294 tuam
399 3250 425 3294 et
459 3242 633 3310 praedicabo
668 3242 698 3294 in
732 3242 844 3295 nomine
872 3242 993 3296 Domini
1016 3239 1130 3294 videant
1148 3239 1176 3293 in
1189 3239 1258 3305 Deo,
1278 3240 1344 3310 quia
1362 3239 1416 3295 hoo
1434 3251 1538 3312 negant
1557 3240 1610 3311 ipsi
1624 3241 1714 3296 sancti
1732 3240 1794 3296 Ess.
1807 3246 1850 3310 63,

155 3345 251 3381 coram
276 3337 316 3394 ts,
343 3327 372 3381 id
399 3335 442 3382 est
475 3327 608 3382 revelabo
634 3344 676 3382 me
701 3327 753 3382 tibi
776 3329 806 3381 in
828 3328 928 3395 verbo,
959 3335 991 3383 ut
1016 3343 1042 3382 v.
1064 3331 1104 3384 16.
1142 3325 1249 3381 Vident
1266 3326 1356 3380 sancti
1374 3326 1427 3381 Dei
1454 3327 1623 3394 claritatem,
1645 3328 1695 3382 sed
1715 3345 1782 3381 num
1802 3327 1850 3398 qui

154 3414 268 3468 auribus
297 3414 388 3483 potius
413 3415 581 3469 voluntatem
610 3431 698 3470 meam
725 3413 877 3484 percipias,
907 3432 990 3486 quam
1017 3413 1082 3466 solis
1107 3412 1260 3467 claritatem
1288 3412 1380 3479 videt,
1409 3413 1502 3468 statim
1532 3415 1615 3468 etiam
1648 3415 1725 3469 videt
1749 3416 1849 3480 omnia,

153 3499 242 3554 oculis
262 3501 380 3571 gloriam
400 3508 427 3554 et
444 3502 618 3571 majestatem
637 3500 746 3555 divinae
759 3517 837 3555 meae
855 3502 991 3556 essentiae
1017 3515 1089 3569 quse
1116 3515 1134 3553 a
1158 3499 1218 3553 Deo
1248 3498 1467 3553 collustrantur?
1512 3499 1633 3554 Thomas
1665 3501 1690 3557 d.
1716 3500 1735 3557 l.
1759 3518 1785 3572 q.
1809 3507 1848 3557 12.

153 3602 311 3656 cognoscas.
340 3591 364 3642 3.
379 3585 433 3641 Ρ11
451 3602 530 3640 omne
550 3587 608 3639 Dei
627 3587 726 3639 donum
745 3603 800 3640 non
818 3587 990 3642 incommode
1016 3591 1066 3639 art
1092 3589 1114 3641 8.
1164 3584 1229 3640 Non
1257 3585 1396 3655 sequitur,
1427 3584 1503 3657 quod
1533 3586 1724 3658 unusquisque
1748 3586 1848 3642 videns

153 3671 319 3742 intelligitur
343 3671 402 3742 ipse
421 3672 475 3726 Dei
491 3671 596 3738 Filius,
628 3670 676 3741 qui
709 3672 738 3724 11
757 3671 848 3742 figura
866 3672 989 3728 humana
1017 3672 1107 3726 Deum
1125 3671 1218 3725 omnia
1237 3679 1405 3742 cognoscat,
1423 3671 1488 3743 quia
1508 3689 1562 3727 non
1582 3672 1706 3743 perfecte
1725 3690 1849 3745 compre·

151 3758 188 3812 ad
206 3763 316 3827 tempus
336 3763 462 3811 assumta
479 3774 540 3812 sess
557 3757 648 3826 Moysi
672 3756 777 3812 ibidem
794 3758 988 3823 manifestavit,
1017 3757 1113 3813 hendit
1143 3759 1241 3828 ipsum.
1293 3765 1318 3813 5.
1349 3758 1484 3814 Beatilica
1511 3759 1558 3814 1111
1581 3759 1636 3813 Dei
1661 3759 1743 3831 visio,
1777 3777 1849 3829 quae

151 3843 244 3897 statim
263 3844 337 3898 cuim
352 3842 466 3897 additur
483 3860 509 3898 v.
526 3848 574 3897 22:
594 3845 668 3896 Ecce
687 3851 729 3897 est
746 3844 824 3898 toan
842 3847 922 3913 apud
938 3862 989 3914 me,
1015 3843 1183 3899 desiderium
1207 3848 1364 3899 sanctorum
1391 3845 1502 3916 penitus
1519 3845 1618 3915 implet
1635 3853 1721 3916 atque
1740 3847 1847 3902 111111-

150 3938 176 3984 11
199 3930 287 3984 statis
316 3947 406 3998 supra
433 3937 557 3998 petram,
586 3946 702 3998 olimque
734 3930 867 3984 transibit
892 3930 989 3998 plor-io
1009 3930 1131 3997 ,rabilem
1149 3931 1283 3985 laetitiam
1303 3930 1332 3984 in
1350 3930 1390 3986 eis
1408 3931 1519 4001 excitat,
1540 3932 1632 4002 potius
1645 3931 1740 3994 efficit,
1757 3938 1789 3986 ut
1806 3950 1848 3998 ea,

58 4016 65 4031 “
148 4033 219 4082 area,
234 4024 383 4085 ponamte
397 4016 427 4069 in
441 4017 586 4080 foramine
601 4024 742 4085 pets-acet
756 4034 988 4085 ponarnmannm
1015 4033 1087 4089 quae
1112 4022 1178 4072 suut
1199 4025 1277 4072 extra
1294 4017 1386 4071 Deum
1408 4024 1437 4073 11
1458 4021 1496 4072 ad
1521 4025 1625 4073 statum
1650 4018 1733 4090 hujus
1750 4020 1848 4075 111111·

149 4120 238 4156 meam
257 4119 347 4170 supra
368 4109 408 4163 ts,
437 4102 525 4155 donec
543 4101 692 4156 transiero.
724 4102 800 4174 Ergo
819 4102 889 4157 illud
908 4119 988 4157 omns
1014 4105 1103 4159 toriae
1132 4120 1165 4158 ac
1189 4103 1366 4159 turbulentas
1391 4103 1465 4160 vitae
1490 4105 1644 4175 pertinent,
1671 4123 1848 4178 nequaquam

92 4179 94 4183 ’
149 4187 268 4256 bonum,
292 4188 368 4259 quod
385 4187 452 4242 fecit
470 4188 548 4243 Deus
567 4194 632 4243 anto
649 4188 765 4259 Moysen
790 4189 921 4260 transire,
945 4197 989 4245 est
1014 4189 1086 4244 scira
1105 4189 1271 4245 desiderent.
1307 4196 1331 4246 o.
1349 4189 1391 4243 Ex
1409 4190 1518 4245 Thema
1535 4189 1697 4255 didicimus,
1715 4193 1847 4262 majorem

150 4274 204 4330 Dei
222 4273 305 4343 filius,
324 4275 372 4346 qui
391 4290 483 4330 eoram
498 4274 596 4345 Moyse
615 4274 645 4328 in
662 4282 743 4346 petra
759 4283 852 4331 stante
868 4277 987 4333 transiit.
1014 4275 1230 4347 propositionem
1259 4274 1312 4331 hoc
1352 4276 1434 4330 modo
1464 4277 1637 4332 limitandum
1672 4293 1738 4334 1111.
1793 4277 1847 4343 Qui

149 4369 173 4417 4.
195 4361 331 4431 Nuspiam
358 4361 485 4429 additur,
513 4361 588 4431 quod
613 4359 725 4431 Moyses
745 4363 907 4430 posteriora
930 4364 987 4416 siae
1015 4361 1107 4417 Deum
1125 4378 1159 4416 ea
1181 4361 1288 4416 ratione
1306 4361 1394 4428 videt,
1420 4371 1450 4415 ut
1468 4380 1530 4417 eum
1548 4364 1780 4431 comprehendat,
1799 4364 1847 4420 ille

149 4458 258 4517 terpnm
284 4448 343 4501 Dei
364 4447 461 4502 videns
484 4448 577 4502 omnia
601 4447 711 4501 omniuo
733 4455 791 4501 tam
811 4449 937 4502 absentia
959 4455 988 4502 et
1014 4449 1098 4503 etiam
1117 4448 1194 4502 videt
1214 4447 1320 4512 omnia,
1345 4464 1417 4519 quae
1442 4456 1506 4503 sunt
1530 4448 1559 4503 in
1583 4449 1653 4504 Deo.
1696 4448 1761 4505 Jam
1780 4468 1845 4507 vero

149 4534 253 4597 futura,
272 4551 355 4603 quam
374 4534 532 4604 praesentia
557 4534 586 4588 11
607 4533 667 4588 Ι)11
684 4534 800 4604 viderit,
822 4551 988 4607 quocunque
1013 4533 1102 4587 sancti
1127 4533 1217 4588 Deum
1244 4533 1356 4605 quidem
1373 4533 1482 4604 vident,
1510 4534 1559 4588 sed
1584 4539 1677 4590 tamen
1702 4554 1758 4591 nou
1782 4554 1845 4592 con·

149 4615 223 4674 enim
241 4621 323 4674 modo
348 4620 419 4674 illud
444 4638 524 4675 omne
542 4620 595 4675 Dei
609 4620 713 4675 bonum
741 4621 906 4690 explicetur,
930 4641 986 4678 uon
1013 4619 1196 4690 prehendunt.
1240 4625 1263 4677 1.
1284 4618 1312 4675 Si
1337 4620 1426 4675 sancti
1443 4619 1535 4675 Deum
1561 4620 1686 4677 videntes
1706 4623 1800 4678 omnia
1816 4623 1846 4677 in

148 4713 242 4762 111111
268 4706 463 4775 complectitur
490 4709 612 4762 omnium
642 4706 784 4762 hominum
812 4708 933 4763 sationes
951 4725 985 4763 ac
1012 4705 1072 4761 Deo
1099 4706 1240 4774 viderent,
1271 4712 1329 4760 tum
1353 4723 1409 4760 uno
1432 4705 1549 4776 simplici
1576 4708 1711 4779 adspectu
1734 4709 1762 4763 in
1787 4727 1843 4764 mo-

147 4798 259 4847 statum.
310 4798 333 4847 5.
361 4792 391 4846 Si
418 4793 462 4847 vel
488 4793 606 4848 maxime
631 4793 843 4861 concederetur,
867 4794 984 4865 Moysen
1012 4798 1104 4847 mento
1132 4792 1225 4847 omnia
1247 4794 1410 4864 praeterita,
1436 4794 1594 4864 praesentia
1620 4802 1649 4850 et
1672 4795 1766 4850 lutura
1783 4813 1844 4866 per·

146 4878 198 4933 hoc
230 4880 291 4934 loco
315 4878 368 4934 Dei
399 4879 545 4934 essentiam
573 4885 602 4933 et
630 4880 660 4933 in
686 4897 719 4935 so
750 4880 843 4935 omnia
871 4880 982 4935 omnino
1012 4877 1160 4933 lectissime
1178 4878 1366 4948 intuerentur;
1386 4879 1458 4933 ratio
1478 4884 1529 4943 est,
1548 4880 1616 4952 quia
1633 4881 1726 4936 omnia
1737 4882 1767 4935 in
1782 4881 1843 4937 Deo

146 4963 256 5034 vidisse,
270 4983 326 5020 non
347 4969 440 5020 tamen
458 4970 554 5034 posset
572 4981 605 5020 ex
622 4981 655 5020 eo
675 4965 780 5034 inferri,
799 4968 873 5036 qood
893 4967 983 5022 sancti
1011 4970 1078 5019 sunt
1095 4965 1248 5036 aequaliter
1267 4966 1326 5021 sins
1351 4967 1408 5021 ulla
1426 4968 1598 5023 successione
1617 4969 1661 5024 vel
1682 4969 1842 5024 mutatione.

146 5052 292 5105 ordinaris
326 5050 355 5104 in
383 5051 443 5107 Deo
473 5051 567 5105 omnia
596 5050 722 5122 videant,
752 5052 819 5123 quia
848 5055 983 5108 revelatio
1011 5051 1066 5106 Sed
1099 5068 1271 5123 consequeus
1295 5051 1434 5107 Pontificii
1463 5071 1519 5108 non
1550 5054 1711 5109 concedent.
1760 5056 1843 5127 Ergo.

145 5137 300 5204 sinpuiaris
327 5145 352 5190 et
388 5137 620 5191 entraordinaria
659 5155 715 5193 non
752 5138 826 5209 parit
856 5138 981 5210 regulam
1011 5144 1033 5193 8.
1053 5137 1175 5203 Quidam
1192 5155 1227 5193 ex
1247 5140 1347 5193 nostris
1368 5140 1408 5195 sic
1427 5142 1584 5212 respondet.
1624 5141 1724 5196 Omnia
1742 5141 1844 5199 iuDeo

145 5224 304 5294 generalem
352 5239 404 5278 noc
452 5221 598 5279 coufirmat
645 5223 780 5280 visionem
823 5232 981 5281 sanctorum
1011 5242 1070 5280 esse
1089 5225 1219 5280 dicamur
1243 5226 1349 5281 ratione
1374 5229 1606 5297 conservationis,
1633 5232 1845 5285 natentotionis

145 5309 319 5366 ordinariam.
1009 5320 1035 5365 et
1051 5312 1279 5382 paternationis,
1305 5330 1361 5368 nou
1379 5320 1472 5369 autem
1491 5313 1597 5369 ratione
1615 5315 1786 5387 intuitionis,
1815 5320 1845 5372 et

10 5394 82 5436 fflfl·
98 5391 131 5436 ⁴⁸·
182 5399 241 5449 326.
276 5399 302 5450 2.
321 5397 348 5449 A
367 5396 427 5449 Dei
450 5397 564 5450 anione.
616 5395 672 5459 Qui
692 5396 787 5450 vident
805 5398 913 5466 Deam,
936 5397 985 5453 illi
1010 5398 1051 5452 sic
1081 5399 1175 5452 omnia
1197 5396 1248 5453 ills·
1269 5399 1298 5453 iu
1316 5399 1378 5454 Deo
1401 5407 1467 5455 sunt
1488 5400 1629 5470 objectum
1655 5402 1844 5474 providentias
