4104 6014
101 238 110 259 .
206 234 297 290 4⁶5.
825 216 1054 277 reserares
1076 218 1274 279 secernas

206 377 368 432 tesseres
385 396 410 432 r.
431 384 472 433 53.
496 379 601 434 asserit.
640 385 664 433 3.
683 378 747 432 Duo
768 375 908 431 connectit
926 378 1034 444 sposto-
1065 377 1158 432 orbern
1177 380 1213 432 nd
1233 379 1449 449 praedicandum
1467 378 1643 449 evangelium
1664 376 1843 434 discessuris
1864 374 1919 431 col·

205 465 248 519 lus
264 464 292 518 in
307 463 427 534 semoris
442 464 592 534 spiritualis
604 463 834 529 denominatione,
853 450 1051 514 substantiam*
1065 462 1166 517 lectum
1185 464 1234 528 sit,
1253 464 1354 519 diserto
1372 476 1464 519 tamen
1482 465 1638 534 adstruunt,
1659 466 1695 519 ab
1714 462 1790 534 ipsis
1806 470 1919 531 aposto-

205 556 236 604 et
253 549 429 619 qualitatem,
450 549 607 604 substantie
627 550 679 603 erit
697 549 808 610 eedem,
827 546 909 601 videl.
928 563 1038 614 corpus,
1050 576 1052 589 ι
1066 548 1099 601 lis
1119 566 1179 603 esse
1197 550 1288 603 risum
1310 558 1337 605 st
1355 548 1548 619 approbatum.
1583 550 1723 605 Pacianas
1741 549 1774 603 in
1796 547 1921 617 epistt.

207 635 328 706 qualitas
340 640 433 689 sutem
446 633 607 689 mutabitur.
622 634 688 704 quia
704 633 854 689 seminatur
865 649 966 701 corpus
978 620 1102 711 oui-{nd
1129 635 1330 705 Sempronium.
1373 634 1568 703 Antiquissimi
1597 635 1748 705 scriptores
1784 632 1920 688 ecclesia·

208 720 295 788 male,
314 726 440 789 resurget
459 736 558 789 eorpus
577 719 735 789 spirituale.
770 719 826 774 Sed
844 718 911 772 baec
924 717 1142 786 mutatiostici,
1168 719 1299 774 irenaeus
1326 727 1354 772 et
1381 718 1584 781 Tertullianus,
1614 719 1727 774 nomine
1752 718 1921 775 traditionis

210 805 374 876 qualitatum
394 821 449 858 non
467 804 551 858 infert
569 806 655 874 ipsius
669 804 840 860 substantiae
853 803 1039 869 abolitionem,
1052 792 1234 891 {apostolicae
1261 804 1376 859 totidem
1402 821 1466 860 vere
1489 805 1580 860 verbis
1599 804 1759 876 symbolum
1788 804 1863 859 illud
1881 822 1923 861 re-

206 897 263 944 tam
283 890 432 945 rsreenim
443 896 523 943 estet
539 896 772 961 vocaturcorpus.
789 888 1168 960 quandoestspiri-'citsnn
1209 891 1255 944 ille
1284 889 1396 961 quidem
1429 889 1490 944 libr.
1523 896 1546 946 t.
1574 892 1636 945 adv.
1668 891 1745 946 haer.
1779 907 1858 962 cap.
1880 897 1921 947 tt.

209 976 292 1042 tusls,
305 992 387 1046 quam
401 992 465 1029 rere
478 979 558 1029 estet
571 981 686 1029 vocatur
694 974 1129 1048 corpus,qusndoestani·tpag.
1154 983 1209 1031 tit.
1229 994 1267 1031 ac.
1287 976 1347 1029 libr.
1373 983 1392 1030 t.
1418 976 1480 1029 adv.
1500 977 1573 1033 haer.
1592 994 1652 1048 cap.
1671 982 1696 1032 2.
1716 992 1789 1047 pag.
1811 982 1857 1033 34.
1875 976 1922 1031 hic

209 1063 286 1119 male.
317 1061 491 1132 Augustinus
511 1062 539 1116 in
558 1061 635 1117 ench.
654 1068 771 1132 eapti:
793 1062 872 1115 Sient
891 1078 964 1114 nane
982 1080 1040 1113 ror·
1067 1080 1131 1115 vero
1153 1063 1181 1116 in
1199 1062 1260 1116 libr.
1282 1064 1316 1115 ds
1336 1062 1497 1132 praescript.
1515 1062 1576 1117 adv.
1592 1062 1696 1119 haeres.
1716 1079 1789 1133 pag.
1804 1068 1869 1117 iio.
1889 1080 1923 1117 sc

208 1168 260 1217 pus
279 1148 528 1215 anirneleelieitur,
547 1151 623 1217 qaod
640 1157 732 1201 temen
751 1165 853 1216 eorpus
873 1166 927 1199 nen
945 1148 1102 1233 aninsapde
1129 1147 1225 1201 velaird
1262 1147 1390 1217 virginib.
1417 1165 1480 1218 pag.
1510 1154 1567 1204 seo.
1612 1159 1635 1205 s.
1663 1148 1747 1212 Quod
1779 1148 1922 1219 symbolo

207 1244 245 1289 est
255 1256 265 1299 ,·
283 1237 325 1289 ite
343 1242 407 1287 tune
425 1234 575 1303 spirituale
594 1233 649 1287 erit
668 1251 780 1302 emptis,
797 1241 890 1286 temen
908 1251 964 1287 nors
984 1235 1040 1301 spi-⁴
1053 1240 1056 1249 ¹
1067 1233 1219 1303 apostolico
1240 1250 1282 1295 cs,
1301 1248 1372 1304 quae
1392 1233 1427 1287 de
1446 1233 1502 1287 fiee
1523 1235 1552 1287 in
1565 1234 1698 1303 Spiritum
1716 1243 1814 1289 sance
1828 1252 1921 1306 usque

208 1323 284 1377 ritus.
326 1319 403 1375 Sicut
421 1320 503 1372 homo
520 1325 666 1389 aegrotas,
689 1319 801 1390 quando
824 1318 922 1373 iterum
942 1335 1040 1373 conva-
1053 1334 1056 1387 ς
1068 1318 1103 1371 ad
1123 1318 1205 1373 linem
1225 1318 1370 1386 habentur,
1389 1318 1588 1388 posterioribus
1607 1318 1718 1374 demum
1740 1321 1853 1375 seculis
1872 1321 1921 1375 ad·

208 1406 296 1469 tescit,
317 1424 373 1460 non
390 1405 466 1458 eruit
485 1405 630 1474 pristinam
648 1414 775 1459 naturam
788 1421 838 1459 seu
850 1404 1041 1472 substantiam,
1053 1406 1056 1413 '
1068 1403 1126 1456 dita
1150 1403 1220 1467 sint,
1248 1402 1410 1474 figmentum
1440 1413 1481 1460 est
1503 1403 1630 1458 Ostorodi
1648 1405 1709 1459 sine
1732 1406 1798 1460 ulla
1815 1409 1922 1478 probs·

209 1493 256 1546 sed
275 1508 360 1545 noras
381 1492 408 1545 in
426 1506 459 1545 ea
481 1492 635 1562 qualitates,
656 1491 778 1561 vigorem
796 1490 879 1545 scilic.
899 1497 927 1544 ot
945 1488 1040 1561 sispa-
1053 1450 1056 1529 l
1069 1486 1117 1541 bili
1146 1490 1306 1558 conjectura
1337 1490 1530 1561 excogitatum.
1568 1489 1722 1546 Confundit
1751 1492 1922 1548 haereticus

210 1585 280 1646 ster,
302 1577 435 1647 acquirit;
462 1578 502 1629 sic
529 1578 557 1630 in
586 1577 784 1630 resurrectione
810 1594 865 1630 non
891 1572 1223 1645 nrutabitnmsymbolum
1262 1577 1442 1644 apostolicum
1481 1592 1544 1629 oum
1575 1575 1689 1631 Niceno.
1746 1577 1923 1647 Symbolum

209 1664 331 1734 corporis
357 1663 528 1723 substantia,
558 1663 607 1715 sed
633 1662 711 1716 novis
729 1661 909 1732 qualitatibus
928 1656 1202 1716 exorna-'Nicenum
1221 1660 1383 1715 tenninatur
1404 1662 1431 1714 in
1450 1661 1499 1714 illa
1515 1660 1646 1725 clausula,
1666 1670 1694 1714 et
1714 1664 1749 1715 in
1773 1663 1923 1732 Spiritus·

210 1751 291 1805 bitur.
331 1756 355 1805 1.
378 1748 484 1817 Corpus
504 1764 559 1802 non
578 1748 683 1801 babens
703 1747 886 1801 substantiam
904 1748 995 1802 carnis
1014 1718 1207 1837 stimulum,
1240 1762 1273 1799 ac
1291 1746 1400 1816 reliqua
1417 1762 1490 1816 quae
1510 1754 1676 1815 sequuntur,
1704 1749 1880 1803 Donsinurs
1900 1760 1925 1805 et

209 1835 319 1901 ossium,
339 1840 380 1888 est
400 1850 499 1903 corpus
517 1852 573 1889 non
591 1850 705 1901 corpus,
722 1836 799 1903 σῶμα
821 1832 982 1906 ἀσώματον,
1001 1830 1265 1895 est.‘⁴t'²·²'tt'⁶‹m²0m‚
1294 1832 1343 1900 titi
1367 1849 1399 1884 ⁶²
1421 1832 1510 1885 Pssit't
1531 1832 1660 1901 Filt'w'ff
1684 1838 1849 1901 procedit,
1877 1840 1926 1906 φὶ

209 1920 329 1991 spiritus.
367 1919 432 1973 Jam
463 1937 527 1974 vero
556 1918 670 1989 spiritus
699 1928 727 1972 et
752 1934 852 1989 eorpus
878 1927 943 1973 sunt
970 1902 1230 1981 duaeieumPetre
1246 1918 1361 1973 etFilie
1381 1919 1652 1971 sinirrtasloretnret
1665 1920 1925 1985 conpleririeetar.

210 2007 316 2077 species
342 2003 572 2079 imstspprpstroe
597 2004 649 2058 sibi
674 2003 790 2058 invicem
817 2005 973 2075 oppositae,
1008 2022 1040 2057 ac
1053 2020 1056 2085 y
1069 2004 1118 2071 pei
1136 2004 1245 2057 temeres
1262 2011 1302 2057 est
1310 2020 1365 2071 per
1374 2005 1538 2072 propbetas,
1559 2010 1671 2074 propter
1688 2005 1925 2065 blacedonianos

210 2091 325 2163 proinde
350 2107 465 2161 corpora
489 2091 711 2146 resuscitatorum
735 2107 789 2144 non
818 2097 898 2144 erunt
920 2089 1097 2159 spiritus..in
1125 2087 1431 2158 Constantinopolitano
1461 2090 1568 2159 synodo
1596 2089 1674 2145 fuere
1701 2092 1815 2146 addita
1869 2095 1926 2152 Sed

210 2177 259 2233 scd
277 2184 371 2240 erunt,
396 2168 442 2230 uti
456 2176 537 2230 etiam
555 2175 591 2230 ab
610 2176 735 2247 apostolo
749 2182 897 2243 vocantur,
920 2170 1124 2245 corporesitum
1143 2176 1169 2228 in
1190 2174 1367 2246 Apostolico,
1398 2191 1481 2243 quam
1505 2176 1533 2229 in
1553 2175 1658 2232 Niccno
1681 2182 1712 2229 et
1734 2178 1865 2250 reliquis
1884 2200 1926 2239 ec-

210 2261 390 2332 mimante,
417 2260 434 2315 i.
458 2277 480 2314 e..
507 2270 604 2317 ornata
620 2262 801 2332 qualitatibus
821 2268 849 2315 et
869 2261 949 2315 donis
964 2260 1169 2337 spiri·}clesiae
1193 2259 1327 2330 symbolis
1352 2276 1461 2329 semper
1486 2262 1611 2329 adjectus
1638 2260 1692 2315 fuit
1721 2264 1875 2321 articulus
1892 2269 1926 2323 de

209 2347 345 2409 tualibus,
372 2345 481 2401 interim
507 2364 562 2401 non
590 2348 717 2401 amittent
735 2364 893 2418 corpoream
913 2342 1266 2421 substan-{resurrectione
1285 2346 1382 2399 camis.
1418 2352 1456 2400 lu.
1477 2345 1603 2399 Detorsio
1624 2345 1681 2414 illa,
1702 2354 1792 2417 quod
1810 2371 1873 2407 non
1890 2357 1926 2408 sit

209 2434 286 2501 tiam,
304 2448 355 2486 nec
375 2432 555 2486 mutabuntur
568 2433 598 2486 in
615 2432 787 2503 spiritualem
801 2430 955 2499 essentiam,
974 2430 1260 2497 aliasgresnrreetura
1284 2449 1363 2495 cero,
1391 2434 1444 2485 sert
1461 2434 1599 2485 dilatasset
1617 2432 1710 2497 diret,
1745 2441 1835 2504 ‹puoet
1859 2442 1925 2495 olim

209 2534 324 2589 corpora
352 2533 412 2570 esse
438 2517 608 2587 desinerent,
638 2536 670 2573 ae
697 2518 813 2587 proinde
831 2534 946 2587 corpora
963 2517 1056 2589 spiri·¹
1068 2518 1125 2577 fuit
1143 2534 1220 2580 cero,
1247 2516 1407 2570 adversatur
1427 2517 1512 2571 textui
1534 2516 1683 2586 apostolico
1706 2526 1739 2575 et.
1758 2526 1926 2596 perspicui.

210 2604 297 2659 tualis
324 2603 415 2657 vocari
448 2620 502 2657 non
534 2609 653 2674 possent.
703 2603 850 2658 Anselmus
882 2603 910 2656 in
940 2592 1228 2671 prosnl.¹Scripturse
1245 2601 1326 2655 dictis
1346 2603 1472 2672 superius
1490 2604 1664 2658 enumeratis.
1713 2613 1756 2662 11.
1783 2610 1849 2674 Qui
1868 2630 1926 2667 ω.

208 2706 270 2760 cap.
286 2694 332 2744 is:
350 2688 418 2740 Erit
436 2706 537 2756 eorpus
555 2690 711 2757 spirituale,
729 2709 783 2743 reon
803 2690 973 2758 qnirlriitete,
991 2688 1110 2765 samnis
1141 2688 1223 2756 aspar
1257 2690 1483 2742 resurrectionem
1511 2694 1608 2758 negat,
1642 2690 1665 2743 is
1699 2710 1813 2749 revera
1841 2699 1925 2753 etim

208 2781 354 2845 potestate.
406 2772 579 2843 Augustinus
608 2779 650 2832 22.
679 2776 714 2830 de
742 2776 792 2831 civ.
821 2774 874 2829 Dei
903 2791 963 2844 cap.
992 2780 1019 2829 21
1035 2779 1236 2842 ιςιαοτωοταια
1264 2775 1488 2829 resurrectionem
1519 2782 1618 2846 negat,
1650 2776 1673 2830 si
1701 2796 1762 2833 non
1794 2799 1834 2836 ex
1860 2790 1927 2851 toto,

212 2861 278 2914 Erit
303 2859 419 2928 spiritui
444 2861 558 2913 subdite
580 2879 648 2914 earo
673 2861 846 2930 spiritualis,
875 2863 927 2914 sed
951 2852 1160 2953 temenytamen
1188 2875 1221 2912 ex
1247 2866 1333 2928 parte.
1365 2861 1424 2913 Aut
1451 2861 1522 2914 enim
1550 2862 1672 2931 animae,
1707 2873 1763 2919 aut
1798 2872 1926 2941 corporis

212 2964 289 3007 cero,
320 2964 376 2999 ααα
394 2946 520 3016 spiritns,
547 2947 618 2999 sieut
639 2948 722 3001 cerni
739 2949 865 3001 sitditns
881 2948 941 3012 fnit
959 2947 1195 3027 spiri-prospectu
1220 2942 1300 2999 homo
1325 2946 1426 3000 dieitur
1450 2962 1600 3018 resurgere.
1637 2948 1704 3005 Non
1735 2954 1863 3010 animae
1886 2974 1925 3013 re

211 3043 256 3087 tus
280 3032 340 3101 ipse
367 3032 504 3093 cameles
536 3035 595 3084 red·
617 3041 710 3086 tamen
740 3033 856 3104 spiritns
885 3052 940 3084 ααα
968 3035 1179 3096 σαναῐεῃθαω,
1203 3030 1268 3099 quin
1288 3030 1336 3084 illa
1355 3032 1478 3099 persistit
1497 3033 1672 3103 immortalis,
1704 3055 1764 3094 nec
1798 3060 1925 3114 unquam

211 3118 272 3172 libr.
297 3124 334 3172 13.
361 3118 397 3171 de
422 3118 472 3170 civ.
492 3118 525 3169 1).
550 3134 610 3188 cap.
631 3124 670 3174 tt.
693 3119 768 3173 circe
784 3118 845 3173 lin:
871 3114 1096 3186 Spiritnelia=in
1126 3124 1239 3168 mortem
1268 3117 1419 3170 naturalem
1447 3119 1537 3188 cadit,
1564 3120 1613 3174 sed
1638 3137 1695 3177 nso
1722 3130 1865 3197 corporis
1887 3148 1925 3187 ra

211 3212 291 3258 merit
311 3206 456 3272 justornm
482 3222 604 3273 corpore
624 3213 689 3272 post
713 3206 959 3265 sarmationem,
988 3206 1182 3271 ssorspspectu,
1212 3218 1243 3253 cx
1267 3201 1491 3256 Photinisuorum
1512 3204 1677 3275 hypothesi,
1710 3210 1790 3281 quia
1811 3232 1871 3271 non
1888 3234 1926 3273 re·

211 3292 278 3358 prtia
295 3306 416 3358 corpore
436 3306 494 3343 esse
513 3291 659 3356 desistent,
684 3290 819 3358 sedenis
837 3290 938 3359 spiritu
957 3278 1165 3358 s.'riti-ieurget
1189 3286 1259 3339 illud
1283 3287 1386 3356 ipsum.
1414 3289 1488 3357 quod
1513 3290 1622 3348 cecidit.
1660 3292 1746 3366 Ergo
1773 3301 1862 3356 trulla
1878 3303 1926 3359 erit

211 3384 292 3429 eante
319 3377 472 3430 reluctant.
511 3383 534 3430 t.
560 3375 681 3445 Corpora
706 3375 827 3429 cunulis
850 3376 979 3430 dicuntur
1000 3376 1044 3430 vel
1070 3371 1241 3439 resurrectio,
1265 3373 1311 3425 sed
1338 3373 1401 3426 novi
1426 3376 1547 3445 corporis
1574 3395 1627 3430 nnn
1649 3384 1792 3451 corporis
1815 3390 1926 3445 arsafio,

212 3461 318 3516 ratione
339 3462 510 3514 snbstantias
535 3480 666 3528 carneae,
691 3461 734 3515 vel
751 3462 859 3516 ratione
877 3433 1150 3530 qnatirsnnluuod
1179 3456 1239 3524 iam
1264 3466 1328 3510 auto
1353 3459 1459 3528 resistit,
1492 3478 1635 3533 resurgere
1659 3474 1781 3538 nequit.
1827 3476 1927 3531 Apim

212 3548 392 3611 animalium,
421 3564 454 3601 ao
485 3552 612 3616 respectu
638 3547 818 3599 erllaeerentis
848 3550 1041 3616 corruptiores¹
1054 3580 1057 3617 Ι
1066 3542 1125 3609 jam
1144 3550 1209 3595 autri
1230 3543 1344 3603 exsistit.
1368 3553 1411 3598 est
1429 3547 1499 3600 enim
1519 3548 1686 3604 immortalis
1704 3562 1735 3608 et
1759 3568 1926 3633 restaapoet

213 3632 301 3687 Priori
340 3648 422 3686 sensu
459 3648 576 3702 corpora
613 3632 835 3687 resuscitatorum
871 3640 950 3689 erunt
985 3652 1042 3688 car-
1070 3634 1199 3695 mrtem,
1229 3631 1391 3683 rffltlrtteliO
1411 3632 1496 3703 igitur
1513 3634 1624 3704 proprie
1641 3636 1686 3692 sic
1709 3640 1801 3697 dicta
1820 3649 1927 3704 animae

208 3718 300 3795 palia,
332 3718 482 3788 posteriore
512 3735 575 3772 vero
607 3717 724 3773 minime.
780 3728 803 3773 ti.
827 3719 952 3773 cbristus
979 3727 1056 3789 post!
1070 3711 1189 3766 adscribi
1210 3715 1304 3784 nequit
1349 3715 1421 3770 Num
1442 3734 1505 3772 vero
1526 3737 1625 3790 corpus
1643 3730 1816 3799 resurget?
1837 3742 1870 3789 at
1885 3752 1927 3791 na

210 3804 435 3859 resurrectionem
466 3808 494 3855 et
527 3803 732 3857 adscensionem
766 3805 792 3857 in
823 3807 928 3859 coelum
956 3806 1040 3860 babet
1053 3800 1056 3883 l
1069 3806 1137 3867 gant
1151 3798 1317 3865 Photiniani,
1341 3802 1389 3855 illa
1414 3803 1474 3873 ipsa
1491 3823 1618 3875 corpora,
1643 3827 1726 3880 quae
1748 3815 1926 3878 circumferi

210 3906 310 3960 eorpus
341 3887 539 3959 glorificatum,
567 3888 723 3959 spirituale,
752 3891 973 3960 incorruptibile.
1000 3893 1140 3949 in·}¹¹¹¹¹⁸‚
1172 3901 1231 3939 0⁸⁸0
1249 3895 1451 3957 remittetur&
1481 3893 1547 3961 quid
1569 3909 1635 3963 ergo
1656 3912 1826 3971 resurget,
1859 3924 1927 3977 qm

210 3977 290 4029 terim
314 3982 407 4029 tamen
432 3991 526 4028 verum
552 3974 699 4028 humanum
720 3992 820 4046 corpus
838 3993 920 4030 carne
937 3983 965 4031 et
981 3954 1132 4041 san-ibant
1151 3969 1287 4024 h01ninis?
1306 3973 1388 4026 nullo.

210 4059 296 4130 guine
312 4066 440 4113 constans
460 4059 528 4113 Lue.
551 4064 591 4128 24,
608 4078 632 4112 v.
652 4066 693 4115 311.
711 4061 750 4114 sio
768 4069 796 4115 et
815 4068 908 4115 nostra
927 4064 1056 4145 eorporaj
1105 4060 1145 4112 72.
1170 4056 1306 4111 Ostorodo
1326 4061 1446 4115 concinit
1459 4063 1627 4119 Sclnnalzius
1647 4067 1680 4122 in
1700 4070 1775 4127 libr.
1794 4076 1835 4132 de
1848 4078 1927 4135 divin

211 4150 291 4198 erunt
315 4144 467 4215 glorificato
489 4143 590 4199 Christi
614 4146 720 4215 corpori
739 4146 903 4201 conformia.
933 4148 1040 4202 nterim
1054 4140 1170 4217 ,Christi
1202 4160 1261 4213 cap,
1289 4150 1327 4198 13.
1360 4164 1423 4217 pag.
1442 4154 1482 4203 79.
1514 4150 1541 4203 in
1577 4150 1660 4209 refut.
1700 4172 1816 4217 eorum
1861 4184 1929 4239 qm

210 4237 302 4284 umen
327 4231 433 4284 rationo
459 4231 630 4287 substantiae
658 4239 740 4286 erunt
764 4250 830 4287 vera
854 4247 969 4303 corpora
995 4227 1232 4298 ha-tSmigtecius
1258 4230 1286 4282 in
1311 4233 1512 4288 examinatione
1531 4244 1641 4289 contum
1663 4207 1929 4325 errorum'propc

211 4315 305 4371 bentia
323 4333 432 4370 carnem
453 4322 481 4370 et
496 4317 666 4387 sanguinem.
699 4324 722 4371 i.
733 4318 826 4372 Verba
835 4318 958 4388 Symboli
977 4274 1162 4411 apo-{tuerat
1179 4330 1243 4384 pag.
1263 4320 1304 4369 36.
1326 4316 1372 4371 ubi
1393 4318 1432 4371 sic
1453 4320 1562 4374 scribit:
1584 4320 1726 4391 Ctirpora
1748 4334 1841 4401 baec,
1860 4356 1929 4407 enee

211 4402 309 4470 stolioi,
327 4405 412 4456 erede
430 4405 656 4455 resurrectionem
674 4422 777 4469 orarius,
796 4404 967 4459 exactissimo
980 4423 1042 4461 oum
1053 4414 1056 4481 l
1069 4418 1140 4450 tillut·
1160 4401 1391 4471 circumferam,
1411 4414 1600 4459 resurrectura
1614 4428 1675 4463 raon
1688 4421 1854 4477 eredimus
1883 4427 1930 4479 sed

211 4488 353 4558 Scriptura
378 4489 565 4555 consentiunt,
600 4494 629 4541 ut
658 4506 690 4543 er
717 4489 903 4543 laudamentis
932 4486 1129 4565 contrectatio
1159 4488 1236 4539 uotis
1266 4491 1364 4541 ‹tarsde
1394 4506 1451 4543 esse
1476 4494 1510 4543 at
1537 4496 1673 4563 apostolo
1694 4504 1809 4561 edocti
1826 4466 1929 4565 αααιια

210 4574 363 4627 sententias
382 4573 487 4642 liquido
505 4579 625 4637 constat,
648 4575 765 4644 proinde
782 4577 865 4628 etiam
884 4575 1041 4646 Scripturas
1068 4572 1135 4627 ibid.
1163 4591 1189 4641 p.
1216 4581 1264 4628 57:
1297 4576 1385 4628 l'erbe
1404 4579 1536 4642 senesii,
1564 4584 1652 4636 erecto
1674 4599 1927 4653 resurrectionen

92 4665 149 4704 ΠΧ·
165 4659 311 4728 ³⁴·opponi
335 4659 445 4712 minime
470 4659 578 4713 debent.
623 4664 645 4715 i.
670 4659 832 4730 Symbolum
857 4640 1176 4735 apostolicumlcarnts,
1199 4662 1238 4711 ite
1259 4662 1381 4730 inteltipi
1396 4673 1528 4730 pessunt,
1546 4668 1631 4719 crode
1653 4671 1690 4723 ist
1715 4675 1835 4735 iterum
1855 4688 1928 4749 fata

210 4742 245 4795 sb
268 4743 335 4813 ipsis
358 4743 489 4813 apostolis
511 4746 692 4814 compositum
710 4763 770 4799 esse
788 4763 888 4816 magno
906 4746 1136 4810 eorrsensulrum,
1155 4748 1231 4813 quod
1249 4748 1313 4799 olim
1333 4766 1400 4801 <earo
1420 4751 1484 4813 snit
1522 4754 1596 4805 Nam
1612 4756 1657 4806 sie
1679 4757 1817 4823 laesissem
1855 4773 1928 4839 qued

209 4827 309 4882 docent
334 4830 372 4899 pii
398 4836 512 4883 veteres.
552 4829 707 4900 Cyprianus
729 4832 773 4885 vel
792 4831 920 4905 Ruffiuus
947 4833 975 4886 in
995 4832 1146 4897 ex-jlieus
1177 4834 1397 4885 resrsseitateres
1428 4836 1464 4887 sit
1492 4854 1611 4905 corpore
1641 4816 1757 4901 nostias
1787 4810 1925 4910 mirantis

207 4931 266 4984 pos.
293 4914 420 4983 symboli,
445 4915 607 4969 Ambrosius
630 4916 708 4987 epist.
738 4922 779 4971 st.
799 4917 833 4970 ad
858 4918 986 4972 Siricium
1012 4902 1143 5013 ethom.
1164 4926 1192 4979 S,
1212 4936 1235 4971 v.
1259 4925 1294 4972 tt.
1309 4937 1366 4986 pro
1387 4937 1433 4982 ee,
1458 4925 1534 4988 priori
1551 4941 1615 4991 nes,
1646 4930 1704 4995 qui
1726 4952 1812 4990 arrae
1832 4959 1924 4995 sannas

207 5017 287 5055 serm.
302 5005 343 5054 38.
376 4999 561 5069 Hieronymus
580 5001 608 5053 in
627 5002 705 5070 epist.
724 5002 758 5056 ad
776 5003 929 5056 Pammach.
944 5006 1038 5075 Augu·
1051 5026 1053 5065 ς
1067 5003 1205 5068 revelatas,
1225 5006 1441 5058 resirscitaturus
1459 5009 1503 5062 sit.
1533 5011 1698 5079 usurpent
1722 5023 1808 5077 enim
1827 5028 1861 5095 s'i,
1879 5028 1922 5098 qai

207 5085 295 5138 atinus
321 5101 400 5144 serm.
431 5090 485 5139 115.
520 5091 547 5138 et
578 5103 656 5139 serm.
689 5093 743 5143 tsi.
775 5089 808 5142 de
840 5096 954 5160 tempor.
981 5072 1146 5147 Leoiestee
1167 5092 1269 5142 mortni
1285 5101 1362 5157 suat,
1390 5112 1442 5145 raon
1464 5095 1613 5159 mortales,
1632 5104 1692 5153 ssd
1711 5105 1918 5183 incon-„phu

208 5170 287 5241 epist.
309 5176 349 5226 13.
376 5170 411 5223 sd
430 5169 605 5225 Pulcheriam
632 5189 665 5226 ac
685 5189 763 5227 serm.
788 5162 1111 5245 lampernessam.
1154 5174 1258 5229 ibidem
1288 5179 1375 5231 locum
1403 5181 1586 5249 apostolicum
1616 5188 1640 5238 1.
1658 5184 1732 5246 Cor,
1759 5201 1793 5251 15
1837 5217 1863 5252 ι
1880 5202 1914 5253 53,

207 5255 357 5311 Cassianus
386 5256 419 5308 de
446 5256 550 5310 incarn.
574 5257 636 5314 libr.
661 5266 686 5311 e.
720 5258 843 5313 Isidorus
865 5238 1104 5337 Hispalensisisic
1131 5262 1276 5332 depravat:
1310 5266 1418 5319 Paulus
1440 5284 1492 5336 per
1515 5286 1607 5321 vocem
1626 5272 1785 5334 induendi
1802 5236 1860 5339 :m
1875 5287 1909 5339 ᾖ,

207 5341 258 5437 111).Ι
276 5345 300 5397 2.
321 5342 355 5437 de
372 5339 444 5395 offic.
466 5359 527 5412 cap.
542 5348 581 5399 23.
602 5343 738 5397 Maximus
757 5346 785 5398 in
803 5362 883 5401 serin.
899 5347 934 5400 de
948 5348 1036 5416 symb.
1065 5347 1166 5414 tellipit
1184 5352 1363 5403 retentionem
1380 5353 1573 5422 corruptibilis
1587 5363 1614 5406 et
1627 5316 1974 5660 adeptionempmi

207 5426 260 5493 Qui
285 5426 426 5494 dubitant,
457 5444 491 5479 an
518 5429 553 5481 ab
578 5430 645 5499 ipsis
669 5431 799 5498 apostolis
827 5433 854 5484 in
880 5434 1035 5488 rmiversum
1049 5452 1052 5520 p
1065 5441 1140 5485 terea
1161 5435 1397 5503 inere-ruptitites,
1424 5441 1475 5489 sect
1496 5440 1558 5491 loro
1586 5449 1796 5514 vosmeptiba&
1812 5454 1898 5509 ,M-
