4074 6022
624 237 676 294 DE
695 235 941 296 MORTUORUM
959 236 1287 329 RESURRECTIONE.
1742 249 1802 309 431

92 391 167 448 oisio
185 392 280 449 divino
300 392 431 449 mandato
451 391 667 463 suscipiebatur,
693 392 797 448 Josuae
817 399 843 456 5,
867 411 892 448 v.
913 398 938 448 t.
969 393 1068 463 minus,
1087 395 1147 464 ipse
1163 411 1230 451 nero
1247 395 1333 450 dieii:
1359 396 1454 465 Virpa,
1472 394 1559 451 Exod.
1578 401 1604 465 t,
1623 412 1648 449 v.
1660 400 1683 453 2.
1718 396 1806 463 Virpa

93 483 121 533 4.
146 478 260 550 isaaci,
286 496 321 535 ex
344 477 451 534 effoetis
476 477 638 549 parentibus
660 480 795 533 nativitas
820 477 856 532 ab
873 476 939 547 Epi·
965 487 1059 533 autem
1082 480 1149 535 baec
1176 482 1270 551 lipnea
1295 489 1356 537 erat
1378 489 1405 536 et
1428 483 1504 536 sicca
1521 482 1648 553 panium,
1679 488 1707 535 et
1726 482 1807 545 dimit,

93 563 203 636 phanio
235 564 272 620 ad
301 564 510 620 resurrectionis
545 563 651 635 figuras
679 565 706 619 d.
731 565 749 618 l.
785 580 938 620 accommo·
965 565 1066 635 Abjioe
1083 567 1176 636 ipsam
1194 568 1224 622 in
1242 571 1372 636 temon:
1383 570 1424 623 Et
1441 569 1545 636 abiecit
1560 567 1676 621 aridam
1685 567 1804 635 stirpam,

95 651 190 707 datur.
225 651 374 705 Abrabam
391 667 484 719 sense,
502 651 600 721 inquit,
620 651 742 719 acquirit
757 652 849 714 filiium
867 667 937 703 mer·
965 658 991 705 et
1009 654 1088 720 quod
1110 654 1225 706 aridum
1244 661 1318 717 erat,
1341 653 1486 707 humidum
1507 655 1587 708 Deus
1606 653 1757 723 efficiebat,
1780 661 1806 707 st

95 738 207 805 tificmo
232 753 351 807 corpore
376 745 401 791 tt
426 754 459 792 ea
482 736 600 791 mortuis
617 739 646 790 si
663 754 740 806 spem
758 737 882 806 larpitas
899 744 939 788 est
964 755 1021 790 non
1043 738 1133 792 solum
1156 739 1315 803 humidum,
1341 740 1496 792 sedetiam
1514 740 1680 802 animatum,
1705 738 1761 792 imo
1780 745 1807 791 ct

96 825 196 891 Deus,
216 825 336 878 mammo
354 840 417 879 eum
434 831 531 879 uterus
551 824 644 877 Sarae
663 831 805 877 emortuus
823 830 894 877 esset
912 830 939 875 et
965 830 1070 876 nutura
1089 826 1241 879 alteratum
1256 833 1281 878 et
1293 824 1413 878 meantia
1426 824 1685 891 aliterjormatum.
1718 824 1806 878 Versa

97 912 177 979 quod
206 910 388 964 inveteratum
422 918 484 962 mat
518 916 544 963 st
571 910 668 977 smme
701 911 743 962 ad
772 908 938 963 deletionem
965 909 1038 962 enim
1062 917 1101 964 est
1123 911 1206 978 oirpa
1234 911 1265 964 in
1287 911 1447 973 colubrum,
1473 928 1500 964 v.
1517 914 1541 964 3.
1578 911 1643 963 Non
1663 917 1725 962 erat
1744 924 1805 978 spe·

93 1003 266 1067 pmenmat
287 996 374 1065 juata
399 1002 558 1048 eonmdrm
576 994 726 1048 mulierum
744 1010 862 1062 morem,
880 994 938 1062 iper
966 1003 1054 1049 etrum
1073 996 1125 1050 boc
1143 1015 1229 1066 opus,
1247 998 1353 1051 ueritas
1370 997 1442 1050 enim
1462 997 1521 1049 Dei
1533 1004 1688 1065 praecepto
1705 1012 1805 1064 opera·

97 1083 186 1137 ridel.
209 1083 362 1137 resieeatus
384 1084 452 1147 fons
471 1100 584 1136 rursum
601 1083 658 1135 uim
676 1083 784 1151 aceepit
804 1082 845 1134 ad
859 1080 939 1134 semi·
965 1090 1012 1135 tur
1024 1091 1049 1136 et
1066 1101 1122 1137 non
1139 1085 1349 1152 imapinatiane.
1385 1086 1462 1138 Nam
1477 1082 1506 1136 in
1521 1084 1647 1136 omnibus
1660 1081 1806 1150 corripens
1830 1110 1833 1115 ⁴

98 1170 146 1223 nis
167 1170 351 1238 depectionem
372 1176 399 1222 st
416 1169 532 1223 anicula
558 1169 710 1237 juvencula
732 1169 797 1237 sert
813 1175 939 1236 partum.
967 1178 1090 1223 nostram
1111 1171 1307 1239 capitationem
1332 1187 1386 1240 per
1412 1172 1531 1238 Moysen
1558 1168 1716 1223 declaravit
1733 1169 1805 1221 ueri·

99 1254 171 1311 Inde
189 1254 331 1326 apostolus
348 1254 383 1309 de
396 1253 557 1309 Abrahamo
576 1253 748 1309 credentium
765 1253 849 1309 Patre
865 1252 940 1313 dicit.
966 1263 1057 1310 tatem.
1105 1255 1240 1324 Oopnouit
1266 1257 1339 1311 enim
1367 1257 1522 1326 propbeta,
1550 1257 1627 1325 quod
1652 1255 1698 1319 id,
1728 1254 1806 1322 quod

98 1343 176 1414 quod
200 1342 229 1396 in
255 1341 436 1412 promissione
461 1341 573 1395 seminis
599 1360 656 1395 non
675 1341 834 1405 infirmatus
852 1340 941 1404 fuerit
966 1343 1074 1406 factum
1090 1344 1201 1411 fuerat,
1230 1361 1287 1396 non
1307 1351 1368 1397 mat
1384 1345 1495 1408 foetum
1514 1342 1545 1395 in
1564 1341 1736 1410 apparentia
1753 1341 1807 1392 ssd

98 1431 168 1495 ride,
187 1445 237 1482 nee
255 1429 478 1483 consideraverit
491 1445 684 1496 eomrrssuum
696 1429 762 1497 jam
776 1434 940 1489 emortuum,
968 1430 1084 1482 ueritate
1102 1431 1132 1482 in
1151 1447 1183 1482 so
1200 1433 1276 1498 quod
1297 1431 1455 1497 aufuperet.
1495 1430 1529 1482 Si
1548 1428 1621 1482 enim
1638 1427 1804 1494 imapinatio

100 1532 164 1569 eum
181 1517 244 1579 fere
263 1521 371 1568 sentum
391 1531 529 1567 aunmum
548 1521 618 1567 esset
637 1521 663 1567 et
681 1521 819 1568 mortuum
831 1521 941 1565 uterum
966 1516 1084 1580 suisset,
1108 1519 1184 1586 quod
1204 1518 1314 1591 [actum
1335 1525 1413 1585 erat,
1435 1533 1492 1569 non
1514 1515 1674 1583 aufupisset
1696 1532 1716 1567 a
1740 1531 1804 1567 con·

101 1602 210 1663 Sarac,
237 1602 290 1654 sed
314 1606 413 1654 contra
439 1617 515 1669 spem
539 1599 569 1652 in
598 1617 675 1668 spem
699 1599 854 1653 crediderit
877 1598 940 1650 Deo
968 1609 1064 1669 spectu
1082 1602 1227 1672 serpentis.
1262 1602 1303 1655 At
1317 1608 1347 1653 ut
1363 1618 1397 1655 ne
1413 1619 1514 1654 rursus
1532 1601 1584 1654 bec
1602 1600 1804 1668 offendiculum

45 1700 85 1742 ss.
99 1688 153 1758 qui
179 1695 303 1741 mortuos
329 1687 458 1749 oioificm.
497 1685 575 1741 Rom.
600 1691 632 1754 4,
659 1704 684 1742 v.
712 1691 751 1741 17.
781 1690 822 1740 18.
848 1689 877 1738 et
902 1690 940 1738 19.
965 1687 1114 1756 praetem
1145 1688 1324 1742 contentiosis
1352 1695 1378 1741 et
1405 1688 1515 1755 dicam,
1548 1688 1625 1756 quod
1653 1685 1715 1740 alia
1743 1693 1805 1739 nat

99 1772 205 1830 Confer
226 1773 345 1828 eundem
370 1771 557 1843 Epiphaniam
582 1771 630 1827 lib.
657 1777 681 1826 t.
705 1779 771 1828 tom.
799 1777 821 1830 1.
846 1777 942 1824 contra
966 1775 1060 1841 virpa,
1080 1774 1161 1826 Deus
1182 1790 1248 1826 uero
1272 1773 1352 1827 dedit
1372 1772 1431 1842 ipsi
1449 1773 1534 1826 aliud
1550 1789 1654 1840 corpus
1671 1771 1742 1824 sicut
1759 1788 1804 1825 oo·

98 1859 254 1915 Samaritae
280 1859 332 1917 coh
353 1864 400 1915 21:
428 1858 504 1913 Sara
520 1867 586 1927 post
607 1859 850 1920 mortificationem
867 1858 942 1911 uteri
966 1859 1032 1913 luit:
1065 1859 1194 1912 Primum
1211 1860 1298 1927 ipitur
1317 1860 1445 1927 discant,
1473 1861 1550 1928 quod
1569 1876 1626 1912 non
1642 1858 1732 1912 aliam
1744 1874 1802 1925 pro

97 1947 164 2016 sires
189 1954 216 1999 et
239 1953 304 2015 post
323 1946 457 1998 siccatum
483 1952 643 1998 cannetum
660 1945 769 2008 sentem
785 1960 884 1997 rursus
900 1943 939 1995 ui·
966 1945 1027 1997 alia
1043 1946 1211 2014 nominauit,
1235 1947 1288 1999 sed
1305 1945 1386 1999 illam
1404 1945 1511 2014 ipsam,
1535 1961 1607 2014 quas
1625 1945 1713 1999 arida
1734 1951 1804 2013 erat,

95 2032 230 2102 stificatur
262 2033 304 2085 ad
331 2030 446 2084 seminis
480 2031 663 2099 dejectionem
697 2038 723 2083 et
752 2047 825 2083 anus
845 2029 939 2098 filium
966 2032 1110 2087 animarit.
1158 2031 1297 2093 Quoniam
1322 2032 1374 2085 ltoc
1400 2032 1497 2084 dotum
1525 2030 1624 2099 sirpus
1650 2046 1753 2098 corpus
1779 2037 1804 2084 et

96 2117 224 2187 concipit
247 2125 273 2171 et
295 2116 377 2187 parit
395 2117 483 2184 juata
503 2117 720 2186 promissionem
746 2117 780 2170 ab
803 2132 880 2184 mem
897 2131 940 2167 re·
966 2124 1069 2171 motum
1083 2118 1118 2170 ab
1132 2117 1194 2187 ipso
1214 2134 1302 2187 penus
1320 2118 1378 2172 siue
1396 2116 1516 2187 speciem
1529 2119 1610 2171 Deus
1624 2116 1804 2185 injudicium

96 2203 292 2260 surrmtionis,
332 2206 370 2259 5.·
385 2203 506 2256 isaacus
533 2202 562 2256 in
581 2202 653 2256 diem
672 2218 762 2273 usque
779 2201 891 2255 tertium
912 2199 940 2253 in
966 2221 1022 2282 non
1043 2205 1174 2269 uocabat,
1199 2221 1287 2274 nepus
1313 2221 1368 2272 pro
1392 2204 1475 2272 uirpa
1500 2206 1649 2258 draconem
1666 2203 1805 2272 judicare

97 2289 185 2344 corde
204 2287 333 2343 Abrahae
360 2293 421 2343 erat
445 2293 586 2352 mortuns,
614 2288 680 2358 quia
707 2288 742 2342 de
762 2286 823 2357 ipso
845 2285 939 2340 immo·
965 2289 1069 2356 ualuit,
1095 2291 1148 2342 sed
1171 2290 1366 2343 certitudinem
1392 2289 1609 2344 resurrectionis
1621 2306 1677 2358 per
1692 2289 1804 2356 sirpom

97 2374 186 2429 lando
204 2373 329 2428 divinum
348 2381 493 2443 acceperat
510 2373 689 2440 mandatum,
706 2372 755 2426 sed
776 2389 839 2427 eum
858 2371 940 2426 tertio
966 2383 1099 2444 opmatus
1123 2383 1164 2429 est
1188 2383 1214 2429 et
1235 2377 1387 2446 propriam
1400 2377 1556 2445 potentiam
1575 2377 1655 2431 aaa
1674 2375 1804 2443 osundit,

97 2459 147 2515 dis
172 2459 356 2531 intelligeret,
382 2459 473 2514 Deum
500 2457 553 2514 hae
577 2459 730 2514 tentatione
757 2457 840 2512 fidem
863 2474 940 2512 suam
966 2469 996 2515 ut
1015 2478 1049 2515 ne
1069 2462 1132 2530 quis
1147 2463 1232 2524 fidem
1249 2463 1365 2529 derepet
1380 2461 1411 2514 in
1430 2461 1556 2516 omnibus
1571 2462 1693 2530 potenti,
1719 2468 1802 2531 atque

97 2544 244 2618 explorare
273 2545 392 2601 voluisse
410 2552 439 2601 et
458 2545 573 2601 arietem
591 2545 641 2600 filii
661 2545 722 2600 ioco
740 2545 939 2600 immolandum
965 2548 1017 2601 bac
1039 2549 1131 2617 ipsum
1153 2564 1216 2601 eum
1238 2545 1316 2601 omni
1341 2547 1510 2600 certitudine
1536 2548 1621 2614 feci,
1650 2564 1705 2601 non
1730 2547 1803 2600 enim

97 2650 170 2702 esse,
195 2632 236 2688 ibi
262 2631 376 2688 Imacns
404 2633 433 2687 in
460 2632 543 2688 eorde
570 2632 694 2702 parentis
725 2633 805 2703 quasi
830 2631 938 2692 revixit,
962 2643 1075 2704 portem
1099 2637 1243 2705 quandam
1265 2636 1363 2704 oirpas
1387 2635 1547 2703 aucitauit,
1571 2637 1624 2688 red
1643 2642 1729 2689 totam
1746 2635 1801 2688 rir-

99 2719 171 2777 Gen
194 2724 236 2789 22,
258 2737 284 2772 v.
302 2726 326 2775 4.
352 2719 417 2773 inde
444 2719 473 2772 in
492 2718 573 2789 epist.
595 2717 638 2772 ad.
655 2717 799 2774 Hebraeos
815 2736 876 2789 cap.
899 2725 937 2786 li,
964 2739 1030 2791 pam
1054 2722 1259 2786 manmnutaoit,
1277 2722 1350 2774 sicut
1367 2722 1464 2790 uolui,
1494 2719 1671 2790 Augustinus
1688 2719 1736 2774 lib.
1761 2724 1800 2777 12.

96 2825 129 2864 u.
162 2812 202 2864 ta.
232 2806 267 2860 de
297 2803 459 2859 Abrahamo
490 2804 607 2873 dicitur,
637 2805 711 2875 qnod
740 2805 831 2872 filium
858 2823 937 2859 usum
963 2815 1048 2865 contr.
1072 2808 1169 2862 Faust.
1194 2807 1315 2862 Manieh.
1343 2824 1405 2878 cap.
1431 2813 1472 2863 28.
1498 2814 1600 2878 typum
1622 2807 1718 2877 virgae
1741 2805 1801 2861 Mo·

99 2895 235 2948 lenaeum
258 2894 288 2947 ir
313 2895 460 2964 παραβολῇ
484 2892 637 2961 receperit,
664 2909 720 2946 non
738 2892 827 2946 solum
845 2908 937 2949 resur·
962 2896 1055 2950 saieae
1078 2893 1163 2965 paulo
1189 2894 1270 2949 aliter
1293 2894 1330 2948 ad
1349 2893 1557 2948 resurrectionis
1575 2893 1738 2963 mysterium
1754 2909 1799 2948 aa·
1813 2903 1891 2947 xvln.
1903 2903 1951 2947 tto.

97 2976 231 3034 rectionis
251 2976 352 3031 Christi
373 2976 418 3030 die
436 2976 519 3031 tertio
537 2983 691 3043 secuturae,
708 2976 757 3030 sod
778 2976 860 3031 etium
878 2976 936 3031 uni·
962 2982 1125 3037 commodat.
1164 2982 1231 3049 Ipse
1258 2980 1421 3049 (Christus),
1447 2979 1548 3051 inquit,
1566 2980 1637 3034 milti
1656 2980 1748 3034 innuit
1769 2980 1800 3034 in

97 3063 214 3119 versalia
231 3063 439 3119 resurrectionis
456 3062 486 3116 in
503 3062 549 3117 die
560 3062 709 3117 novissimo
721 3062 937 3132 exspeetandaa;
961 3069 1044 3138 verpa
1062 3068 1174 3136 Mopsi,
1204 3084 1276 3136 puae
1301 3068 1331 3120 in
1354 3074 1434 3120 terra
1457 3082 1571 3135 serpens
1605 3068 1703 3137 effecta
1738 3065 1801 3136 ejus

96 3150 244 3222 praeeedit
268 3149 340 3204 enim
366 3147 547 3221 λογισάμενος
570 3147 612 3202 ὅτι
631 3153 675 3201 xai
698 3149 727 3201 lx
746 3153 850 3220 νεκρῶν
866 3149 938 3218 lysi·
963 3162 1078 3209 mortem
1096 3155 1237 3224 figuravit
1260 3171 1279 3207 a
1306 3161 1436 3223 serpente
1459 3152 1627 3220 venientem,
1657 3155 1709 3207 sed
1726 3155 1803 3222 quod

101 3234 431 3312 perniciosissimis.
469 3242 493 3292 6.
518 3235 638 3304 Josspbi
660 3250 755 3289 eurem
776 3236 811 3289 de
829 3235 938 3289 ossibus
964 3242 1142 3310 apprehensa
1172 3242 1268 3295 raudo
1312 3240 1454 3309 sipnijisat
1483 3241 1640 3309 posterius,
1674 3241 1802 3308 paradis

99 3324 160 3380 suis
172 3324 201 3379 in
220 3330 322 3379 terram
342 3322 454 3377 Canasn
470 3321 670 3377 transferendis
683 3320 857 3392 Epiphanius
874 3321 901 3377 d.
921 3320 938 3375 i.
959 3329 1024 3397 jam
1044 3328 1170 3381 martin
1183 3327 1215 3382 2¹„
1226 3329 1282 3394 fine
1295 3327 1415 3380 actioni,
1432 3328 1473 3380 aa
1488 3327 1528 3395 id,
1542 3328 1619 3396 qood
1628 3327 1740 3395 sanat,
1756 3342 1801 3379 η.

99 3410 197 3466 itidem
218 3409 255 3464 ad
273 3408 483 3464 resurrectionis
503 3423 580 3478 spem
592 3407 790 3462 accommodat.
821 3408 939 3478 derepit,
964 3417 1107 3483 perpendo
1137 3415 1302 3482 revortitur,
1331 3414 1381 3466 nbi
1405 3428 1462 3481 per
1493 3412 1566 3465 otras
1593 3412 1802 3480 reparationem

100 3497 207 3567 inquii,
232 3497 342 3549 t'mdt‘cab
359 3496 430 3549 lianc
447 3511 520 3562 rem,
542 3512 601 3546 nott
619 3494 649 3547 in
668 3495 791 3547 secundo
809 3493 871 3549 loco
887 3513 939 3565 po·
965 3506 1054 3553 morte
1078 3506 1222 3553 commta
1245 3498 1318 3552 nibil
1336 3499 1473 3570 serpentis
1490 3505 1619 3570 apparet,
1656 3498 1718 3551 Nos
1735 3514 1801 3566 φφ.

99 3600 170 3637 nens
196 3582 301 3636 ossium
323 3597 408 3650 spem.
457 3579 563 3634 Curam
590 3579 663 3633 enim
690 3580 808 3633 babebat
838 3580 939 3635 talium
966 3603 1018 3656 pue
1042 3602 1145 3654 corpus
1172 3585 1233 3654 ejus
1258 3586 1288 3638 in
1312 3585 1411 3638 eadem
1430 3582 1605 3638 mortalitate
1617 3600 1673 3653 per
1690 3583 1801 3637 lubrica

98 3686 158 3723 non
182 3668 256 3722 oelrtt
282 3666 478 3737 pereuntium,
518 3667 570 3719 sed
594 3681 665 3733 pisae
683 3682 784 3719 rursus
800 3667 939 3720 reuictura
965 3679 1120 3741 temporum
1136 3670 1284 3738 solvimur,
1301 3672 1356 3725 sed
1371 3671 1427 3734 rins
1443 3668 1595 3723 nouissimo
1611 3669 1687 3723 uelut
1705 3671 1801 3723 cauda

98 3762 191 3809 essent
222 3762 248 3808 et
275 3753 472 3822 praecipiebat
497 3769 530 3805 ea
557 3751 658 3820 afferri
681 3766 714 3805 eu
735 3750 937 3820 Aepyptiorurn
963 3758 1053 3812 sectili
1067 3774 1121 3827 per
1139 3773 1265 3822 manum,
1291 3758 1309 3811 i.
1329 3773 1351 3811 e.
1370 3771 1423 3824 per
1438 3762 1607 3824 potestatem
1620 3755 1742 3824 judieii,
1766 3772 1801 3809 ne

98 3843 221 3912 rapiens.
275 3840 343 3894 Nan
376 3840 489 3903 frustra
521 3837 627 3905 Josepb
662 3837 714 3890 boc
746 3837 937 3905 sipniiicabat:
962 3845 1042 3899 ultra
1056 3843 1261 3913 prolabamur,
1286 3841 1464 3911 apprehenso
1488 3842 1689 3910 reparabimur
1708 3848 1734 3895 st
1751 3857 1799 3894 no-

100 3925 281 3995 Oumportate
299 3925 368 3978 milti
383 3942 448 3979 ossa
467 3924 576 3990 dicens,
602 3923 762 3977 visitatione
781 3924 854 3977 enim
873 3925 937 3979 ussi·
962 3931 1078 3984 piurima
1108 3928 1223 3982 inimica
1261 3933 1350 3981 morte
1386 3928 1532 3980 destructa
1564 3934 1739 3994 rmarpentes
1768 3928 1797 3980 in

98 4013 169 4066 tabit
191 4029 241 4065 sos
267 4011 420 4075 Dominus,
449 4007 519 4063 Gen.
544 4013 594 4075 50,
618 4026 644 4063 v.
670 4014 713 4066 25.
744 4009 779 4063 Si
800 4028 856 4065 non
872 4029 936 4081 spes
962 4019 1062 4070 tunna
1081 4016 1141 4069 Dei
1159 4015 1241 4082 oirpa
1257 4013 1341 4084 repni
1365 4014 1474 4068 erimus.
1510 4017 1537 4067 9.
1564 4012 1651 4080 Virpa
1670 4012 1797 4066 aaronis

96 4099 201 4164 fuisstt
222 4096 449 4161 resurrectionis,
471 4094 564 4162 quotis
591 4101 661 4147 emt
680 4095 785 4149 maium
801 4115 884 4164 curu,
906 4106 936 4153 ut
962 4103 1055 4156 divino
1073 4099 1208 4156 miraculo
1226 4099 1394 4171 germinans,
1414 4097 1516 4153 florens
1533 4105 1562 4153 et
1579 4098 1687 4152 fruetus
1705 4096 1796 4153 ferens

98 4187 135 4239 de
153 4180 381 4253 corruptibilibus
400 4181 508 4236 ossibus
523 4182 719 4250 praeciperent
731 4183 825 4250 justi!
845 4184 936 4254 Hujhs
962 4188 1075 4245 Numer.
1097 4193 1136 4253 l't,
1155 4204 1182 4240 v.
1201 4192 1224 4242 8.
1243 4185 1352 4239 illustre
1368 4183 1577 4239 resurrectionis
1595 4184 1737 4254 specimen
1752 4198 1797 4237 ex·

98 4271 154 4327 loci
178 4274 221 4325 est
244 4268 401 4324 observatio
426 4268 488 4335 ilia,
513 4269 587 4338 quod
605 4266 729 4323 «Iacobus
742 4275 782 4323 ,et
798 4269 936 4340 Josephus
962 4273 1047 4329 hibet
1082 4272 1210 4328 Christus
1237 4287 1288 4341 per
1311 4269 1430 4324 Aaronis
1455 4270 1562 4339 virgam
1585 4269 1733 4323 denotatus
1755 4274 1799 4324 ost

99 4357 173 4412 inter
196 4371 294 4410 causas
319 4354 440 4424 reliquas
457 4354 539 4409 etiam
558 4353 614 4407 fine
633 4369 665 4407 eo
683 4352 711 4406 in
732 4361 805 4408 terra
822 4354 935 4410 canaan
962 4359 1075 4414 floridus
1100 4358 1149 4413 ille
1169 4356 1296 4412 surculus
1325 4374 1358 4412 ex
1373 4355 1453 4410 arida
1472 4353 1627 4410 Davidiese
1642 4354 1737 4424 stirpis
1755 4370 1798 4409 ra·

97 4440 209 4513 sepeliri
240 4437 392 4500 voluerint,
432 4439 507 4509 quod
542 4438 642 4508 spiritu
672 4439 876 4508 praeviderint,
907 4443 936 4495 in
963 4445 1024 4500 dice
1044 4452 1188 4516 praeatus,
1220 4443 1269 4515 qui
1288 4458 1339 4497 sua
1357 4441 1519 4505 nativitate,
1542 4441 1684 4511 passione,
1710 4447 1799 4496 morte

97 4527 202 4584 Christi
219 4525 419 4581 resurreetione
439 4525 525 4579 multa
544 4541 661 4594 corpora
676 4532 833 4581 sanctorum
851 4528 935 4581 susci·
962 4548 996 4586 ae
1022 4531 1223 4585 resurrectione
1249 4527 1330 4582 nohis
1357 4527 1410 4582 hoc
1434 4528 1598 4597 promeruit,
1628 4532 1660 4580 ut
1683 4542 1800 4597 corpora

98 4616 199 4683 tanda,
225 4613 327 4685 quihus
348 4612 402 4683 ipsi
426 4629 539 4683 quoque
557 4613 689 4684 conjungi
710 4613 935 4679 desideraverint,
961 4622 1055 4670 nostra
1085 4616 1113 4669 in
1145 4614 1254 4668 aridum
1287 4617 1376 4668 terrae
1399 4612 1541 4683 pulverem
1570 4613 1685 4668 redacta
1711 4613 1799 4667 instar

98 4701 170 4758 Gen.
186 4707 228 4765 st,
250 4718 275 4755 v.
293 4704 334 4754 30.
353 4698 452 4754 Matth.
466 4703 507 4762 tt,
526 4715 551 4751 v.
569 4706 609 4754 53.
646 4707 667 4754 7.
686 4701 811 4754 Fusalla
824 4702 935 4772 scirpea
961 4701 1063 4756 herbae
1089 4700 1145 4755 sint
1164 4699 1264 4754 iterum
1286 4699 1534 4770 progerminatura
1565 4698 1629 4755 Esa.
1649 4702 1691 4762 66,
1709 4716 1734 4752 v.
1758 4705 1796 4754 lt.

99 4788 287 4843 bitumineae
308 4786 371 4856 pice
391 4785 469 4852 illita,
488 4785 517 4838 in
535 4802 591 4855 qua
603 4785 715 4854 Moyses
735 4785 825 4841 adhuc
842 4787 934 4841 inians
960 4786 1134 4858 Augustinus
1160 4802 1240 4839 serm.
1265 4790 1307 4841 99.
1332 4785 1368 4838 de
1394 4790 1492 4854 temp:
1517 4784 1745 4839 Resurrectienis
1767 4802 1800 4837 ea

98 4879 278 4929 tonsuratus
291 4880 319 4925 et
331 4888 364 4925 ex
376 4887 408 4925 ea
421 4872 457 4924 ad
472 4870 557 4924 vitam
569 4877 725 4941 protractus
738 4871 825 4929 Exod.
839 4878 863 4941 2,
873 4892 897 4928 v.
909 4879 933 4928 3.
961 4873 1077 4926 mortuis
1102 4880 1309 4925 tenementum
1332 4871 1362 4923 in
1388 4871 1433 4924 bis
1450 4873 1593 4926 euidenter
1615 4870 1801 4940 apnoseimus.

97 4959 307 5016 resurrectionis
332 4963 431 5028 typum
455 4958 630 5027 suppeditat,
657 4964 836 5012 asservantur
862 4960 933 5013 enim
966 4959 1053 5028 Virpa
1072 4958 1145 5012 enirn
1163 4958 1252 5011 arida
1268 4957 1415 5025 perminat,
1434 4975 1496 5011 eum
1513 4974 1617 5027 corpus
1636 4958 1802 5010 exstinctum

97 5062 215 5116 corpora
231 5050 325 5099 nostru
345 5043 374 5097 in
391 5060 457 5097 arcs
471 5042 579 5113 lignea,
599 5059 632 5097 ex
651 5058 709 5113 qua
725 5042 763 5096 ad
781 5043 865 5097 vitam
883 5045 933 5098 ali·
961 5046 1083 5114 roepfi't
1102 5043 1277 5098 reviviscere.
1321 5042 1397 5106 Quas
1420 5051 1484 5096 sunt
1495 5052 1588 5098 autem
1601 5050 1721 5110 quatum
1736 5042 1800 5110 ista,

97 5133 210 5205 quando
229 5130 362 5185 divinitus
381 5127 593 5184 revocabuntur.
625 5134 648 5182 8.
666 5128 753 5198 Virpa
771 5130 882 5197 Mopsis
898 5130 935 5185 ab
961 5149 1032 5201 quae
1058 5131 1218 5199 resurpenti
1240 5129 1357 5199 corpori
1371 5131 1604 5200 praestabantur,
1633 5136 1664 5180 ut
1680 5128 1800 5181 senuna·

96 5218 253 5290 Epiphanio
280 5216 308 5273 d.
339 5214 356 5270 1.
382 5222 516 5286 tanquam
544 5215 754 5270 resurrectionis
778 5216 933 5285 symbolum
962 5228 1018 5272 tum
1036 5218 1066 5271 in
1086 5216 1283 5286 eomuptians,
1307 5223 1407 5283 turpat
1425 5216 1456 5268 in
1472 5214 1693 5283 incorruptione,
1712 5221 1739 5267 et
1757 5230 1799 5267 se·

96 5303 177 5360 nobis
203 5302 374 5374 proponitur.
419 5302 612 5369 Perusadeot,
636 5301 741 5371 inquit,
773 5302 935 5357 incredulas
960 5305 1096 5357 minatum
1120 5303 1151 5354 in
1170 5301 1348 5370 infirmitate,
1373 5309 1471 5369 turpat
1490 5301 1520 5354 in
1538 5300 1653 5361 uirtute,
1679 5301 1799 5354 semina·

93 5390 222 5462 poterttia
240 5388 373 5452 Domini,
398 5404 477 5441 nemo
502 5386 617 5439 resistat
634 5386 794 5442 sententiae.
824 5388 935 5443 Audiat
962 5399 1018 5444 tum
1038 5391 1068 5443 in
1088 5387 1258 5457 ipnominia,
1284 5393 1385 5456 surpat
1407 5387 1437 5441 in
1457 5386 1566 5456 plotio,
1589 5394 1615 5439 et
1635 5386 1799 5441 seminatum

96 5479 212 5547 Moyses
229 5483 256 5530 st
275 5476 413 5531 amendat.
439 5472 515 5537 Quid
532 5473 563 5527 in
582 5490 668 5526 rnanu
684 5477 741 5538 tua,
759 5473 853 5544 inpuit
871 5477 932 5531 Da·
963 5492 1064 5548 corpw
1078 5473 1211 5542 animale,
1228 5481 1327 5544 turpat
1347 5489 1450 5543 saman
1461 5472 1634 5543 spsmmalet
1657 5473 1719 5528 ista
1736 5482 1800 5530 sunt
