4104 6014
946 337 997 394 DF.
1016 337 1156 398 MORTE.
1816 347 1878 406 249

184 502 232 549 tar
252 496 333 564 opud
348 512 409 552 nos.
455 492 583 550 Vidimus
601 494 743 566 superius,
760 494 861 549 multos
879 513 913 550 ex
931 493 1017 565 patri-
1046 495 1101 561 ste.
1146 499 1171 549 1.
1196 492 1239 549 Ne
1265 492 1319 564 ipsi
1346 494 1459 567 quidem
1481 494 1621 550 Pontificii
1648 494 1825 551 consentiunt
1849 495 1879 550 in

183 582 237 639 bus
256 581 403 636 animalem
419 589 579 635 sonowram
598 599 618 634 e
636 598 753 651 corpore
773 584 915 651 separatis
935 584 1018 635 ‹lene-
1045 579 1215 650 assignando
1235 580 1331 651 modo,
1356 599 1406 651 per
1421 599 1503 654 quem
1521 582 1610 638 sancti
1628 581 1753 637 defuncti
1772 581 1878 651 specia-

182 687 253 738 1116
284 668 418 723 maionem
448 670 509 722 Dei
537 677 603 723 ante
636 678 786 723 extremam
812 669 957 738 judiciam
993 675 1020 721 et
1044 665 1098 720 lem
1115 683 1208 722 rerum
1227 673 1383 723 nostrarum
1402 669 1536 738 notitiam,
1556 672 1623 740 (qua
1646 668 1812 723 naturaliter
1830 684 1878 722 eos

183 774 332 825 comarum
348 757 603 826 resuscitationem,
631 773 666 811 ex
684 773 740 827 quo
756 762 886 827 apparet,
905 755 965 809 illos
982 752 1018 808 ab
1044 751 1190 809 destitutos
1209 753 1342 823 fatentur)
1367 763 1563 828 assequantur,
1594 761 1626 809 ut
1642 761 1741 826 postea
1760 771 1877 827 appare·

184 840 328 912 opinione,
370 859 443 912 quae
480 842 700 897 omniscientiam
738 840 844 896 sanctis
880 839 1018 896 defunctis
1046 838 1092 893 bit.
1145 846 1169 894 6.
1190 838 1375 895 Bellarminus
1401 841 1454 897 sibi
1483 841 1536 913 ipsi
1558 842 1738 911 contradicit,
1765 857 1831 894 nam
1850 839 1879 894 in

183 927 290 998 tribuit,
309 927 396 983 fnisse
413 927 578 984 alienosne}
597 927 723 984 maxime.
1045 925 1222 996 responsione
1269 927 1305 980 ad
1349 927 1453 983 dictum
1498 927 1690 999 propheticum
1734 929 1799 984 lisa.
1837 931 1879 983 63.

219 1019 277 1069 313.
312 1014 424 1070 Utimur
442 1014 524 1069 etiam
542 1012 619 1069 hisce
638 1014 805 1069 rationibus:
840 1018 860 1066 1.
881 1009 910 1066 Si
928 1010 1019 1064 saneti
1045 1010 1191 1065 Abrabam
1221 1011 1309 1066 611111
1339 1031 1389 1067 nos
1416 1018 1471 1068 etc.
1508 1013 1609 1069 diserte
1637 1013 1748 1083 asserit,
1780 1021 1880 1083 patres

185 1100 310 1155 defuncti
329 1098 549 1167 scirentomnia,
569 1099 687 1170 quaein
705 1099 786 1154 terris
799 1105 943 1170 guantur,
962 1112 1018 1151 non
1049 1097 1079 1150 V.
1101 1098 1133 1154 Τ.
1154 1116 1209 1152 non
1232 1101 1392 1167 copnoos'ese
1412 1107 1542 1171 posteros
1566 1117 1631 1153 eoos
1652 1101 1788 1169 11616111,
1812 1099 1880 1168 qnia

184 1185 273 1240 solum
308 1187 337 1239 in
369 1201 470 1255 perere
500 1193 526 1239 et
555 1185 586 1238 in
608 1185 778 1249 6116611611,
807 1184 858 1238 sed
881 1185 964 1239 etiam
988 1183 1017 1235 in
1044 1185 1168 1237 nondam
1194 1192 1276 1238 eram
1294 1185 1375 1250 beati,
1394 1186 1492 1239 sedin
1512 1186 1596 1240 limbo
1614 1187 1708 1241 adbac
1726 1186 1878 1253 6611111611,

184 1275 276 1341 merse
304 1281 330 1326 el
354 1271 384 1325 in
409 1273 599 1341 particulari,
628 1273 698 1327 adeo
730 1276 761 1325 ut
785 1270 868 1327 etiam
894 1271 1018 1325 occultos
1045 1285 1152 1341 exque
1177 1271 1313 1341 ejusmodi
1339 1271 1462 1327 11111111
1485 1271 1635 1328 theorema.
1677 1271 1731 1336 Qui
1756 1271 1879 1326 nondum

184 1359 308 1414 cordium
326 1357 508 1413 humanorum
526 1363 617 1413 motus
630 1357 772 1421 viderent,
797 1362 857 1411 tum
875 1361 925 1410 aut
941 1356 1018 1410 Deus
1045 1362 1109 1410 sunt
1126 1354 1210 1421 beati,
1229 1356 1269 1411 1111
1288 1374 1341 1412 161
1362 1363 1534 1430 cognoscunt
1551 1364 1654 1413 statum
1675 1359 1828 1413 viventium
1849 1359 1878 1412 in

185 1449 286 1513 essent,
303 1451 354 1499 aut
371 1445 431 1499 Deo
448 1444 627 1514 hypostatice
635 1443 726 1498 uniti.
763 1442 847 1498 Ratio
867 1442 1018 1497 connexio-
1044 1441 1135 1508 terrie,
1152 1442 1211 1498 sive
1228 1444 1399 1514 naturaliter,
1419 1444 1477 1499 sive
1495 1459 1529 1498 er
1548 1445 1653 1500 visione
1666 1444 1803 1514 1161111111,
1821 1445 1881 1499 sive

185 1530 228 1584 nis
247 1537 297 1600 est,
316 1531 381 1602 quia
399 1530 463 1584 talis
482 1529 673 1584 omniscientia
691 1528 794 1583 nemini
814 1528 947 1599 competit
965 1528 1018 1582 nisi
1045 1543 1078 1583 er
1098 1529 1273 1585 revelatione.
1314 1531 1404 1602 Atqui
1426 1530 1585 1586 (1161116111
1615 1536 1644 1586 et
1664 1531 1817 1588 Salomonis
1836 1530 1880 1586 iti·

185 1618 245 1672 Deo
273 1624 302 1673 et
320 1617 458 1673 salvatori
481 1621 575 1671 nostro
601 1616 671 1672 lesu
697 1615 814 1671 Christe.
857 1614 948 1686 Atqui
973 1615 1018 1669 de·
1046 1615 1108 1670 dem
1126 1616 1278 1687 loquuntur
1302 1617 1336 1673 de
1363 1618 1466 1673 sanctie
1493 1618 1526 1672 V.
1545 1617 1577 1674 T.
1596 1625 1628 1673 ut
1646 1624 1764 1673 constat.
1801 1618 1878 1691 Ergo

184 1702 383 1758 111611111611
402 1718 454 1757 166
473 1702 549 1757 Deus
569 1709 649 1770 sunt,
678 1718 730 1757 neo
759 1701 825 1757 Dec
843 1701 1018 1773 hypostatice
1044 1719 1100 1755 non
1125 1702 1247 1758 debebat
1264 1703 1449 1759 Bellarminus
1471 1704 1641 1776 distinguere
1659 1703 1731 1759 inter
1749 1705 1878 1760 notitiem

185 1789 265 1844 uniti.
311 1795 336 1844 2.
357 1789 413 1856 Qui
443 1789 606 1844 naturaliter
628 1805 685 1843 uon
708 1789 800 1843 161111
821 1805 868 1857 ea,
896 1787 1018 1859 quaein
1045 1789 1199 1843 naturalem
1237 1795 1265 1844 et
1308 1790 1549 1860 supernaturalem
1590 1806 1624 1844 ex
1658 1789 1789 1846 beatifica
1825 1790 1880 1845 Dei

185 1876 266 1931 terris
293 1882 442 1948 geruntur,
469 1890 521 1931 nec
548 1891 582 1931 ex
607 1876 769 1947 angelorum
794 1875 942 1942 1611111616,
975 1874 1019 1929 vel
1045 1873 1150 1930 visione
1164 1875 1387 1943 descendentem,
1401 1876 1482 1947 quasi
1495 1876 1545 1930 illa
1557 1875 1700 1942 (11111111,
1718 1894 1774 1932 161
1786 1882 1880 1931 autem

186 1961 316 2018 beatifica
362 1961 468 2017 visione
515 1962 561 2017 vel
608 1962 703 2016 divine
759 1961 929 2016 revelatione
975 1959 1019 2015 vel
1045 1959 1114 2017 haec
1134 1960 1286 2032 denegetur
1305 1963 1415 2017 sanctis.

185 2049 356 2120 aequalitate
379 2066 444 2104 cum
471 2055 573 2104 natura
596 2048 725 2120 angelica
750 2048 847 2103 6111611
872 2052 1020 2119 perspecta
1081 2053 1140 2103 315.
1177 2053 1201 2103 2.
1222 2048 1278 2103 Esa
1305 2055 1346 2105 63.
1365 2049 1415 2116 api
1431 2049 1637 2120 decopnitione
1655 2049 1879 2122 approbationis,

187 2133 305 2205 habent,
335 2137 370 2192 de
388 2136 443 2191 illis
468 2135 553 2190 111111
576 2135 687 2206 nequit,
714 2134 788 2206 quod
814 2134 870 2188 sint
886 2132 1019 2190 omnisoii.
1047 2134 1128 2188 nteit
1144 2136 1408 2205 111161,Αό1111111
1427 2137 1543 2191 11111111
1554 2155 1613 2200 nos,
1632 2137 1715 2191 idest
1730 2136 1880 2191 66111ιαῦ11

186 2222 281 2278 Sancti
315 2240 371 2277 non
401 2223 493 2278 sciunt
517 2222 680 2277 naturaliter
703 2238 751 2290 ea,
782 2237 855 2294 quae
884 2220 914 2275 in
939 2220 1020 2276 terris
1046 2239 1097 2276 nos
1112 2239 1169 2291 pro
1191 2222 1276 2290 filies,
1294 2241 1350 2276 non
1368 2223 1463 2292 dilipit
1482 2241 1546 2292 nos,
1566 2224 1713 2277 contemnit
1732 2240 1792 2286 nos,
1810 2223 1880 2292 qnia

187 2315 339 2381 geruntur,
356 2315 389 2364 ut
407 2307 548 2364 Pontificii
564 2309 735 2378 concedunt,
755 2298 1019 2378 nec'supematura·
1048 2308 1187 2378 intellipit,
1203 2326 1255 2362 nos
1271 2326 1290 2362 a
1303 2317 1329 2363 te
1345 2310 1498 2365 1166111166.
1528 2308 1610 2365 Hanc
1627 2308 1881 2382 interpretationem

187 2397 250 2450 liter
268 2413 302 2451 ea
319 2395 481 2464 resciscunt,
500 2403 532 2452 ut
545 2394 659 2450 inferius
674 2394 917 2450 demonstrabitur.
945 2394 1020 2465 Ergo
1048 2393 1116 2449 dicit
1132 2410 1193 2450 esse
1214 2397 1334 2449 monime
1356 2395 1497 2450 literalem
1520 2404 1548 2450 et
1567 2397 1690 2466 molari
1706 2397 1881 2466 Hieronymo

187 2489 212 2540 3.
242 2481 266 2536 si
298 2482 387 2538 sancti
419 2481 544 2538 defuncti
580 2489 673 2537 esseut
703 2480 844 2551 omniscii,
880 2486 940 2536 tum
972 2487 1021 2535 aut
1048 2480 1077 2534 in
1095 2497 1193 2539 comm.
1216 2480 1368 2559 1111111661.
1408 2481 1534 2537 Eandem
1561 2482 1686 2554 sequitur
1705 2483 1832 2538 Bemuus
1852 2482 1883 2537 in

186 2567 336 2634 6116166111,
348 2569 543 2634 essentialiter,
555 2575 605 2623 aut
618 2565 1021 2637 enumerantepersonoteer,
1047 2567 1168 2638 append.
1190 2568 1292 2641 disput.
1313 2570 1348 2624 de
1365 2575 1476 2641 purgat.
1499 2569 1604 2625 Calvia:
1634 2588 1662 2640 p.
1682 2575 1724 2627 91.
1759 2569 1884 2640 Respon-

186 2663 237 2711 aut
262 2657 486 2729 συμβερηκότως,
513 2656 743 2725 accidentaliter,
769 2654 839 2710 tales
857 2660 963 2722 essent,
990 2661 1022 2708 ut
1049 2653 1160 2709 demus:
1196 2660 1217 2711 1.
1236 2654 1419 2710 Bellarminus
1448 2655 1467 2709 1.
1485 2661 1509 2713 1.
1540 2654 1576 2709 de
1597 2655 1687 2726 justif.
1709 2674 1732 2712 c.
1750 2661 1791 2712 16.
1809 2673 1882 2726 resp.

186 2749 297 2799 1111111
325 2760 360 2798 ex
392 2741 549 2798 sufficiente
581 2743 798 2799 enumeratione.
844 2741 934 2812 Atqui
965 2758 1021 2795 non
1048 2739 1084 2794 ad
1104 2746 1128 2796 1.
1147 2741 1259 2810 statuit,
1286 2741 1406 2796 Esaiam
1432 2741 1474 2796 iln'
1495 2742 1577 2812 loqui
1594 2760 1651 2797 non
1673 2745 1708 2796 de
1727 2743 1882 2798 bominibus

188 2837 253 2885 sunt
284 2829 408 2885 omnisoii
444 2829 645 2898 essemiaiiter,
682 2828 737 2884 hoc
772 2828 844 2885 enim
878 2827 931 2882 soli
961 2827 1021 2883 Deo
1041 2827 1145 2896 justis,
1172 2830 1224 2882 sed
1241 2830 1277 2882 de
1296 2829 1451 2899 insipnibns
1472 2829 1683 2897 peecatoribus,
1706 2831 1741 2882 ob
1764 2847 1881 2900 qnorum

186 2915 334 2986 competit;
358 2932 410 2971 nec
424 2916 631 2986 personaliter,
656 2914 709 2970 hoc
726 2915 801 2971 enim
820 2914 953 2984 competit
970 2914 1021 2970 1611
1047 2913 1155 2967 scelera
1183 2915 1323 2968 ermundo
1349 2921 1411 2969 erat
1440 2913 1541 2969 ciritae
1565 2923 1593 2968 et
1611 2921 1685 2969 totas
1706 2916 1881 2985 popularia

186 3002 297 3060 Christo
323 3002 475 3058 secundum
500 3008 672 3073 assumptam
698 3008 827 3057 naturam
858 3000 1021 3069 humanam,
1048 3018 1147 3054 meam
1167 3001 1244 3069 repis
1268 3001 1446 3070 Babylonioi.
1485 3000 1550 3058 Jem
1575 3017 1641 3056 sero
1663 3002 1754 3073 impiis
1778 3000 1808 3056 iu
1833 3019 1881 3075 po·

185 3106 237 3146 nec
261 3091 491 3160 accidentaliter,
514 3088 581 3161 quia
605 3089 796 3144 omniscientis
814 3103 870 3142 non
890 3088 1021 3143 6111161-
1048 3087 1114 3157 puio
1141 3087 1295 3143 Ieradlitieo
1321 3088 1435 3143 solenne
1469 3104 1504 3143 ac
1539 3092 1705 3159 perpetuum
1742 3095 1815 3159 erat,
1852 3090 1881 3145 in

186 3176 254 3232 dens
274 3177 423 3249 quoddam,
443 3177 518 3249 quod
534 3184 629 3248 posset
646 3176 741 3248 egredi
760 3191 842 3230 suum
862 3174 1021 3246 subjectum
1049 3173 1140 3228 medio
1165 3173 1300 3229 scelerum
1327 3191 1437 3230 cursum
1464 3175 1518 3230 sibi
1540 3175 1659 3230 blandiri
1684 3191 1720 3231 ao
1744 3175 1779 3231 de
1794 3184 1881 3249 patre

186 3269 215 3319 et
234 3263 314 3319 alteri
333 3269 411 3318 extra
429 3263 520 3318 Deum
539 3263 744 3318 communicari.
779 3262 863 3334 ffigo.
897 3260 934 3315 Et
953 3260 1021 3332 quid
1040 3261 1211 3315 ¹riliralromo
1229 3260 1404 3331 impudenter
1422 3261 1552 3333 gloriari,
1570 3261 1670 3318 Matth.
1690 3268 1714 3330 3,
1733 3279 1758 3319 v.
1773 3268 1796 3318 9.
1816 3261 1880 3319 Job.

191 3350 305 3407 multis?
336 3357 423 3421 negat
444 3349 503 3421 ipse
526 3349 713 3405 Bellarminus
733 3348 825 3404 omnia
842 3347 926 3412 scire,
954 3364 1021 3418 quo·
1049 3351 1075 3410 8,
1094 3364 1119 3399 v.
1138 3352 1180 3402 39.
1197 3347 1272 3402 uude
1289 3347 1366 3402 dives
1385 3348 1467 3417 epulo
1486 3348 1514 3403 in
1533 3347 1642 3403 inferno
1659 3347 1824 3414 constitutus
1843 3348 1881 3404 ad

187 3436 273 3492 modo
292 3452 360 3508 ergo
378 3440 461 3491 erunt
474 3434 619 3490 omniscii?
638 3435 678 3490 sic
696 3435 769 3490 enim
781 3434 879 3490 scribit
887 3434 935 3490 lib.
951 3439 974 3491 1.
986 3432 1022 3488 de
1047 3432 1242 3503 paternitatem
1257 3432 1389 3489 Abrahae
1401 3432 1492 3489 adhuc
1503 3439 1646 3505 provocat,
1662 3434 1729 3489 Luc
1744 3440 1784 3504 16,
1803 3452 1828 3490 v.
1839 3440 1882 3491 24.

191 3521 266 3578 beat.
280 3528 366 3577 sanct.
380 3538 404 3579 c.
418 3528 458 3578 20.
477 3538 549 3592 resp.
563 3521 599 3575 ed
612 3526 634 3577 3.
652 3537 726 3592 arg:
745 3520 843 3575 Sancti
854 3528 1023 3591 oopnoscsmt
1048 3520 1198 3591 quomodo¹
1234 3519 1331 3590 igitur,
1378 3520 1523 3591 probabile
1566 3527 1622 3589 est,
1662 3520 1762 3591 impios
1806 3521 1883 3593 apud

185 3625 287 3678 preces
306 3616 460 3662 6661111111
473 3616 593 3679 possunt
611 3611 652 3661 ad
662 3626 713 3663 nos
729 3608 832 3674 venire,
844 3608 959 3678 mando
976 3623 1021 3659 oo·
1048 3605 1161 3661 Esaiam
1180 3605 1233 3662 hoo
1250 3623 1333 3661 sensu
1353 3605 1459 3674 dicere,
1486 3606 1633 3661 Abrabam
1656 3607 1743 3662 nescit
1763 3625 1826 3674 nos,
1852 3606 1882 3660 id

188 3697 257 3762 lant,
273 3714 329 3751 non
348 3705 440 3750 tamen
456 3704 612 3766 propterea
630 3695 722 3748 sciant
741 3695 835 3749 omnia
853 3701 960 3747 nostro.
1050 3699 1167 3748 estnon
1186 3691 1271 3748 habet
1285 3709 1336 3747 noe
1354 3709 1405 3762 pro
1424 3691 1510 3748 filiis?
1549 3699 1572 3749 2.
1592 3692 1698 3758 Quodsi
1717 3693 1746 3748 in
1766 3710 1884 3764 persona

96 3815 133 3843 e·
226 3787 284 3838 311.
318 3781 429 3853 Excipit
448 3781 641 3850 Bellarminus,
663 3787 684 3836 1.
703 3780 765 3836 lob.
794 3787 833 3836 ll.
857 3786 886 3835 et
901 3779 978 3837 Eccl.
997 3785 1022 3835 9.
1049 3778 1173 3834 fidelium
1198 3795 1231 3833 ac
1255 3779 1457 3848 poenitentium
1486 3780 1624 3850 propheta
1651 3785 1727 3844 orat,
1751 3779 1780 3833 id
1807 3781 1882 3851 quod

190 3868 265 3923 illud
284 3877 390 3922 mntem
407 3870 516 3938 docere,
537 3871 615 3937 qnod
631 3868 763 3932 defuncti
779 3867 951 3920 nataraliter
967 3883 1023 3920 non
1049 3864 1141 3937 ipsum
1169 3881 1198 3919 re
1225 3880 1291 3919 sera
1308 3863 1401 3919 facere
1420 3865 1449 3919 in
1475 3870 1556 3921 tract
1588 3865 1623 3921 de
1647 3866 1726 3921 bonis
1748 3865 1883 3937 operibus

140 3970 165 3998 ⁸¹
190 3964 369 4024 copnoscant,
395 3954 466 4025 qnid
483 3962 571 4024 cpont
593 3953 663 4023 cini,
687 3955 759 4006 sicut
782 3970 832 4007 nec
849 3954 906 4006 eici
922 3969 1022 4022 copno·
1051 3947 1080 4025 ξ.
1101 3956 1141 4007 61.
1162 3950 1379 4006 demonstratum
1396 3951 1464 4020 fuit,
1487 3952 1578 4008 denuo
1596 3952 1743 4007 verisimile
1760 3970 1815 4007 non
1833 3959 1883 4020 est,

108 4091 115 4103 ,
190 4049 283 4108 soant,
318 4043 390 4112 quid
419 4049 506 4110 apsent
534 4043 654 4109 mortni;
691 4041 780 4095 nebilo
809 4048 902 4094 tamen
929 4040 1022 4092 rainae
1050 4037 1125 4109 quod
1142 4038 1286 4092 Israiilitae
1308 4053 1372 4092 vere
1398 4037 1495 4094 fideles
1521 4056 1554 4094 ao
1577 4040 1750 4110 poenitentes
1772 4045 1883 4110 negent,

190 4137 317 4194 1161166,
336 4130 385 4198 qni
404 4130 463 4183 Dei
479 4129 609 4183 claritate
620 4130 780 4196 fruantur,
798 4128 893 4180 omnia
910 4128 941 4180 in
958 4129 1022 4181 Deo
1050 4142 1080 4179 16
1096 4124 1132 4179 11)
1146 4123 1308 4178 Abrahamo
1325 4141 1376 4194 pro
1396 4125 1461 4180 filiis
1472 4126 1594 4198 agnosci,
1613 4143 1678 4181 eum
1696 4143 1727 4181 se
1741 4125 1795 4181 Dei
1810 4124 1882 4180 111161

190 4218 294 4283 ridere,
312 4232 383 4286 psas
401 4216 535 4270 nimirum
552 4217 593 4269 od
612 4232 658 4267 eoa
673 4215 824 4284 pertinent.
860 4213 1020 4283 Responde
1050 4226 1150 4265 vocare
1180 4227 1237 4265 non
1266 4211 1440 4267 erubescant.
1498 4213 1542 4265 Ta
1573 4212 1709 4279 Domine,
1745 4212 1882 4284 inquiunt,

189 4319 265 4357 mus:
287 4308 310 4361 1.
329 4319 380 4357 nec
397 4301 495 4369 Jobus,
514 4318 566 4356 nec
584 4300 714 4355 Salomon
732 4299 923 4354 limitationem
945 4299 1020 4352 iliam
1047 4298 1283 4365 paternosterf'os.
1315 4301 1338 4353 3.
1351 4297 1505 4368 Explicatio
1519 4298 1568 4353 illa
1580 4298 1787 4370 praesupponit,
1804 4297 1881 4369 quod

190 4390 309 4458 addunt,
332 4389 381 4443 sed
399 4387 560 4458 simpliciter
581 4385 776 4457 pronuntiant,
802 4385 947 4440 defunctos
966 4401 1021 4439 non
1049 4381 1201 4451 Abrabam,
1226 4383 1314 4439 Ieraiil
1341 4401 1375 4439 ac
1400 4385 1499 4457 reliqui
1527 4385 1617 4441 sancti
1643 4385 1676 4443 V.
1694 4385 1726 4442 T.
1752 4384 1884 4441 miserint

190 4490 371 4547 cognoscere,
395 4475 462 4547 quid
486 4479 574 4546 agant
596 4473 660 4527 vivi.
702 4471 767 4527 lam
787 4489 852 4528 vero
871 4472 1023 4542 1111111111-
1050 4468 1162 4541 quidem
1191 4486 1239 4539 ea,
1270 4487 1342 4541 quae
1371 4473 1490 4543 posteris
1521 4472 1693 4544 obtigerant,
1720 4472 1771 4527 sed
1789 4478 1882 4528 tamen

189 4570 235 4618 tus
253 4582 277 4620 s.
295 4562 448 4634 simplicem
467 4561 645 4633 negationem
658 4561 745 4631 ponit,
764 4558 803 4613 ibi
820 4576 875 4613 non
890 4558 1022 4613 debemus
1049 4557 1189 4611 noluerint
1212 4573 1307 4612 eoram
1332 4575 1428 4613 curam
1453 4575 1546 4630 agere.
1595 4558 1683 4630 Atqui
1710 4576 1743 4614 eo
1759 4565 1884 4631 tempere

50 4663 176 4705 1111111
190 4650 356 4704 contrariam
393 4647 607 4704 affirmationem
636 4661 746 4718 ponere.
808 4646 861 4699 Ubi
890 4645 934 4698 len
966 4664 1023 4699 non
1050 4644 1141 4699 adhuc
1162 4651 1242 4700 61111
1258 4644 1287 4698 in
1305 4645 1406 4709 limbo,
1433 4646 1551 4701 docente
1570 4646 1739 4703 Bellarmino
1768 4653 1796 4702 et
1820 4646 1878 4703 reli

191 4737 347 4805 distinpait,
365 4736 407 4789 ibi
425 4752 475 4788 neo
489 4753 539 4790 nos
553 4736 725 4802 distinpuere
742 4734 880 4788 debemus.
913 4736 937 4788 2.
949 4732 1022 4796 Quid
1051 4731 1112 4801 quis
1138 4730 1293 4786 Pontificiis
1319 4732 1454 4788 omnibus.
1500 4732 1575 4803 Ergo
1603 4750 1659 4787 non
1680 4739 1831 4804 potuerunt
1853 4734 1883 4789 in

191 4824 225 4878 de
259 4823 373 4893 sperato
406 4821 456 4875 illo
488 4821 599 4877 divinae
629 4820 740 4877 visionis
773 4819 949 4875 statuendum
979 4819 1023 4884 sit,
1050 4817 1213 4889 particulari
1232 4818 1311 4883 scire,
1329 4819 1531 4890 quaeposteris
1545 4819 1703 4891 obtigerint,
1722 4837 1787 4874 nem
1803 4822 1884 4892 juxta

191 4911 274 4982 paulo
293 4916 358 4981 post
376 4908 544 4979 dispiciatur.
584 4913 608 4963 3.
625 4907 790 4978 Repetenda
809 4913 873 4962 sunt
892 4909 945 4962 hoo
962 4906 1023 4962 ioco
1051 4904 1211 4960 Bellarmiui
1228 4904 1409 4975 hypothesin,
1437 4905 1485 4977 qui
1505 4906 1534 4960 in
1552 4906 1637 4961 limbo
1658 4913 1737 4973 sunt,
1754 4906 1795 4960 illi
1815 4924 1882 4962 non·

189 5015 236 5064 ea,
276 5012 349 5068 quae
382 4992 562 5066 praecedenti
599 4993 754 5065 exceptioni
791 4993 1023 5049 Bellarminianae
1052 4993 1117 5046 dum
1137 4998 1202 5045 eunt
1217 4989 1307 5060 beati,
1333 4992 1393 5061 jam
1419 5008 1484 5046 vero
1503 4991 1552 5063 qui
1570 5009 1626 5046 non
1644 4991 1719 5047 beati
1739 4997 1813 5061 sunt,
1833 4992 1883 5048 sed

189 5083 376 5154 opposuimus.
408 5081 463 5136 Per
477 5080 507 5133 vd
526 5081 620 5134 omnio
638 5080 734 5134 ridere
753 5079 783 5131 in
796 5080 861 5134 Deo
878 5085 927 5134 aut
944 5080 1023 5135 intel·
1052 5077 1184 5135 beatifica
1199 5076 1253 5132 Dei
1273 5076 1378 5132 visione
1391 5077 1588 5146 destituuntur,
1606 5078 1745 5150 ignorant,
1766 5095 1838 5150 quae
1856 5080 1885 5134 in

189 5171 286 5243 ligitur
327 5167 435 5223 infinita
475 5174 504 5222 et
552 5166 681 5222 absoluta
733 5165 932 5230 omniscientis,
974 5173 1024 5221 aut
1051 5166 1131 5221 terris
1149 5171 1276 5237 agentur.
1323 5171 1348 5220 4.
1369 5164 1475 5220 Eadem
1503 5165 1653 5235 explicatio
1677 5167 1886 5237 praesupponit,

190 5256 318 5328 specialis
338 5262 366 5310 61
384 5252 602 5310 extraordinaria
621 5251 793 5324 quarundam
806 5268 898 5306 rerum
915 5252 1022 5309 uotiua
1053 5253 1128 5324 quod
1158 5252 1246 5307 sancti
1276 5251 1401 5307 defuncti
1432 5252 1460 5306 in
1493 5252 1528 5309 V.
1554 5252 1588 5307 Τ.
1620 5251 1725 5308 fuerint
1754 5252 1883 5310 invocati.

189 5342 272 5397 Prius
302 5358 425 5397 asserere
449 5339 610 5396 reformidat
641 5339 701 5410 ipse
731 5337 928 5407 bellarminus,
960 5340 1024 5395 ideo
1052 5340 1154 5396 Sensus
1173 5339 1247 5395 enim
1261 5345 1320 5403 est,
1348 5338 1414 5410 quia
1431 5338 1574 5393 Abraham
1594 5346 1622 5394 et
1638 5339 1742 5409 Isralil,
1761 5356 1830 5412 quos
1848 5341 1885 5395 ad

190 5429 281 5494 addit,
310 5437 421 5482 sanctos
438 5428 534 5481 cidere
560 5427 590 5479 e'n
608 5428 671 5480 Deo
692 5425 799 5494 omnia,
828 5441 900 5494 queas
918 5427 959 5478 od
978 5443 1024 5480 eos
1052 5426 1240 5483 auxiliandum
1255 5431 1397 5497 promptos
1417 5424 1446 5479 in
1465 5425 1527 5480 eliis
1546 5425 1759 5481 necessitatibus
1778 5426 1886 5498 experti

185 5516 344 5585 perlinam
372 5512 510 5585 posterius
526 5509 814 5570 nondumsufficitad
830 5508 1024 5566 stabiliendam
1053 5530 1161 5576 sumus,
1183 5512 1236 5567 hoc
1264 5519 1387 5584 tempore
1407 5529 1458 5567 nos
1479 5520 1659 5569 contemnunt
1677 5529 1713 5568 ac
1730 5513 1886 5586 negligunt,

190 5601 356 5675 hypothesin
378 5600 414 5665 de
432 5606 592 5656 sanctornm
611 5597 802 5654 omniscientis
811 5602 840 5653 et
849 5597 1020 5672 sapiamu-
1054 5600 1117 5656 ideo
1151 5616 1201 5671 per
1230 5614 1327 5670 preces
1352 5597 1390 5655 ad
1421 5606 1450 5656 te
1475 5598 1593 5654 Domine
1619 5616 1670 5656 nos
1693 5601 1887 5661 convertimus.
