4104 6014
176 211 237 268 eet
769 198 893 258 LOCUS
912 196 1117 255 woesums
1136 195 1283 256 semus

176 356 253 413 tione
270 355 434 411 destitutum
452 355 586 423 interjicit
602 355 691 424 selus,
711 371 767 426 quo
787 355 864 409 Deus
881 352 1014 407 adversus
1040 350 1213 406 invocatione
1243 351 1360 406 verbum
1383 349 1491 405 nnllam
1516 349 1604 406 addit
1655 347 1746 419 Usque
1775 361 1809 401 eo
1832 348 1875 400 eet

177 441 320 497 hominum
350 441 520 513 impietatem
544 440 629 495 ardet.
682 441 715 496 R
740 439 904 496 Naohmann
927 433 1014 491 refert
1039 435 1150 507 (inquit)
1172 437 1254 491 homa
1271 437 1395 501 inferior
1413 438 1490 501 Deo,
1522 443 1553 489 ut
1579 454 1637 489 non
1656 435 1748 489 solum
1764 448 1818 487 nec
1834 431 1875 487 ei·

178 528 216 583 ad
236 529 303 584 Jobi
328 527 544 598 impatientiam,
573 528 677 596 profer
696 527 820 594 aliquem
843 529 1014 586 sanctorum,
1040 523 1107 576 dere
1123 523 1214 588 illum
1233 540 1284 576 neo
1302 523 1535 592 comprehendere
1552 538 1651 592 mnae,
1671 522 1724 575 seri
1742 521 1826 575 etiam
1843 524 1875 572 ut

178 615 275 685 quiin
292 631 373 668 cruce
392 616 455 666 Deo
473 614 515 666 ita
533 613 623 675 fucrit
640 611 794 665 reluctatus
812 618 838 663 et
858 609 1013 663 obmurmu·
1039 625 1090 662 nec
1109 627 1128 662 a
1147 616 1174 662 te
1194 610 1299 663 millies
1316 609 1486 663 inclamatam
1505 607 1542 661 eit
1559 623 1754 678 reeponeurue.
1797 604 1875 668 Quid

178 701 294 755 raverit.
332 700 377 753 Ita
400 716 511 771 quoque
532 698 567 752 R.
592 697 674 752 Aben
693 697 780 764 Ezra,
808 712 840 749 ee
859 694 941 761 cuiue
965 706 1013 745 ore
1040 695 1141 765 loquor
1165 697 1282 749 Deum!
1312 695 1539 764 qandoquidem
1565 710 1615 747 nec
1644 694 1707 763 ejue
1731 690 1830 760 ampeli
1843 690 1875 743 in

179 793 353 850 sanctorum,
388 786 439 854 qui
455 786 485 838 in
503 792 580 838 terra
596 791 676 846 runt,
700 782 773 835 talia
792 796 914 848 unquam
931 777 1014 830 audi·
1039 788 1165 835 nostrum
1180 789 1298 852 possunt
1315 783 1478 850 ommatium
1496 781 1661 834 incurrere.¹
1707 783 1747 834 12.
1767 776 1875 832 Mereo-

179 872 246 927 oisti
258 873 272 925 t
312 869 419 927 Eodem
438 887 521 925 sensu
557 869 669 938 exponit
704 866 737 920 R
774 865 875 921 Selom.
908 860 1013 920 iarohi.
1040 883 1087 920 rus
1110 872 1139 922 et
1154 866 1292 923 Vateblus
1316 865 1345 919 in
1370 883 1468 922 comm.
1488 865 1612 922 referunt
1631 865 1669 920 ed
1686 862 1803 935 angelos
1820 861 1874 917 hoe

182 965 207 1013 t.
227 957 282 1012 Per
310 963 420 1010 sanctos
447 956 492 1010 hic
519 973 574 1010 non
601 953 795 1024 intelliguntur
823 951 933 1022 anpcli,
964 947 1014 1002 sed
1039 968 1137 1007 sensu:
1174 954 1250 1008 Voce
1274 952 1440 1022 anpeiorum
1464 952 1589 1021 aliquem
1613 958 1640 1004 et
1660 967 1722 1004 enm
1740 949 1876 1016 inclama,

179 1044 318 1114 homines,
336 1048 368 1096 ut
385 1048 463 1112 patet
480 1058 513 1096 ex
533 1042 642 1112 integro
659 1044 803 1107 contextu,
838 1045 867 1092 et
887 1033 1014 1090 concedit
1040 1056 1079 1091 on
1099 1054 1165 1092 nero
1183 1054 1280 1093 eorum
1295 1038 1339 1092 vel
1360 1037 1490 1091 minimus
1508 1035 1761 1106 titireepondehit‚
1781 1042 1808 1088 te
1824 1049 1876 1088 auo

179 1127 281 1181 Eooius
297 1127 326 1180 in
345 1126 446 1183 enchir.
465 1146 491 1197 p.
510 1132 566 1182 145.
609 1126 668 1183 Nec
685 1129 777 1195 potest
797 1138 830 1176 ex
857 1139 881 1178 o.
908 1126 948 1176 15.
967 1119 1013 1174 de·
1039 1140 1166 1178 sermone
1194 1130 1221 1178 et
1244 1123 1374 1193 alloquio
1399 1123 1583 1192 diunabe'turi
1610 1122 1720 1176 nullum
1744 1135 1815 1174 eane
1831 1136 1876 1174 re·

181 1213 342 1277 monstrari,
372 1213 446 1283 quod
473 1212 566 1283 angeli
592 1218 750 1267 sanctorum
775 1208 889 1264 nomine
905 1221 1014 1275 semper
1037 1211 1139 1279 perier.
1197 1210 1281 1264 Vides
1309 1217 1445 1278 wantum
1473 1227 1493 1263 a
1519 1211 1584 1263 Deo
1615 1207 1715 1274 distes,
1748 1224 1811 1261 oum
1839 1220 1876 1259 ne

179 1298 386 1370 intelligantur,
414 1315 477 1353 cum
503 1303 531 1353 et
559 1297 652 1367 angeli
676 1302 707 1351 et
736 1295 861 1350 homines
885 1293 1013 1346 dicantur
1039 1295 1138 1364 ampeli
1158 1295 1272 1364 quidem
1299 1297 1363 1349 Deo
1388 1296 1471 1364 lonqe
1498 1296 1653 1364 inferiores
1675 1300 1702 1348 te
1719 1291 1877 1348 ailomduri

180 1384 277 1439 sancti.
322 1384 386 1439 Jam
414 1400 479 1439 vero
505 1383 633 1438 concedit
649 1382 708 1452 ipse
728 1379 912 1436 Bellarminus
929 1376 958 1431 in
977 1376 1012 1433 V.
1039 1381 1108 1451 sint,
1138 1381 1166 1434 ei
1195 1383 1237 1435 ad
1266 1396 1314 1435 eor
1332 1380 1452 1450 clames,
1482 1381 1517 1434 ob
1537 1380 1712 1447 distantiam,
1742 1393 1816 1449 quae
1833 1385 1875 1431 eet

144 1499 148 1507 ·
179 1470 212 1525 T.
245 1470 448 1525 invocationem
479 1473 636 1524 sanctorum
667 1482 723 1522 non
752 1467 839 1521 tuisse
871 1464 1011 1519 usitatam.
1040 1467 1112 1520 inter
1141 1473 1169 1521 te
1196 1474 1223 1519 et
1250 1466 1325 1521 utos.
1360 1465 1404 1521 Ne
1430 1465 1493 1538 qais
1516 1482 1582 1521 raro
1605 1482 1639 1520 ex
1658 1480 1692 1520 eo
1715 1463 1876 1536 religiosam

179 1554 255 1626 Ergo
292 1556 390 1610 eadem
425 1555 478 1610 hoc
512 1556 574 1609 loco
609 1553 721 1624 probari
757 1550 869 1606 minime
905 1547 1013 1618 poterit
1039 1551 1202 1622 angelorum
1219 1552 1266 1607 vel
1282 1559 1440 1607 sanatorum
1458 1550 1653 1607 defunctorum
1672 1549 1875 1605 invocationem

181 1647 204 1696 5.
226 1641 343 1711 Eliphaa
357 1641 520 1695 Thamnites
539 1656 596 1694 nou
615 1637 777 1708 suppeditat
794 1635 868 1692 Jobo
892 1634 1012 1690 salutare
1039 1636 1162 1708 colligat,
1181 1637 1328 1708 subjungit
1345 1637 1502 1691 Mercerus:
1530 1635 1614 1699 Quod
1632 1637 1750 1705 ρυίἀαπι
1766 1642 1876 1689 nostro·

27 1731 103 1776 mit
119 1731 166 1775 ²⁰8·
179 1727 339 1794 consilium,
370 1725 509 1796 quomodo
533 1725 622 1796 possit
645 1722 775 1794 precibus
798 1721 835 1776 ed
854 1721 945 1776 Deum
969 1722 1012 1774 vel
1038 1742 1109 1792 rum,
1131 1725 1252 1778 Thomas
1271 1725 1403 1793 Aquinas
1427 1731 1453 1777 et
1471 1723 1701 1791 annonantur
1723 1722 1817 1776 locum
1833 1722 1876 1774 ad

181 1819 291 1867 sanctos
310 1811 423 1866 directis
441 1809 532 1865 crucis
549 1827 617 1865 suae
635 1809 836 1881 mitigationem
855 1807 1012 1876 impetrare,
1038 1819 1199 1865 sanctornm
1216 1818 1388 1864 mortuorum
1405 1810 1628 1884 invocationem,
1660 1825 1746 1878 quam
1767 1815 1874 1860 netem

179 1899 228 1953 sed
254 1897 354 1952 acerbe
380 1896 473 1966 potius
500 1913 563 1951 eum
589 1895 755 1960 insectatur,
784 1893 899 1949 insultat
924 1892 1012 1962 ipsius
1038 1912 1073 1950 ne
1097 1903 1270 1966 apnooerunt
1295 1897 1421 1965 quidem
1458 1899 1601 1966 reserent,
1640 1893 1725 1966 arraei
1748 1895 1875 1948 torum

180 1983 387 2039 calamitatibus
407 1987 436 2036 et
454 1998 486 2037 ex
500 1982 555 2037 iilis
567 1982 756 2037 demonstrare
769 1985 892 2048 conatur,
908 1977 1012 2034 Jobum
1039 1982 1163 2051 Elipiaz
1181 1982 1298 2052 Jobnm,
1324 1989 1356 2036 ut
1374 1982 1406 2036 in
1425 1983 1479 2036 hac
1494 1981 1654 2050 afflictione
1672 1995 1733 2034 sese
1751 1982 1793 2032 ad
1808 1996 1874 2032 ean·

180 2086 236 2124 non
262 2086 323 2124 esse
340 2075 467 2123 sanetum
484 2084 537 2123 neo
553 2067 614 2123 Deo
638 2073 754 2138 gratum.
803 2071 827 2122 6.
847 2065 876 2121 Si
896 2064 932 2119 de
951 2079 1012 2117 san·
1038 2076 1097 2122 etos
1115 2076 1272 2138 canumet,
1295 2075 1326 2122 ut
1343 2068 1373 2122 ei
1386 2085 1467 2137 opem
1484 2068 1598 2136 ferant,
1616 2083 1722 2120 merum
1739 2064 1875 2120 delirium

179 2164 285 2211 ctorem
304 2155 478 2210 invocatione
497 2152 613 2224 Eliphaa
635 2155 807 2223 loqueretur,
839 2149 935 2205 inferri
952 2166 1014 2220 pos·
1040 2161 1093 2222 eet,
1122 2172 1184 2208 cnm
1214 2172 1293 2210 nemo
1319 2173 1375 2210 non
1401 2155 1511 2221 uideat,
1542 2154 1587 2207 hic
1614 2151 1740 2207 ironiam
1757 2168 1831 2217 esse,
1848 2158 1875 2205 et

181 2250 224 2297 set
250 2260 283 2296 ex
309 2241 351 2294 his
369 2241 474 2304 verbis,
507 2240 590 2294 etiam
606 2238 731 2293 viventes
757 2244 866 2292 sanctos
885 2234 1013 2304 religiose
1039 2257 1149 2310 quoquo
1173 2242 1257 2295 niodo
1282 2241 1442 2310 inteliipae,
1471 2257 1503 2293 eo
1529 2238 1675 2309 applicari
1699 2256 1756 2291 non
1781 2253 1875 2306 poree.

178 2326 303 2382 invocari
329 2342 422 2397 posse,
454 2325 521 2396 quia
538 2323 656 2394 Eliphaa
679 2324 708 2377 in
732 2339 834 2393 genere
859 2322 942 2390 dicit,
973 2323 1014 2373 ad
1043 2331 1081 2380 13.
1113 2324 1265 2396 Augustini
1288 2323 1545 2395 interpretationem
1569 2324 1625 2380 fide
1655 2322 1793 2380 Jeeuitica
1808 2320 1874 2377 Bai·

179 2432 259 2483 qnem
293 2421 453 2468 sanctorum
480 2411 636 2481 respicies!
671 2409 737 2464 Jam
755 2425 819 2464 vero
844 2407 1013 2463 ostendimus
1039 2412 1171 2466 terminus
1200 2411 1312 2482 allegat
1362 2410 1435 2466 Nam
1469 2410 1544 2480 apud
1579 2409 1769 2480 Augustinum
1805 2407 1876 2463 haee

180 2498 316 2569 superine,
334 2497 395 2568 pios
414 2497 442 2551 in
462 2496 597 2551 histerris
611 2497 737 2549 viventes
754 2509 810 2550 non
826 2493 916 2548 minus
929 2509 1012 2564 qnam
1040 2497 1175 2552 duntaxat
1190 2496 1444 2552 habentnrverba:
1462 2497 1569 2550 Inooca
1585 2503 1686 2563 auum,
1704 2496 1732 2549 ei
1747 2494 1812 2564 qun
1823 2493 1876 2547 tibi

179 2584 326 2638 defunctos
351 2581 475 2637 incaelo
505 2588 653 2652 regnantes
677 2586 837 2635 sanctorum
853 2579 965 2634 nomine
985 2578 1013 2632 in
1038 2585 1215 2652 respondeat,
1234 2583 1295 2637 silai
1312 2590 1405 2635 anum
1416 2582 1609 2649 respondetur.
1630 2581 1681 2650 qui
1690 2588 1755 2634 suist
1769 2581 1873 2634 mimda

180 2668 331 2739 scripturis
354 2667 497 2738 appellari.
537 2673 560 2724 t.
585 2667 614 2722 Si
638 2667 673 2722 de
698 2665 859 2737 angelornm
881 2664 926 2720 vel
951 2681 1013 2719 san·
1038 2671 1135 2737 corde,
1167 2686 1239 2741 quae
1254 2669 1340 2724 rerba
1360 2685 1416 2722 non
1436 2667 1470 2722 de
1489 2673 1663 2736 sanctorum,
1696 2666 1747 2722 sed
1766 2666 1802 2721 de
1819 2665 1874 2722 Dei

178 2762 284 2811 ntorum
303 2754 497 2808 defunctorum
516 2753 691 2808 invocatione
708 2751 826 2822 Eliphaz
846 2752 1013 2822 loqueretur,
1039 2755 1211 2811 invocatione
1235 2761 1343 2811 nonant,
1391 2753 1463 2808 Nam
1485 2754 1514 2806 in
1538 2752 1624 2822 priori
1649 2752 1772 2807 membro
1789 2752 1875 2807 versi·

178 2857 350 2912 consequens
370 2845 457 2908 esset,
488 2856 535 2894 eos
560 2839 665 2893 frustra
689 2845 718 2894 et
741 2837 801 2892 sine
818 2836 920 2891 effectu
936 2836 1012 2891 invo-
1037 2841 1107 2909 onii,
1142 2840 1189 2895 nbi
1211 2847 1255 2896 est
1274 2839 1389 2894 verbum
1409 2840 1497 2912 κῃ,
1529 2839 1603 2909 quod
1615 2838 1791 2907 Augustinus
1809 2838 1875 2893 licet

178 2927 251 2991 cari,
280 2926 347 2997 quia
375 2926 481 2981 scilicet
512 2943 568 2980 non
600 2925 718 2979 audiunt
750 2941 801 2978 neo
833 2923 1010 2992 respondent.
1038 2943 1136 2997 parum
1151 2932 1230 2996 apte,
1263 2943 1312 2994 per
1329 2926 1481 2979 innocendi
1497 2924 1613 2979 verbum
1632 2924 1769 2994 reddidit,
1796 2923 1874 2979 nulla

178 3019 203 3072 8.
221 3012 337 3082 Eliphaa
362 3013 487 3081 exemplo
509 3028 559 3066 suo
583 3011 718 3079 ostendit,
748 3027 803 3064 non
826 3009 940 3080 angelos
959 3024 1011 3062 nee
1037 3013 1070 3067 fit
1087 3021 1244 3067 sanctorum
1263 3011 1373 3068 mentio.
1418 3011 1500 3065 Adde
1518 3011 1592 3081 quod
1617 3011 1678 3080 ipse
1697 3011 1873 3083 Augustinus
1886 3017 1965 3061 xuu
1978 3018 2000 3061 tr

178 3105 288 3152 sanctos
312 3096 471 3162 defunctos,
502 3096 551 3151 sed
575 3096 664 3150 eolm
688 3094 779 3149 Deum
798 3111 858 3149 ease
881 3095 1010 3149 invocan·
1037 3098 1261 3154 annotationibus
1289 3097 1345 3151 illie
1376 3114 1433 3152 non
1461 3097 1578 3152 muitum
1607 3097 1714 3152 tribuat
1746 3097 1818 3152 libro
1847 3102 1871 3153 ι

178 3184 258 3252 dum,
288 3183 356 3237 dicit
379 3181 451 3236 enim
476 3200 503 3236 v.
530 3186 560 3236 8:
596 3182 782 3235 Veruntamen
805 3196 857 3249 epo
876 3195 1010 3248 quamam
1036 3192 1145 3240 ternant,
1165 3201 1188 3240 n
1211 3189 1250 3239 13,

178 3272 271 3324 Deum
289 3277 314 3322 et
334 3270 375 3320 ad
393 3269 486 3320 Deum
499 3283 607 3335 ponam
624 3266 765 3335 eloquium
783 3281 887 3332 mecm,
910 3265 944 3318 id
970 3273 1010 3318 eu
1072 3276 1130 3326 453.
1166 3275 1192 3326 3.
1221 3268 1286 3325 Job.
1319 3274 1363 3325 19:
1396 3268 1576 3322 Miseremini
1609 3268 1665 3321 met
1694 3267 1782 3321 amici
1810 3268 1971 3323 masse.
1986 3282 2000 3322 n

177 3354 201 3408 si
229 3372 281 3425 ego
307 3353 376 3409 talia
404 3360 526 3422 paterer,
555 3351 591 3405 ad
611 3350 701 3405 Deum
730 3366 774 3405 me
790 3349 919 3421 precihus
947 3366 1010 3427 con·
1039 3359 1101 3411 Hnn
1126 3358 1300 3425 Arrqmtinns
1323 3357 1365 3409 ad
1396 3355 1514 3424 anprloe
1538 3355 1598 3408 dici
1622 3354 1769 3408 murima.
1817 3353 1871 3408 Be·
1884 3333 2000 3425 mim:

178 3447 323 3496 verterem.
362 3445 386 3495 9.
405 3438 435 3493 Si
453 3437 497 3492 vel
516 3438 634 3491 maxime
653 3436 771 3507 Eliphae
795 3446 953 3491 sanctorum
971 3435 1011 3489 in·
1037 3443 1219 3514 spondemus:
1255 3452 1275 3496 t.
1304 3440 1333 3495 in
1360 3447 1419 3496 toto
1445 3441 1493 3496 illo
1519 3440 1611 3510 capite
1636 3456 1691 3494 non
1718 3439 1750 3495 fit
1768 3438 1871 3494 mentio
1885 3438 1938 3477 ⁰¹0¹·

178 3528 351 3581 vocationem
370 3524 477 3579 consilii
496 3539 582 3577 eausa
598 3521 671 3578 Jobo
689 3529 873 3592 proponeret,
888 3522 1009 3576 nondum
1038 3529 1198 3600 angelornm
1229 3527 1273 3583 vel
1303 3534 1460 3582 sanctornm
1490 3527 1697 3594 defunctorum,
1728 3525 1777 3581 „d
1807 3541 1872 3580 con·

178 3617 272 3667 tamen
308 3615 484 3680 sequeretur,
520 3624 581 3662 0⁰⁸¹
618 3624 678 3662 0⁸⁸0
712 3607 899 3678 probandam,
946 3608 1012 3676 quit
1038 3615 1162 3686 queritur
1181 3612 1279 3680 iebus,
1298 3629 1327 3667 se
1346 3630 1364 3667 a
1381 3612 1540 3668 domesticis
1557 3612 1689 3682 proximis
1707 3611 1872 3666 derelictum

176 3697 305 3766 nuspiam
332 3694 448 3764 legitur,
482 3694 557 3765 quod
583 3693 673 3748 iebus
699 3693 764 3748 huic
793 3693 906 3748 consilio
927 3692 1012 3746 luerit
1038 3708 1066 3755 nt
1096 3700 1236 3771 neglectui
1268 3699 1412 3763 habitum,
1449 3715 1483 3754 gn
1511 3697 1667 3769 prorumpit
1693 3697 1807 3752 undem
1841 3698 1872 3752 in

177 3783 333 3836 obsecutus.
362 3785 401 3835 1⁰.
420 3779 493 3843 Quin
514 3780 568 3833 imo
587 3796 621 3833 ex
641 3779 733 3832 verbis
758 3778 870 3833 Domini
882 3778 945 3835 lob.
963 3781 1010 3846 li,
1037 3787 1204 3856 pathetinnm
1222 3786 1298 3839 illam
1317 3786 1468 3855 querelam,
1488 3785 1669 3851 miseremini,
1699 3785 1873 3838 misni-nmini

175 3883 201 3922 ν.
238 3874 268 3923 l:
304 3864 388 3918 Dedit
425 3865 566 3918 Hortinae
597 3865 639 3918 ud
669 3865 793 3935 Elipiaz
820 3864 1010 3931 Thtmauitem
1037 3873 1123 3926 enrici
1150 3873 1218 3935 mei,
1248 3871 1342 3926 idest
1370 3877 1517 3942 postquam
1541 3887 1602 3924 sum
1627 3886 1645 3924 a
1668 3868 1767 3924 ceteris
1791 3870 1870 3924 dere·

176 3953 274 4006 Iratus
306 3959 347 4004 ert
375 3952 460 4012 furor
488 3966 564 4003 mm
591 3951 620 4002 in
648 3959 674 4004 ²⁶
701 3959 728 4004 et
756 3951 786 4004 ὑὶ
811 3953 884 4004 dwt
906 3950 1010 4004 amicot
1037 3958 1132 4028 lictus,
1166 3973 1215 4012 voe
1237 3956 1285 4027 qui
1310 3956 1378 4010 mihi
1401 3957 1486 4011 olium
1516 3955 1583 4010 socii
1606 3962 1635 4011 et
1663 3954 1747 4010 amici
1768 3954 1872 4024 fuistis,

175 4044 252 4104 ²¹⁴0&
284 4036 417 4104 dumam
443 4052 498 4088 '⁸⁰¹¹
525 4036 592 4088 θ’θ’)
611 4035 701 4088 l⁰⁶¹⁴⁶⁶⁸
715 4053 811 4090 ⁶⁰er
835 4052 878 4089 Μ
897 4045 1009 4101 mlum,
1036 4044 1119 4099 etiam
1139 4043 1192 4098 hoc
1209 4049 1334 4113 tempore
1353 4043 1461 4098 sincero
1478 4040 1677 4111 compassionis
1696 4039 1801 4096 affeetu
1819 4059 1871 4097 vos

175 4124 246 4176 sient
271 4139 368 4175 rervm
393 4137 469 4174 mm
487 4121 553 4177 J0b·
589 4139 616 4175 v·
637 4127 660 4177 8.
711 4121 817 4175 Sumite
843 4138 911 4192 erqo
931 4122 1009 4175 vobis
1036 4129 1139 4184 amicos
1155 4127 1293 4195 exhibete,
1311 4143 1363 4183 nec
1382 4127 1515 4182 deseratis
1535 4142 1579 4182 me
1598 4126 1628 4179 in
1650 4126 1735 4181 rebus
1752 4127 1871 4183 maxime

175 4215 277 4276 euplum
301 4215 400 4260 interut
424 4215 450 4260 ei
476 4216 580 4276 sepiem
602 4209 707 4261 arl'tiet
732 4216 758 4262 ei
780 4210 818 4261 t'io
843 4211 884 4261 ad
901 4226 1009 4261 eentum
1036 4214 1167 4272 adversis,
1206 4220 1230 4270 2,
1251 4214 1416 4285 Respondet
1431 4213 1521 4268 Jobu.
1540 4213 1569 4267 in
1588 4213 1640 4269 hoc
1657 4215 1750 4283 capite
1767 4213 1835 4282 illie,
1852 4230 1872 4268 ι

176 4310 264 4345 meum
281 4293 338 4345 Job
360 4301 384 4344 et
403 4295 501 4363 offerte
519 4293 711 4348 holocaustum
728 4294 885 4363 proretis,
904 4302 934 4346 nt
946 4311 1009 4363 peo-
1036 4301 1137 4371 quibus
1155 4300 1246 4355 iuerat
1264 4306 1420 4368 moueatur,
1440 4306 1472 4354 ut
1488 4304 1566 4370 patet
1586 4315 1619 4353 ex
1639 4317 1664 4354 v.
1687 4306 1707 4356 1.
1724 4301 1785 4370 jem
1802 4314 1870 4354 vero

177 4386 268 4433 ratum
285 4385 393 4431 vestrae
411 4380 548 4432 stultitiae
567 4396 600 4431 ac
621 4380 800 4447 temeritatis,
827 4380 904 4448 quod
920 4380 1009 4459 melta
1036 4386 1064 4440 in
1082 4386 1314 4457 praecedentibus
1341 4386 1480 4457 capitibus
1503 4394 1650 4440 ncnnnntnn
1668 4385 1760 4441 fuer-nt
1778 4402 1795 4440 n
1813 4386 1872 4440 nnis

175 4481 293 4518 morea
309 4481 344 4517 ac
353 4465 442 4529 salsa
457 4465 639 4533 protuleritis
665 4481 700 4517 aa
717 4464 792 4518 Jobo
811 4464 842 4516 in
861 4465 1008 4518 calamita·
1036 4472 1138 4526 nminin,
1184 4472 1260 4543 Ergo
1287 4473 1370 4528 etiam
1396 4473 1451 4527 illi.
1473 4472 1622 4542 respondet
1640 4479 1669 4527 nt
1685 4489 1780 4528 eornm
1796 4489 1870 4529 enm.

174 4551 246 4604 libuit
259 4551 478 4614 insultaverint,
501 4553 578 4605 vobit
597 4551 764 4604 remittatur.
815 4551 931 4605 Frustra
947 4551 1008 4607 Bei-
1036 4557 1240 4614 miserationem
1262 4557 1400 4628 implorat,
1445 4563 1469 4613 3,
1496 4558 1529 4611 In
1548 4557 1635 4613 Hebr,
1663 4564 1706 4613 ent
1724 4559 1779 4630 ἿξἾ
1800 4558 1872 4613 ωωῗ

174 4635 308 4690 larminus
331 4637 448 4706 regerit,
481 4637 582 4705 collini
601 4637 785 4690 nihilominus
810 4653 844 4690 eo
867 4639 919 4692 hoc
936 4638 1007 4705 loco,
1026 4644 1102 4708 snei,
1132 4660 1206 4716 quae
1229 4644 1381 4714 appellatio
1399 4661 1455 4698 non
1480 4644 1610 4699 convenit
1635 4643 1741 4714 angelis
1759 4643 1805 4697 vel
1823 4642 1871 4699 de·

174 4724 401 4777 consuetudinem
443 4730 508 4775 tnnc
552 4724 685 4792 temporis
729 4723 820 4787 seim
855 4725 1008 4779 invocandi
1033 4729 1136 4783 functis
1153 4730 1270 4793 sanctis,
1304 4731 1353 4784 sed
1371 4729 1465 4784 amicis
1485 4735 1513 4785 et
1532 4731 1657 4800 cognatis
1674 4729 1702 4782 in
1720 4745 1804 4785 carne
1821 4729 1870 4784 ad-

171 4810 363 4876 patrocinium
391 4816 553 4862 sanctornm
579 4810 753 4878 onpelorum.
803 4809 908 4865 Demus
926 4812 1007 4876 enim,
1034 4813 1088 4868 huc
1107 4813 1272 4872 viventibus.
1309 4815 1464 4870 Descendit
1482 4814 1556 4869 enim
1575 4832 1592 4869 a
1609 4815 1669 4869 rad.
1688 4816 1755 4866 tw't
1778 4816 1870 4884 poert,

173 4894 259 4950 luisse
271 4895 582 4961 consuetudinem,nnm
596 4894 1007 4966 proptereaiueritprobanda‘l
1033 4899 1149 4969 proinde
1167 4899 1234 4973 ''¹¹37-
1257 4902 1368 4971 proprie
1395 4899 1537 4970 significat
1561 4902 1665 4955 socium
1683 4900 1871 4970 familiarem,

173 4982 345 5036 consuetudo
366 4981 426 5036 sino
450 4981 504 5036 Dei
530 4982 660 5036 mandato
684 4988 713 5037 et
738 4988 836 5038 contra
851 4971 906 5036 Dei
929 5000 1006 5037 man·
1032 4985 1205 5055 proximum,
1238 4986 1290 5055 qui
1310 4985 1395 5040 sirini
1410 4986 1542 5055 parcitur
1559 5002 1594 5039 ac
1622 4986 1775 5055 emuritur,
1805 5002 1871 5040 con·
1946 5027 1953 5041 .

173 5066 269 5121 datum
287 5066 446 5122 introducta
466 5072 587 5120 vetustae
604 5072 647 5121 est
666 5067 776 5122 erroris.
812 5073 852 5122 11.
868 5065 1006 5140 Hierony·
1031 5070 1171 5128 victorem.
1210 5070 1310 5143 Neque
1333 5070 1453 5126 arbitror
1471 5070 1500 5126 in
1518 5077 1579 5127 tota
1597 5070 1744 5140 Scriptura
1760 5070 1872 5142 uspiam

173 5169 233 5205 mus
263 5151 308 5207 vel
337 5152 430 5223 potins
455 5152 542 5217 Beda,
572 5159 669 5208 auctor
689 5153 947 5208 commentariorum
975 5154 1005 5209 in
1032 5155 1377 5228 deangelishancvooem
1393 5157 1531 5228 usurpari
1572 5163 1598 5214 4.
1617 5155 1709 5211 Versu
1725 5172 1785 5227 seq.
1805 5155 1871 5212 suh·

171 5236 290 5305 Jobum,
320 5237 388 5292 nihil
414 5238 449 5293 de
473 5238 650 5293 invocatione
675 5245 833 5293 sanctornm
856 5237 902 5292 hic
920 5238 1005 5309 videt,
1027 5241 1171 5312 jungitur:
1206 5242 1302 5305 Quare
1324 5243 1528 5313 persequimini
1550 5257 1594 5296 me
1625 5248 1761 5312 tanquam
1788 5244 1871 5299 Dese

171 5321 237 5378 licet
253 5323 327 5378 hune
344 5323 511 5380 versiculum
532 5322 673 5395 sigillatim
692 5323 822 5380 excutiat
860 5323 1004 5396 Olympio·
1028 5335 1157 5381 secerne
1174 5346 1237 5382 mea
1254 5346 1311 5384 non
1330 5328 1522 5383 emuramieii
1542 5327 1572 5383 id
1595 5334 1639 5384 est
1660 5343 1711 5383 eur
1736 5344 1780 5384 me
1796 5333 1870 5384 tent·

170 5408 254 5465 donae
278 5427 329 5482 per
346 5417 458 5467 sanctos
481 5410 613 5483 inteiligit
629 5409 758 5483 angelos,
786 5409 837 5467 sed
854 5411 891 5466 de
905 5429 1001 5470 eorum
1027 5429 1110 5485 opere
1142 5412 1282 5487 affligitis,
1313 5414 1393 5470 vobis
1422 5415 1498 5470 idem
1526 5413 1609 5470 licere
1634 5419 1777 5489 putantes,
1791 5412 1870 5487 qnod
