4104 6014
215 307 255 365 58
799 260 922 364 lsOCUS
941 301 1147 362 VICESIMUS
1165 301 1313 362 SEXTUS

214 460 300 511 3.12.
325 462 354 511 31
379 458 427 514 lib.
461 459 497 516 de
519 475 587 515 cura
611 468 690 520 mort.
716 479 777 533 cap.
800 469 829 517 2:
856 464 919 517 leta
944 461 1046 529 omnia,
1073 457 1166 528 sophis
1187 467 1379 517 cotemserunt
1417 460 1592 532 Augustinus
1612 460 1685 515 dieto
1713 459 1790 514 loco:
1816 460 1907 526 Saepe

215 541 248 593 id
266 550 306 596 est
330 545 440 598 curatio
457 547 575 614 fannia
594 550 719 603 condeio
737 551 908 620 repositurus,
926 565 1046 618 pompae
1072 547 1197 601 uniuersi
1205 550 1342 603 exercitus
1354 550 1421 602 dum
1429 567 1486 618 pro
1496 547 1712 616 tcrrenapatria
1721 553 1906 613 morerentur,

215 630 422 699 essequiarum,
452 635 542 702 mapis
575 643 638 687 sunt
672 637 797 690 vivorum
829 637 934 691 solatia
962 653 1046 704 quam
1071 633 1120 684 ubi
1127 642 1228 702 postea
1238 636 1373 704 jacerent,
1384 637 1428 689 uel
1440 637 1540 705 quibus
1549 634 1643 688 bestiis
1657 651 1719 686 esca
1732 634 1837 700 tierent,
1847 648 1902 686 non

214 724 384 770 mortuoram
414 719 550 775 mbsidio.
605 720 639 774 ss·
668 722 781 790 aliquid
808 723 926 791 prodest
958 721 1045 792 impio
1072 729 1216 776 curarunt.
1257 721 1419 778 Theodorus
1440 721 1598 793 Cyrenaeus
1616 722 1753 775 referente
1773 718 1905 774 Cicerone

213 802 357 870 sepultura
385 804 530 874 pretiosa,
568 807 657 860 oberit
683 813 735 875 pia
773 808 838 861 uilis
874 816 924 860 ant
957 807 1046 861 nulla.
1072 805 1121 862 lib.
1144 812 1168 863 1.
1185 807 1335 863 Τ3333133.
1352 825 1377 865 3.
1390 813 1432 864 43.
1450 806 1617 880 Lysimacho
1636 823 1746 862 crucem
1764 804 1905 860 minitanti

213 888 384 943 Praeclarus
406 893 550 960 exsequias
576 894 606 946 in
631 902 781 963 conspeetu
809 895 950 949 bominum
972 894 1045 948 ecbi-
1072 893 1227 963 respondit:
1256 895 1407 949 Terribilis
1424 896 1461 948 sit
1480 895 1547 948 baec
1561 893 1732 967 purpuratis
1749 893 1819 958 tues,
1842 908 1905 944 meu

214 973 271 1026 buit
293 986 453 1044 purpurato
479 979 527 1032 illi
561 980 646 1033 diocli
671 981 753 1034 turba
775 981 967 1049 famulorum,
995 982 1047 1033 sed
1070 980 1144 1034 nibil
1161 981 1294 1048 interest,
1312 982 1423 1035 lumine
1440 1000 1478 1035 an
1497 981 1614 1035 sublime
1629 987 1801 1049 putrescam.
1839 981 1904 1032 Θεο-

213 1061 298 1114 multo
322 1063 460 1118 clariores
485 1065 514 1118 in
538 1075 686 1137 conspectu
713 1067 831 1121 Domini
854 1068 981 1122 ulceroso
999 1067 1047 1121 illi
1071 1065 1152 1140 δώρῳ
1169 1065 1254 1122 οὐδὲν
1272 1071 1358 1137 μέλει,
1377 1067 1495 1140 πότερον
1518 1065 1585 1140 ὑπὲρ
1605 1065 1621 1134 ἢ
1640 1064 1694 1120 ὑπὸ
1714 1064 1905 1135 picciorano.

209 1149 336 1217 pauperi
353 1149 535 1204 ministeriam
561 1151 681 1206 ationis
704 1154 881 1222 anpelomm,
909 1154 959 1222 qui
984 1171 1045 1207 eum
1071 1152 1178 1207 Maroni
1204 1154 1304 1217 facilis
1327 1155 1446 1224 jussura
1473 1154 1600 1224 sepulcri
1635 1153 1726 1208 verbis
1761 1152 1901 1207 Anchisae

213 1251 267 1288 non
296 1236 451 1289 emulamini
481 1239 511 1289 in
537 1256 724 1293 marmoreum
752 1240 900 1309 mmulum,
933 1241 985 1293 seri
1014 1241 1044 1293 in
1071 1238 1180 1294 dicitur.
1217 1239 1387 1296 Maecenatis
1404 1239 1570 1296 versiculus:

213 1321 346 1374 Abrabae
363 1323 498 1390 premium
516 1325 697 1388 mstsslerunt,
717 1327 800 1395 (quae
817 1325 903 1380 verbe
919 1325 1042 1397 allegan-
1124 1360 1184 1413 ΝΜ
1203 1359 1337 1414 ,mlum
1356 1377 1434 1429 cm,

212 1413 257 1461 tur
275 1407 303 1460 iu
318 1409 382 1478 jure
405 1408 539 1464 canonico
563 1426 622 1480 cap.
644 1410 820 1467 3131333313.
846 1411 998 1482 quaestion.
1019 1417 1043 1466 2.

213 1499 241 1546 Β,
259 1510 277 1546 a
294 1492 453 1549 Lombardo
471 1503 496 1550 4,
514 1502 631 1551 ,eumq
651 1495 772 1551 diffluet,
789 1503 830 1553 45,
848 1496 929 1552 liter,
945 1495 990 1566 ρ.)
1010 1515 1043 1552 ,0
1070 1480 1243 1535 aveteribns
1273 1480 1383 1552 saepius
1409 1481 1549 1534 laudatur.
1596 1479 1726 1534 Lucanae
1754 1478 1802 1534 lib.
1823 1485 1847 1535 7,
1868 1477 1903 1533 de

214 1579 284 1634 libro
309 1580 433 1649 ejusdem
458 1582 493 1637 de
516 1582 568 1638 civ,
593 1582 647 1638 Dei
674 1600 734 1654 cap,
765 1588 810 1640 13,
839 1583 873 1638 3,·
895 1601 943 1653 00,
971 1601 1043 1652 w
1070 1567 1168 1622 occisis
1194 1568 1222 1621 in
1250 1583 1347 1638 pugna
1364 1566 1537 1636 Pharsalica,
1566 1584 1635 1637 quos
1661 1564 1765 1621 Caesar
1794 1565 1903 1621 humari

211 1668 401 1720 materiandis
419 1668 569 1722 meantibus
588 1679 654 1724 sunt
671 1672 840 1736 nomenoio,
861 1671 933 1724 aaut
954 1673 1044 1725 victua
1070 1653 1166 1719 letalis
1184 1654 1256 1708 inber
1273 1660 1366 1710 ⁰0b0¹⁸
1383 1653 1423 1708 ⁸5⁰
1440 1654 1578 1724 l⁰q¹¹lb¹¹s²

212 1761 239 1806 et
257 1754 389 1819 amictus,
417 1756 545 1822 quamne
570 1773 633 1810 cum
660 1757 744 1823 praui
766 1757 924 1827 afflictione
943 1759 1043 1823 desint,
1140 1777 1192 1830 Nil
1211 1776 1273 1844 αφ,
1290 1776 1343 1829 pm,
1362 1776 1426 1842 gra,
1443 1776 1554 1830 ΝΜ,
1574 1778 1713 1829 ,adam
1730 1775 1830 1840 wiva„

212 1857 269 1893 non
285 1841 423 1909 franpunt
442 1841 472 1892 in
491 1842 569 1894 bonis
585 1844 755 1913 perferendi
774 1843 970 1913 tolerandique
986 1845 1045 1897 uir·
1120 1861 1187 1915 ¹A„
1215 1879 1314 1929 ’'⁰9¹⁴'’
1341 1862 1420 1915 paud
1445 1862 1553 1927 rafim,-
1577 1861 1698 1930 placida
1726 1867 1831 1913 natura
1860 1877 1903 1913 re-

214 1933 311 1993 tutem,
336 1943 384 1979 nec
402 1927 600 1980 eradicantes
617 1930 712 1981 animo
723 1930 872 2000 pietatem,
899 1931 952 1983 sed
969 1946 1043 1983 eser
1283 1955 1375 2016 ceptae

214 2011 326 2065 citatam
349 2013 462 2076 faciunt
487 2014 696 2082 fecundiorem,
727 2024 831 2084 333313
865 2016 956 2085 mapis
983 2034 1044 2070 cum
1142 2036 1246 2087 symm
1264 2033 1335 2086 „qm

214 2100 314 2152 damst
337 2114 384 2166 sa,
412 2116 482 2167 quae
507 2101 644 2154 curandis
666 2102 816 2167 funeribus
837 2102 1043 2172 condendisque
1070 2135 1107 2189 E,
1124 2143 1235 2206 pom„

213 2184 378 2254 corporibus
398 2186 594 2251 defuaaorum
617 2187 749 2241 adbiberi
764 2187 866 2256 solent,
898 2206 954 2242 non
981 2190 1044 2253 effi·
1228 2176 1235 2188 ’

212 2271 288 2324 cium
306 2272 423 2325 miseros
440 2273 471 2324 in
489 2273 604 2327 33331113
621 2274 736 2342 pionem
759 2275 872 2327 sedibus
887 2275 948 2343 jam
967 2276 1044 2343 quie·

211 2358 277 2412 1331
307 2363 331 2412 5.
349 2357 386 2410 Et
403 2358 519 2427 animae,
538 2367 567 2414 et
585 2375 700 2429 corpora
710 2359 818 2429 piorum
835 2367 900 2416 sunt
917 2361 948 2414 in
959 2379 1043 2414 manu

211 2444 339 2508 Domini,
356 2443 516 2516 ubicunque
535 2445 647 2500 tandein
666 2447 843 2518 sepeliantur,
863 2447 918 2503 imo
935 2448 1041 2504 etiamsi

210 2529 342 2599 insepulti
369 2530 559 2601 projiciantur.
599 2531 774 2603 Augustinus
802 2533 865 2592 libr.
887 2540 906 2591 1.
931 2535 965 2589 de
989 2535 1040 2592 eir.
1104 2539 1145 2590 84.
1181 2535 1263 2588 Ritus
1286 2535 1449 2604 sepulturae
1474 2533 1549 2604 apud
1574 2534 1697 2589 diversos
1721 2532 1839 2603 populos
1860 2533 1900 2586 di·
1914 2549 1996 2590 atsur.

211 2614 413 2686 Deicap.12:
442 2616 538 2670 Malta
559 2634 682 2686 corpora
713 2617 936 2674 Christianorum
965 2629 1042 2676 terra
1068 2621 1140 2675 versi
1177 2637 1211 2675 ao
1247 2621 1394 2676 dissimiles
1429 2620 1549 2676 fuerunt
1605 2620 1649 2674 De
1687 2619 1899 2690 Aegyptiorum,
1913 2602 1996 2697 iffi*

210 2719 265 2755 non
285 2702 364 2767 tecit,
394 2704 445 2756 sed
469 2702 578 2756 nullum
600 2720 695 2758 eorum
717 2706 864 2775 quisquam
881 2702 1042 2762 33331331
1069 2707 1253 2776 Graecomm,
1269 2708 1456 2763 Romanorum
1475 2714 1503 2763 et
1522 2707 1638 2761 aliorum
1657 2706 1822 2777 populorum
1842 2705 1900 2759 riti·

211 2795 289 2841 terra
306 2790 464 2856 separauit,
492 2807 576 2858 quam
600 2797 686 2844 totam
703 2791 800 2860 implet
815 2795 979 2861 praesentia
997 2794 1043 2847 sui
1067 2793 1120 2848 bus
1146 2793 1278 2864 prolixius
1309 2810 1391 2866 agere
1419 2795 1506 2848 nostri
1537 2810 1593 2847 non
1624 2799 1666 2848 est
1691 2790 1819 2846 instituti.
1860 2790 1900 2844 Ex

211 2875 262 2942 qui
283 2875 372 2943 novit,
403 2878 478 2930 undc
504 2878 663 2943 resuscitet,
694 2881 771 2947 quod
803 2881 916 2934 3333311.
963 2880 1041 2936 Idem
1068 2880 1177 2936 Veteris
1206 2880 1377 2936 Testamenti
1413 2880 1528 2934 historia
1565 2879 1735 2951 colliguntur
1767 2877 1794 2931 hi
1823 2877 1900 2932 ritus.

210 2959 256 3016 lib.
277 2966 298 3015 3.
319 2961 1041 3033 3331333333.113333133333Μ33133331331,
1068 2968 1209 3021 Abrabam
1232 2969 1379 3039 conjugem
1402 2984 1480 3021 suam
1502 2967 1600 3021 Seram
1623 2982 1686 3020 cum
1711 2963 1842 3035 lacrymis
1867 2980 1900 3018 ac

211 3046 286 3118 quod
304 3047 333 3100 in
350 3048 432 3103 Italia
448 3056 594 3119 aegrotans
614 3049 727 3104 dixerit:
752 3052 836 3105 Nihil
863 3052 944 3120 lonpe
966 3062 1006 3107 est
1023 3072 1041 3107 a
1069 3053 1186 3123 planctu
1203 3052 1344 3123 sepelitin
1361 3052 1496 3123 spelunca
1509 3053 1569 3123 agri
1588 3068 1605 3106 3
1624 3050 1769 3106 liliisChet
1782 3052 1899 3114 eobmta,

212 3137 284 3202 Deo,
303 3152 390 3203 neque
409 3136 560 3191 tiasensium
577 3145 631 3202 est,
656 3155 689 3191 nc
705 3155 747 3192 me
765 3140 816 3193 ille
834 3156 890 3192 non
910 3150 1043 3208 opnossat
1069 3139 1141 3195 Gen.
1162 3145 1203 3209 23,
1222 3155 1247 3192 r.
1264 3144 1303 3196 19.
1333 3140 1459 3193 Jacobus
1476 3138 1589 3210 cippum
1607 3137 1665 3192 sive
1681 3143 1803 3192 statuam
1821 3136 1900 3207 ponit

210 3225 241 3276 in
262 3225 317 3288 fine
335 3224 430 3290 seculi,
449 3225 522 3277 unde
539 3241 581 3277 me
599 3226 755 3280 resuscitat.
784 3226 858 3281 Scite
876 3227 989 3298 quidam
1009 3244 1041 3283 ex
1069 3243 1152 3296 super
1170 3225 1326 3295 sepulcrum
1347 3225 1477 3280 Rachelis
1508 3241 1594 3294 prope
1622 3223 1829 3279 Bethlehemam
1850 3222 1899 3276 hu-

211 3307 367 3364 veteribus:
396 3310 488 3362 Nullo
513 3311 707 3379 splendidiore
730 3330 813 3381 quam
838 3314 911 3368 coeli
930 3315 1044 3369 conrasi
1070 3317 1174 3375 malae,
1193 3309 1293 3367 Genes-
1313 3318 1359 3379 35,
1380 3328 1405 3366 v.
1426 3316 1467 3367 20.
1503 3310 1644 3380 Joeeplsus
1662 3309 1798 3380 praecipit
1815 3309 1901 3362 servis

212 3412 324 3449 cassera
343 3396 475 3449 concludi
494 3405 614 3465 possunt
626 3399 740 3466 piorum
758 3415 889 3470 corpora.
925 3399 1043 3471 Chryso·
1070 3399 1128 3453 suis
1158 3397 1286 3467 medicis,
1321 3404 1353 3451 ut
1389 3403 1475 3467 (more
1503 3395 1720 3467 Aegyptiorum)
1754 3397 1902 3449 condirent

213 3486 317 3537 atomus
336 3483 364 3536 in
383 3482 491 3552 epistol.
510 3483 546 3537 ad
564 3483 717 3552 Hebraeos,
735 3489 764 3538 et
782 3484 884 3538 citatur
902 3502 963 3556 cap.
982 3486 1043 3541 ubi·
1070 3485 1242 3540 aromatibus
1262 3492 1376 3553 patrem
1398 3503 1477 3538 saum
1492 3485 1632 3537 Jacobum
1656 3484 1686 3536 in
1710 3487 1833 3554 Aepppto
1855 3485 1902 3536 de·

213 3586 322 3639 cunque
338 3575 377 3624 13.
393 3577 497 3640 quaest.
511 3575 542 3624 2:
560 3570 907 3640 Ubicunquesepeliamur,
927 3573 1047 3627 Domini
1069 3574 1212 3637 functum.
1241 3570 1339 3626 indicit
1366 3569 1524 3642 provinciae
1551 3570 1656 3623 luctum
1684 3568 1828 3638 publicum
1853 3586 1903 3638 par

213 3664 347 3710 aeterra
366 3664 391 3711 et
410 3657 560 3725 plenitudo
578 3658 651 3726 ejas,
675 3659 826 3711 secundum
843 3659 920 3727 priori
936 3668 1044 3726 oportet
1071 3657 1131 3712 diss
1163 3657 1342 3729 septuaginta
1370 3673 1404 3711 ac
1435 3655 1572 3711 demortui
1605 3672 1705 3725 corpus
1736 3653 1764 3707 in
1800 3662 1901 3709 terram

213 3743 289 3809 fieri,
320 3743 473 3807 efficiatur,
519 3745 544 3797 6.
572 3743 660 3796 Nullo
688 3746 771 3797 modo
798 3745 905 3798 diceret
936 3743 1044 3797 Veritas
1070 3744 1185 3799 Canaan
1207 3742 1357 3798 honorifice
1382 3743 1504 3797 delatum
1536 3740 1670 3811 sepulcris
1694 3741 1830 3811 majorum
1860 3741 1900 3796 in·

212 3827 310 3884 Matth.
339 3835 385 3896 10,
415 3846 440 3883 v.
470 3834 510 3884 28.
544 3828 628 3882 nolite
656 3829 753 3881 timere
782 3845 841 3894 eos,
871 3830 921 3899 qui
942 3848 1044 3902 eorpus
1070 3830 1132 3897 fert,
1150 3829 1271 3900 parentis
1291 3827 1428 3883 voluntati
1447 3827 1582 3882 hacinre
1599 3826 1757 3896 obsecutus,
1776 3825 1847 3881 Gen.
1860 3833 1902 3894 511,

212 3916 354 3983 condiunt,
381 3916 506 3968 animam
525 3922 617 3967 autem
635 3932 691 3967 non
712 3923 832 3986 possunt
851 3916 990 3982 occidere,
1017 3918 1045 3970 si
1070 3936 1095 3972 v.
1117 3923 1140 3973 2.
1184 3916 1303 3984 Moysen
1328 3913 1378 3967 filii
1407 3913 1493 3969 Israel
1524 3913 1641 3984 triginta
1671 3911 1769 3968 diebus
1800 3911 1903 3968 deflent

213 4001 366 4072 quidquam
383 4002 488 4054 obesset
503 4001 621 4066 suturae
637 4001 718 4067 uitae,
739 4001 879 4069 quidquid
890 4003 998 4056 inimici
1010 4005 1044 4056 cle
1071 4004 1183 4059 Denter.
1202 4007 1243 4066 31,
1260 4018 1284 4056 v.
1303 4005 1327 4057 8.
1372 3999 1474 4054 David
1491 3999 1520 4053 in
1538 3999 1643 4054 obitum
1663 3998 1755 4055 Saulis
1770 4005 1799 4053 et
1817 3999 1901 4054 lona·

1450 1359 1550 1428 sepelit
1568 1367 1673 1412 natura
1690 1360 1813 1428 relictos,

1210 2240 1295 2309 Capit
1314 2239 1408 2293 omnia
1426 2238 1517 2301 lellus,

1141 2326 1344 2395 1133393331,
1367 2324 1444 2379 coelo
1471 2323 1589 2394 lapibus,
1612 2324 1663 2393 qui
1681 2341 1737 2378 non
1755 2325 1838 2378 babel
1855 2342 1900 2377 ur

1276 2431 1352 2467 nam.

213 4088 375 4157 corporibus
392 4087 543 4142 ceruorum
553 4089 652 4152 facere
670 4096 878 4154 commearunt,
895 4089 952 4141 nisi
968 4091 1043 4154 forte
1069 4090 1134 4145 thae
1159 4088 1303 4161 epicedion
1330 4086 1427 4142 scribit
1461 4092 1485 4143 2.
1510 4086 1630 4142 Samuel.
1659 4094 1688 4150 1,
1715 4074 1805 4141 317.
1859 4085 1902 4139 De

213 4175 352 4246 quispiam
379 4176 420 4228 sic
441 4176 581 4229 absurdus
598 4183 651 4237 est,
669 4182 699 4226 ut
724 4176 883 4243 commodat,
909 4192 969 4237 eos,
995 4175 1045 4244 qui
1069 4176 1166 4231 funere
1193 4174 1267 4246 regis
1295 4175 1372 4227 Asse
1403 4172 1505 4227 dicitur
1536 4179 1560 4228 2.
1587 4170 1709 4241 Paralip.
1736 4177 1781 4236 16,
1808 4191 1835 4228 v.
1862 4177 1900 4226 14.

212 4279 314 4330 corpus
335 4263 472 4329 cendunt,
490 4280 546 4315 aon
563 4261 662 4325 debere
677 4259 768 4313 timeri
787 4268 851 4314 ante
868 4269 991 4325 mortem,
1009 4278 1043 4315 ne
1070 4262 1144 4333 quod
1173 4261 1320 4331 posuerint
1347 4277 1408 4313 sum
1433 4277 1518 4328 super
1552 4260 1652 4312 lectum
1680 4275 1759 4310 suam
1784 4260 1900 4328 plenum

212 4365 314 4419 corpus
332 4351 477 4418 occidant,
502 4358 527 4402 el
546 4350 639 4403 timeri
655 4349 756 4402 debere
769 4356 835 4417 post
853 4357 981 4416 aeonem,
1007 4365 1041 4402 ne
1070 4349 1241 4403 aromatibus
1259 4355 1286 4401 et
1305 4345 1500 4400 materialibus
1524 4345 1606 4409 aliis,
1640 4362 1711 4414 quae
1736 4353 1816 4398 erant
1835 4345 1899 4413 pip-

214 4437 445 4504 corpusoccisum
460 4435 579 4505 sepeliri
589 4453 643 4489 non
655 4435 758 4503 sinant,
776 4434 950 4505 Augustinus
968 4434 1042 4490 dicto
1070 4436 1270 4491 mentoriorum
1293 4443 1354 4487 arte
1373 4436 1517 4499 confecta,
1539 4438 1567 4484 et
1591 4430 1798 4484 combusserunt
1816 4448 1901 4500 super

213 4521 281 4577 loco.
316 4528 339 4577 7.
360 4521 527 4576 Sanctorum
546 4540 620 4576 mors
638 4536 747 4592 semper
772 4521 800 4574 in
818 4528 964 4592 conspectu
984 4523 1043 4576 Do·
1071 4541 1131 4577 eum
1155 4521 1341 4575 combustione
1359 4520 1454 4572 nimia.
1496 4516 1610 4570 Josiarn
1628 4533 1726 4587 regem
1744 4517 1823 4589 luget
1840 4516 1900 4569 nni·

213 4608 283 4661 mini
307 4607 432 4676 pretiosa
462 4607 565 4662 Psalm.
593 4613 653 4672 116,
681 4626 705 4664 v.
735 4613 773 4662 15.
801 4606 926 4677 quamvis
949 4623 1043 4662 eorum
1071 4625 1166 4663 versus
1203 4607 1324 4678 populus
1363 4604 1440 4660 luda
1484 4610 1512 4658 et
1551 4603 1725 4666 Jerusalem,
1765 4601 1901 4658 ieremias

214 4693 357 4765 sepultura
379 4693 547 4765 quandoque
570 4693 761 4765 ignominiosa
802 4692 913 4748 Dicitur
932 4694 1044 4765 quidem
1072 4694 1197 4757 maxime
1217 4698 1246 4746 et
1263 4710 1356 4747 omnes
1370 4696 1495 4745 cantores
1514 4695 1597 4760 atque
1614 4689 1781 4744 cantatrices
1799 4689 1902 4743 lamen·

213 4782 242 4835 in
260 4781 362 4835 Psalm.
382 4786 428 4848 73,
452 4799 477 4836 v.
497 4785 525 4835 2:
554 4781 712 4835 Posaerunt
736 4783 878 4833 cadauera
902 4797 1044 4835 servorum
1072 4780 1223 4836 tationibus
1243 4795 1277 4832 ac
1294 4776 1457 4832 funebribus
1482 4776 1579 4847 elegiis
1605 4777 1665 4847 ejus
1685 4776 1790 4830 obitum
1809 4774 1901 4844 deplo-

214 4878 323 4922 tuorum
342 4885 433 4921 escam
459 4865 620 4921 volatilibus
636 4867 719 4931 coeli,
749 4884 862 4920 caruem
886 4876 1046 4920 sanctornm
1071 4872 1168 4921 rerunt
1186 4871 1208 4918 2.
1228 4863 1318 4917 Paral.
1341 4869 1388 4931 35,
1406 4880 1432 4918 v.
1453 4866 1494 4917 25.
1530 4861 1603 4917 Sunt
1621 4863 1669 4933 qui
1690 4861 1855 4928 existimant,
1873 4861 1902 4914 in

214 4966 322 5012 tuorum
345 4955 437 5008 beatiss
461 4962 568 5022 terrae;
593 4969 619 5007 v.
648 4959 672 5009 3.
699 4955 856 5022 effuderunt
881 4954 1045 5022 sanquinem
1070 4952 1162 5008 verbis
1181 4950 1349 5022 propheticis
1367 4948 1467 5003 Esaiae
1488 4955 1528 5012 57,
1547 4967 1571 5001 v.
1597 4957 1623 5003 t:
1644 4949 1746 5001 Justus
1760 4949 1850 5017 perit,
1876 4955 1902 5001 et

93 5040 202 5092 mist.
215 5059 311 5096 eorum
326 5049 461 5109 tanquam
480 5057 595 5109 aquam,
616 5049 642 5092 et
663 5058 719 5092 non
737 5049 812 5105 erat,
839 5040 890 5108 qui
906 5040 1045 5108 sepeliret,
1072 5059 1127 5093 aon
1146 5046 1197 5106 est,
1215 5037 1265 5106 qui
1273 5036 1407 5103 recepitet
1423 5042 1476 5090 etc.
1508 5033 1626 5089 describi
1645 5033 1805 5088 concionem
1823 5033 1902 5089 lune·

214 5129 264 5184 sed
290 5128 379 5198 magis
403 5128 439 5182 ad
464 5126 687 5198 exaggerandam
713 5123 904 5180 crudelitatem
922 5125 1045 5195 istorum,
1073 5127 1164 5193 brem,
1193 5140 1276 5196 quam
1308 5121 1405 5177 Esaias
1436 5121 1495 5192 regi
1526 5118 1663 5175 Ezechias
1694 5118 1739 5189 pie
1769 5120 1901 5176 defuncto

215 5216 264 5287 qui
282 5232 315 5270 ea
338 5214 476 5283 fecerunt,
500 5229 583 5284 qnam
601 5211 637 5266 sd
657 5227 750 5265 eorum
769 5210 972 5279 infelicitatem,
999 5211 1047 5283 qui
1072 5210 1211 5278 habuerit,
1231 5226 1294 5262 cum
1312 5209 1340 5262 in
1357 5207 1485 5263 Hebraeo
1505 5208 1640 5262 habeatur
1666 5207 1690 5253 17
1710 5205 1900 5260 demonstrati·

215 5302 270 5357 ista
288 5301 413 5372 perpessi
431 5305 503 5354 sunt.
523 5297 655 5362 Quamvis
670 5295 742 5350 enim
761 5296 829 5352 haec
847 5297 876 5351 in
896 5306 1045 5368 conspectu
1072 5316 1145 5351 vum.
1171 5296 1245 5350 Ecce
1261 5297 1377 5369 ΡἻὲξπ,
1392 5294 1441 5347 ille
1453 5294 1553 5362 justos,
1561 5293 1646 5360 perit,
1659 5308 1777 5362 cumque
1790 5292 1825 5347 de
1835 5293 1901 5345 viris

216 5389 357 5443 hominum
376 5388 446 5441 dura
465 5392 494 5442 et
510 5385 571 5439 dira
588 5383 744 5447 videantur,
765 5390 858 5438 tamen
877 5384 998 5452 pretiosa
1018 5384 1045 5438 in
1072 5384 1137 5458 ¹¹91]
1157 5382 1312 5455 εὐεργέταις
1329 5397 1362 5435 33
1381 5379 1512 5435 beneficis
1524 5393 1612 5433 sermo
1625 5377 1669 5445 sit,
1688 5378 1761 5449 quod
1780 5377 1901 5448 elogium

215 5481 366 5544 conspectu
385 5472 497 5528 Domini
521 5487 594 5527 mors
617 5473 774 5524 sanctorum
800 5469 869 5539 ejus.
906 5477 929 5525 8.
950 5470 1046 5540 Sepul·
1072 5467 1247 5541 magistratui
1264 5467 1335 5521 solet
1357 5466 1456 5530 tribui,
1488 5465 1582 5519 Lucae
1600 5469 1649 5535 22,
1677 5482 1701 5517 v.
1721 5470 1761 5519 25.
1783 5464 1901 5536 denique

216 5569 295 5620 turae
313 5577 408 5616 curem
426 5559 509 5615 311333
526 5556 639 5632 quidam
656 5571 691 5610 ex
705 5554 772 5627 ipsis
788 5554 940 5626 gentilibus
958 5555 1047 5627 philo·
1075 5573 1139 5610 cum
1158 5552 1380 5610 circumstantiae
1397 5548 1528 5624 temporis
1547 5558 1717 5622 congruant,
1742 5549 1811 5605 vixit
1828 5550 1901 5605 enim
