4104 6014
948 277 1002 334 DE
1021 277 1161 341 ΜΟΒἸῈ.
1598 334 1601 339 ,
1840 290 1898 348 ren

200 434 391 503 corruptibile.
435 437 515 502 Erpa
541 434 677 490 credibile
694 445 749 503 est,
775 437 868 489 Deum
886 435 954 489 illas
973 434 1030 488 oni·
1062 444 1198 504 nuantur,
1216 439 1305 491 donec
1324 439 1406 502 tinem
1425 438 1590 507 accipiant!
1631 435 1816 493 Bellarminus
1836 435 1899 493 dl

201 537 261 571 mas
280 521 322 572 ad
337 519 460 587 qlon'am
478 519 645 574 anhelantes
665 521 824 575 bernuino
843 528 968 589 tempore
980 537 1036 589 per
1062 522 1225 591 respondet,
1261 525 1298 576 de
1333 540 1365 576 eo
1394 525 1487 578 adbuc
1523 539 1667 592 ntperesse
1702 523 1900 592 quaestionem,

203 604 409 658 intensissimus
427 622 534 674 poenas
554 623 691 675 purpure.
732 605 788 661 Sed
806 606 879 661 hano
896 605 1036 661 Dominici
1063 607 1175 659 interim
1188 608 1368 675 probabilius
1388 626 1455 678 esse,
1473 611 1550 678 quod
1563 625 1675 678 poenae
1688 608 1837 677 paulatim
1854 624 1898 661 re·

203 689 360 760 opinionem
379 690 567 746 Bellarminus
585 691 604 748 l.
619 697 642 747 2.
663 693 698 747 de
712 710 791 762 purg.
820 708 843 747 c.
865 698 890 748 9.
910 691 1037 762 repudiat
1063 692 1223 760 mittentur,
1260 693 1335 766 quod
1371 702 1464 750 tamen
1498 713 1554 749 non
1584 693 1637 748 nisi
1666 711 1699 748 ex
1729 693 1898 751 revelatione

202 776 347 847 eidemque
369 776 484 846 opponit
505 778 1036 848 1111111111111111111111,1111111111-
1065 777 1184 848 quadam
1202 778 1279 833 facta
1296 779 1452 834 Malachiae
1470 779 1578 850 probat.
1621 786 1645 836 9.
1672 780 1715 834 Do
1732 779 1900 833 liberatione

202 869 262 929 tur,
291 865 430 930 quaedam
462 864 573 916 aniusas
597 881 684 933 usque
710 867 750 918 od
780 865 854 918 diem
877 865 983 933 judicii
1007 865 1036 916 in
1064 864 1221 916 animarum
1246 881 1280 918 eo
1301 866 1481 935 purqatorio.
1529 865 1644 920 Animas
1670 871 1827 919 sanctorum
1853 864 1899 921 de·

201 949 373 1017 pnrqotorio
403 967 570 1017 'arancarum
608 950 673 1004 111111
708 951 843 1005 ecclcsiae
889 951 1036 1003 Romanae
1064 948 1223 1003 functorum
1243 965 1307 1004 curn
1327 949 1436 1006 Christo
1454 948 1604 1022 regnantes
1628 968 1707 1006 orare
1726 968 1776 1020 pro
1795 950 1900 1006 amma-

203 1035 442 1097 corasactadc'nem,
476 1051 548 1104 quae
572 1037 768 1090 anniversaria
791 1055 877 1090 sacra
916 1036 1039 1090 celebrat
1065 1035 1116 1089 bus
1134 1034 1163 1088 in
1184 1036 1345 1106 purgatorio
1370 1035 1575 1101 laborantibus,
1601 1043 1631 1091 ut
1654 1053 1686 1092 eo
1711 1036 1792 1091 citius
1817 1051 1850 1090 ex
1866 1051 1899 1090 eo

200 1137 257 1188 pro
275 1121 428 1189 desurrctis,
447 1122 562 1175 etiamsi
580 1130 699 1190 constet,
717 1139 764 1175 eos
784 1131 849 1175 ante
867 1131 976 1176 centnm
994 1123 1038 1175 rel
1063 1120 1227 1187 liberentur,
1264 1129 1349 1193 negat
1372 1122 1534 1177 Dominicus
1558 1122 1669 1177 a'Soto
1690 1128 1714 1176 t.
1740 1125 1809 1175 sent.
1835 1118 1900 1175 dist.

203 1208 336 1259 ducentae
352 1223 443 1258 annos
461 1222 519 1259 esse
538 1213 669 1261 mortuos.
701 1207 850 1263 Concludit
868 1208 961 1278 igitur,
980 1225 1038 1260 rem
1064 1213 1105 1262 45.
1129 1226 1154 1278 q.
1173 1213 1198 1262 3.
1219 1214 1271 1266 art.
1292 1213 1316 1265 2.
1343 1210 1511 1263 contrarium
1537 1214 1665 1262 asserunt
1691 1206 1790 1277 reliqui
1806 1204 1900 1260 Ponti·

203 1308 261 1344 csse
286 1291 501 1345 incertissimam
528 1309 579 1346 nec
603 1293 659 1347 crisi
685 1302 786 1348 temere
809 1295 926 1361 definiri
945 1310 1037 1362 posse.
1064 1291 1125 1348 ficii.
1167 1292 1209 1346 Ex
1232 1294 1394 1364 purgatorio
1419 1295 1525 1349 animas
1549 1293 1662 1348 liberari
1683 1309 1777 1363 posse,
1801 1309 1834 1346 cx
1859 1291 1899 1344 in·

203 1376 363 1431 Antoninus
382 1383 454 1446 part
474 1385 497 1432 4.
522 1378 564 1434 tit.
593 1385 631 1434 14.
651 1396 674 1432 1.
701 1384 740 1434 10.
764 1376 792 1451 ξ.
821 1385 853 1434 6;
888 1379 1038 1447 Unicuique
1064 1376 1142 1432 seruo
1162 1380 1480 1449 nonposse,communis
1493 1386 1535 1434 est
1548 1379 1604 1435 fere
1617 1375 1896 1433 omniumsententia

207 1470 315 1530 tempas
337 1464 518 1531 purgationis
545 1467 586 1517 acl
603 1465 693 1528 illud,
719 1467 749 1518 in
767 1483 820 1534 qno
835 1465 977 1534 peccauit,
997 1466 1038 1517 111·-
1065 1462 1119 1516 Sed
1148 1463 1177 1516 in
1202 1464 1302 1518 1111111111
1320 1463 1454 1518 sacrificio
1487 1481 1537 1534 pro
1569 1463 1707 1518 defunctio
1735 1463 1788 1518 boc
1818 1461 1900 1518 ruodo

204 1565 328 1601 mensum
350 1557 397 1601 est.
429 1547 547 1613 Quodsi
562 1550 664 1618 itaest,
684 1568 814 1620 quorsum
827 1552 913 1622 igitur
926 1551 1039 1621 prodest
1064 1555 1157 1602 orant:
1179 1550 1311 1614 Domine,
1329 1550 1420 1605 libero
1437 1550 1687 1617 animasstdelium
1700 1550 1898 1614 defunctorum

204 1648 254 1702 per
272 1637 395 1698 centum,
415 1633 548 1688 ducentos
562 1634 607 1690 vcl
626 1635 719 1705 plures
739 1653 826 1690 annos
844 1637 950 1700 missas,
970 1637 1039 1707 vigi·
1065 1636 1099 1687 de
1112 1636 1215 1704 poenis
1231 1635 1341 1703 inferni
1366 1643 1393 1689 11
1415 1637 1450 1690 de
1463 1638 1615 1705 profundo
1638 1637 1718 1702 locu,
1743 1635 1834 1688 libera
1851 1651 1899 1688 eos

203 1718 269 1785 lias,
289 1717 473 1787 septendialia
492 1724 520 1772 ct
538 1720 726 1775 anniversaria
746 1739 796 1791 pro
815 1722 952 1776 defunctis
969 1722 1038 1776 cele·
1065 1721 1100 1772 de
1120 1721 1501 1789 ον11111111ζ1,111111111111α1
1520 1737 1568 1774 eas
1588 1729 1725 1788 tartarus,
1743 1737 1776 1774 ne
1793 1721 1900 1774 cadant

206 1801 307 1856 brare‘l
349 1804 385 1857 In
405 1812 525 1858 extremo
543 1805 654 1872 judicio
671 1809 754 1874 finem
779 1826 859 1860 arium
878 1809 1037 1860 habiturum
1064 1806 1093 1857 in
1119 1806 1283 1873 abacorum
1307 1806 1335 1860 in
1361 1806 1463 1877 quibus
1489 1805 1580 1861 verbis
1611 1806 1706 1860 dextre
1729 1803 1899 1874 explicandis

204 1904 262 1942 ease
280 1890 482 1957 purpotorium
503 1891 601 1946 asserit
617 1891 802 1946 Bellarminus
819 1891 837 1947 1.
861 1900 880 1948 1.
901 1894 937 1948 de
957 1911 1036 1964 purg.
1064 1891 1212 1961 plurimum
1230 1891 1360 1946 laborant
1378 1891 1563 1947 Bellarminus
1583 1899 1611 1946 et
1630 1890 1826 1959 Salmcronius‚
1843 1906 1896 1945 neo

203 1992 227 2028 c.
244 1981 283 2030 12.
303 1992 374 2045 resp.
394 1977 431 2030 ad
448 1983 472 2032 5.
504 1975 560 2031 Sed
573 1983 689 2046 veteres,
709 1996 824 2049 quorum
845 1979 1036 2034 auctoritatem
1064 1985 1158 2032 11111111
1182 1977 1236 2031 sibi
1260 1968 1327 2048 ipsis
1346 1976 1530 2034 satisfaciunt.
1572 1976 1763 2033 Damascenus
1781 1977 1811 2032 in
1828 1982 1897 2032 orat.

204 2061 232 2114 iu
250 2062 303 2115 hac
321 2063 509 2116 controversia
525 2062 606 2119 nobis
625 2070 769 2134 opponunt
788 2064 951 2135 (Origenes,
970 2065 1037 2118 Ans·
1064 2079 1114 2134 pro
1132 2062 1246 2118 mortuis
1267 2062 1350 2128 dicit,
1371 2063 1547 2117 orationibus
1572 2064 1673 2116 Tectae
1692 2063 1841 2115 liberatam
1861 2063 1897 2113 cle

208 2145 329 2212 brusias,
360 2148 550 2218 Lactantius),
569 2148 643 2204 ultra
659 2148 742 2205 finem
772 2151 857 2205 seculi
888 2151 1039 2207 extendunt
1065 2149 1178 2218 inferno
1220 2150 1345 2201 animam
1376 2149 1525 2216 eujusdam
1558 2149 1738 2201 Patsonteos
1766 2148 1899 2215 fenn'nae

204 2233 377 2302 quorundam
401 2235 605 2306 purgationem.
643 2236 702 2293 Nec
726 2244 819 2306 potest
844 2237 904 2292 dari
924 2237 1038 2291 evidens
1063 2252 1210 2304 poponus,
1238 2243 1264 2289 ct
1293 2235 1465 2289 orationibus
1495 2234 1631 2302 Greqorii
1651 2250 1747 2304 popae
1775 2233 1900 2286 animam

204 2317 282 2381 ratio,
300 2335 349 2371 cur
366 2318 395 2372 iu
414 2318 469 2374 fine
487 2319 573 2373 seculi
591 2322 783 2392 purgatorium
803 2322 839 2376 sit
857 2322 1035 2392 exstinguen·
1068 2323 1190 2391 Trajoni
1208 2320 1400 2390 imperatoris,
1424 2336 1508 2390 quam
1531 2319 1674 2373 historiam
1693 2317 1821 2372 defendit
1841 2317 1900 2371 An·

205 2403 279 2465 dum,
301 2421 364 2458 cum
384 2411 476 2459 tamen
496 2405 576 2459 multi
594 2407 678 2476 paulo
694 2408 950 2461 antenorissimum
965 2407 1036 2461 dIem
1064 2408 1178 2461 duadius
1204 2406 1316 2477 Psyra,
1343 2405 1397 2459 imo
1425 2413 1453 2460 et
1474 2403 1625 2460 Salmeron.
1652 2410 1672 2458 t.
1702 2410 1740 2461 14,
1764 2403 1836 2472 disp.
1859 2409 1900 2458 21.

206 2491 306 2544 mortui
325 2496 405 2544 reatu
423 2496 600 2561 peccatorum
612 2492 761 2546 venialium
781 2500 809 2546 ct
824 2493 920 2548 debito
937 2510 1036 2563 poena·
1065 2512 1091 2562 p.
1119 2499 1176 2548 236.
1216 2492 1382 2561 Rauulphus
1411 2492 1429 2547 1.
1456 2499 1480 2546 o.
1503 2491 1533 2545 in
1560 2490 1685 2560 polychr.
1722 2507 1746 2543 c.
1768 2495 1791 2545 8.
1818 2488 1900 2559 impii

204 2592 265 2628 rum
283 2576 475 2645 temporalium
501 2593 553 2646 pro
575 2577 697 2647 peccatis
717 2576 773 2631 suis
794 2578 1038 2647 persolvendarum
1064 2581 1141 2647 repis
1154 2579 1264 2632 Eduini
1282 2579 1405 2631 citimam
1418 2578 1565 2631 Danstani
1581 2578 1712 2647 precibus
1730 2575 1766 2628 ab
1786 2574 1900 2643 iriferno

206 2660 297 2715 adhuc
317 2668 463 2716 tencantur
481 2661 616 2719 obstricti.
649 2661 704 2717 Sed
724 2668 753 2716 et
764 2662 909 2734 pontifices
920 2662 1037 2717 Romani
1064 2665 1213 2718 liberatam
1232 2663 1308 2717 acin
1323 2663 1525 2733 poenitentium
1538 2663 1698 2717 animorum
1714 2668 1789 2714 sorte
1805 2667 1897 2712 trans·

204 2748 233 2799 in
255 2747 342 2800 multa
363 2765 500 2801 antrorum
527 2749 620 2802 millia
640 2756 668 2803 ct
693 2749 735 2803 sio
756 2749 830 2802 ultra
848 2748 931 2804 finem
950 2749 1037 2805 seculi
1065 2751 1154 2804 latam
1174 2766 1233 2803 esse
1258 2753 1401 2803 memorat.
1448 2747 1601 2818 Gregorius
1627 2748 1646 2804 1.
1670 2753 1693 2806 1,
1722 2745 1788 2800 dial.
1814 2762 1839 2801 c.
1860 2749 1901 2800 12.

204 2832 391 2903 indulgentias
411 2851 476 2888 suas
494 2834 678 2904 protendunt,
696 2835 771 2906 quod
790 2834 959 2904 imposturae
977 2852 1037 2905 per·
1064 2835 1175 2899 scribit,
1194 2853 1213 2889 o
1234 2834 1263 2890 S.
1283 2835 1384 2889 Seuero
1403 2835 1553 2888 excitatum
1571 2835 1714 2903 quendam
1730 2833 1821 2885 sirum
1836 2847 1900 2900 pes-

204 2935 286 2988 quam
306 2916 403 2983 affine,
428 2919 450 2972 si
472 2919 503 2973 in
521 2918 576 2974 fine
602 2920 699 2974 mundi
717 2920 910 2992 purgatorium
927 2921 1039 2991 penitus
1064 2922 1173 2985 simum,
1193 2921 1243 2989 qni
1254 2938 1274 2973 a
1292 2920 1473 2974 mamanibus
1491 2919 1521 2973 in
1540 2919 1683 2984 infernum
1701 2917 1899 2970 deducebatur.

203 3002 329 3058 cessabit
376 3009 400 3060 8.
420 3004 464 3061 De
482 3006 624 3075 pravitate
638 3023 796 3075 poenorum
814 3008 844 3060 in
856 3008 1038 3075 purqatorio.
1065 3006 1252 3062 Bellarminus
1275 3005 1325 3061 lib.
1351 3011 1375 3062 2.
1395 3004 1431 3060 de
1454 3021 1536 3076 purg.
1565 3021 1590 3058 c.
1608 3009 1632 3058 8.
1652 3001 1753 3057 dubius
1773 3006 1825 3059 est.
1866 3000 1902 3057 Si

206 3086 307 3144 Omnes
338 3089 452 3161 quidem
483 3096 625 3156 statuunt,
656 3110 763 3161 poenos
787 3093 953 3160 pnrqotorii
980 3111 1038 3147 esse
1065 3092 1135 3146 boec
1159 3090 1272 3162 (inquit)
1297 3092 1474 3145 Damasocni
1502 3089 1623 3144 historia
1649 3088 1768 3154 defend
1792 3088 1900 3154 aalma

204 3178 327 3245 majores
340 3176 443 3246 poenis
462 3178 547 3246 brejas
565 3179 647 3242 onae,
668 3181 741 3231 unde
754 3177 912 3233 Antoninus
923 3185 994 3249 part
1013 3187 1038 3236 4.
1065 3185 1174 3246 oportet
1192 3179 1296 3240 dicere,
1318 3178 1475 3246 Trojanum
1489 3193 1546 3229 non
1566 3175 1658 3239 fuisse
1678 3174 1804 3227 obsolute
1820 3174 1900 3226 dam·

203 3261 244 3316 tit
267 3267 346 3318 141.
369 3269 408 3319 10.
429 3260 456 3337 ξ.
476 3270 500 3319 l.
518 3264 616 3330 refert,
641 3266 799 3333 aliqnando
817 3272 962 3335 aeqrotnm
980 3286 1038 3321 mu·
1065 3271 1161 3317 natum
1184 3266 1226 3318 acl
1247 3265 1373 3331 inferos,
1402 3264 1454 3315 sed
1477 3261 1567 3315 solum
1581 3260 1713 3328 punitum
1736 3259 1898 3324 ininferna

204 3357 277 3401 tasse
296 3366 376 3401 suum
396 3350 521 3403 morbum
536 3367 631 3421 poena
647 3351 820 3422 pnrqatorii,
839 3359 870 3404 at
886 3369 949 3405 mou
966 3370 1038 3404 mor·
1065 3351 1217 3403 sociandum
1239 3348 1407 3418 praesentia
1433 3347 1494 3415 ejus
1524 3345 1661 3399 demerito
1685 3352 1710 3398 11
1735 3360 1900 3416 arapennem

205 3434 267 3487 bom
291 3436 406 3488 eandem
427 3436 492 3489 licet
518 3437 726 3489 acerbissimum
746 3437 912 3506 repetivisse,
931 3453 964 3491 ac
986 3437 1038 3494 dis.
1064 3436 1228 3489 senitentiam
1254 3443 1374 3504 propter
1401 3433 1549 3502 praecisos
1583 3430 1718 3498 Grcqorii
1741 3446 1844 3499 preces
1872 3437 1900 3483 et

204 3520 239 3576 de
257 3527 321 3574 tem.
341 3537 421 3574 serm.
441 3525 483 3576 60.
504 3520 587 3575 dicit:
613 3520 648 3574 Si
665 3522 711 3574 cui
731 3523 908 3576 brevissimus
927 3523 1038 3575 11111111
1060 3529 1214 3590 praeterea
1244 3538 1300 3574 non
1332 3520 1492 3572 immediate
1521 3535 1556 3572 en
1584 3519 1697 3586 inferno
1726 3517 1767 3570 ad
1792 3515 1899 3570 coelum

200 3607 370 3674 pnrqatoria
403 3607 602 3673 transiqenclus
632 3616 716 3675 esset,
746 3609 842 3661 nicillct
872 3609 897 3661 is
930 3616 1037 3662 cornum
1064 3607 1226 3669 transiisse,
1244 3607 1296 3659 sed
1311 3605 1397 3673 prins
1415 3603 1532 3673 corpori
1550 3604 1659 3657 unitum
1678 3611 1704 3656 et
1722 3611 1787 3656 tanc
1807 3603 1897 3674 bapti·

204 3710 292 3745 annoa
326 3693 355 3746 in
381 3693 551 3764 acutissimis
578 3694 667 3763 spinis
693 3694 821 3747 incedere
853 3697 928 3762 podo
951 3696 1036 3759 nudo,
1064 3702 1155 3746 ratum
1173 3700 1199 3746 et
1214 3690 1417 3760 poenitentiam
1436 3691 1465 3743 in
1483 3690 1536 3744 lroc
1551 3692 1609 3744 oito
1623 3690 1719 3759 cqisse.
1752 3690 1814 3743 Ista
1826 3687 1897 3742 enirn

203 3778 275 3832 nilril
302 3795 385 3846 quom
409 3787 503 3831 atrum
525 3796 631 3848 panem
650 3796 766 3847 vorare,
793 3780 863 3832 nibil
888 3797 972 3847 qnam
995 3780 1037 3842 fel
1065 3788 1104 3833 est
1123 3778 1274 3832 communis
1299 3776 1400 3831 solatio
1422 3776 1559 3840 Thomas,
1588 3776 1737 3843 Duroncli,
1755 3774 1899 3828 Richardi

203 3872 282 3917 aceto
314 3864 429 3916 mictum
458 3871 559 3931 potare
592 3865 773 3933 lapidemque
805 3883 863 3933 pro
889 3864 1039 3934 puluinari
1064 3874 1089 3919 et
1108 3865 1232 3919 aliorum
1257 3867 1281 3918 t.
1305 3870 1375 3920 sent.
1402 3861 1529 3918 1111145.
1573 3861 1661 3932 Atqui
1684 3877 1779 3915 sacras
1802 3860 1898 3914 literne

203 3949 312 4005 babere.
360 3946 498 4002 Dubitant
525 3955 617 4001 tamen
642 3965 675 4002 ac
700 3949 871 4020 deceptant,
898 3952 1037 4020 quemme
1064 3969 1099 4006 nc
1117 3949 1203 4020 ipsius
1221 3948 1333 4020 quidem
1355 3947 1458 4002 Christi
1477 3949 1604 4002 meritum
1623 3965 1654 4001 eo
1673 3945 1840 4012 extendunt,
1867 3950 1898 3998 ut

199 4052 309 4104 poenae
324 4035 493 4104 purqctorii
512 4037 637 4103 niajorcs
655 4036 711 4088 sirit
738 4036 823 4103 bajus
841 4038 914 4091 vitae
928 4037 1037 4105 poenis.
1063 4037 1166 4109 siquis
1191 4035 1219 4089 in
1243 4033 1321 4088 finali
1346 4032 1555 4103 impoenitentia
1578 4032 1709 4100 decedat,
1734 4030 1897 4100 praesertim

202 4121 279 4176 Tam.
299 4128 322 4176 4.
348 4126 416 4175 sent.
443 4120 507 4176 dist.
524 4127 563 4176 20.
589 4139 616 4193 q.
638 4128 660 4176 1.
686 4127 737 4175 art.
756 4129 780 4176 2.
800 4122 896 4188 docet,
916 4139 1036 4191 quaenam
1063 4122 1150 4179 hostis
1167 4120 1318 4177 Christiani
1335 4119 1454 4174 nominis
1471 4135 1505 4174 ac
1521 4118 1682 4191 sanguinis,
1701 4134 1737 4173 er
1752 4115 1897 4186 gehennae

203 4207 303 4260 clonsni
319 4223 376 4260 csse
401 4209 550 4260 moniacam
569 4223 736 4275 poenarum,
757 4214 812 4260 tom
834 4224 905 4274 quac
925 4209 954 4260 in
967 4226 1037 4277 pur·
1064 4209 1182 4263 flammis
1200 4224 1309 4262 rursum
1329 4205 1469 4276 eripiatm·,
1489 4206 1563 4259 unde
1581 4203 1766 4259 Bellarminus
1784 4202 1895 4257 taudem

202 4292 324 4359 pato-rio,
344 4310 427 4360 quam
447 4310 519 4362 quac
539 4293 568 4345 in
587 4293 640 4345 bac
651 4294 710 4346 rita
727 4294 850 4361 reperiri
862 4294 983 4360 possuit,
1003 4312 1038 4347 ac
1064 4294 1219 4364 propendet
1236 4292 1264 4346 in
1278 4291 1348 4346 Cani
1368 4297 1396 4346 ct
1413 4291 1528 4346 aliorum
1542 4289 1716 4354 senteutiam,
1736 4305 1808 4359 quae
1824 4287 1897 4343 hauc

204 4379 348 4431 minimam
363 4394 486 4445 poenam
500 4377 665 4449 pnrqatorii
681 4395 741 4431 esse
760 4380 896 4447 majorem
915 4378 1038 4431 anamma
1064 4378 1206 4434 historiam
1224 4377 1314 4447 rejicit
1337 4383 1367 4430 ut
1393 4373 1554 4442 confictam,
1582 4390 1638 4444 qua
1661 4374 1768 4428 ratione
1794 4374 1897 4444 apertis

201 4483 295 4534 poena
313 4464 397 4532 bajas
417 4464 500 4532 ritae,
520 4467 598 4533 qnod
615 4473 760 4533 utrumqne
781 4466 863 4518 ccrtn
880 4464 1037 4518 rationibus
1065 4465 1141 4518 tibiis
1161 4462 1313 4529 Andradio,
1331 4461 1489 4531 Alphonso‚
1509 4459 1696 4529 Salmeronio‚
1717 4459 1849 4515 CiaconIo
1870 4465 1898 4514 et

204 4553 337 4618 conficere
354 4551 459 4604 nititur.
503 4550 557 4606 Sed
577 4550 773 4608 Bonaventura
795 4550 824 4604 in
841 4556 866 4606 l·
890 4556 959 4605 sent.
976 4550 1038 4604 dist
1065 4551 1126 4606 aliis
1144 4548 1298 4605 Pontificiis
1315 4547 1489 4602 contradicit.
1528 4546 1575 4602 Sic
1592 4563 1658 4618 ergo
1678 4547 1804 4618 nuspiam
1823 4546 1898 4601 inve·

207 4643 249 4694 20.
269 4642 319 4691 art.
343 4645 365 4691 1.
385 4654 410 4707 q.
431 4642 455 4692 2.
475 4637 590 4701 statuit,
600 4654 724 4706 poenam
743 4637 840 4690 durani
857 4638 886 4690 in
900 4643 1037 4704 pnrpoto·
1064 4637 1153 4704 niunt,
1173 4634 1220 4689 ubi
1238 4634 1338 4705 pedem
1358 4633 1455 4705 figant.
1482 4632 1559 4687 Inter
1571 4632 1701 4699 remedia,
1720 4632 1820 4705 quihus
1840 4630 1898 4686 ani·

67 4723 248 4782 1111111111
266 4739 395 4801 riori-esse
420 4724 554 4790 mojorem
578 4723 654 4776 omrai
673 4740 765 4791 poena
793 4723 850 4775 siue
863 4722 1038 4792 purqatorie',
1065 4739 1126 4777 mae
1143 4723 1172 4776 in
1189 4720 1350 4792 purgatorio
1368 4726 1525 4775 aestuantes
1540 4720 1690 4789 jurantur,
1717 4719 1839 4774 referunt
1857 4718 1899 4771 in·

203 4810 260 4862 sinc
279 4808 364 4875 lanius
376 4807 464 4876 sitac,·
485 4825 519 4860 ac
534 4808 703 4878 purqotorii
715 4825 825 4877 poenas
838 4824 896 4861 esse
916 4809 1038 4875 majores
1065 4808 1225 4875 dnlqentias
1242 4807 1395 4874 pontilicis.
1441 4804 1497 4860 Sed
1515 4805 1654 4878 quomodo
1672 4804 1737 4859 illae
1754 4802 1899 4858 animabus

199 4895 301 4963 poenis
319 4895 404 4962 bajus
423 4894 496 4945 oilae
511 4894 602 4946 solam
615 4896 645 4948 in
655 4895 706 4948 boc
725 4912 815 4963 111111,
831 4895 899 4962 qnia
917 4893 1037 4946 omnimo
1065 4894 1258 4949 defunctorum
1285 4892 1478 4961 applicentur,
1508 4891 1543 4946 de
1574 4907 1608 4945 eo
1636 4907 1691 4945 non
1721 4890 1897 4945 conveniunt.

133 4968 142 4983 ⁰
202 4998 295 5049 potua
324 4979 486 5046 vurtalvt'll
515 4987 555 5031 eti
588 4980 694 5049 maior,
725 4999 809 5048 quom
845 4981 882 5033 eit
916 4966 1185 5046 interturbatam
1202 4979 1375 5044 existimant,
1390 4993 1487 5049 papae
1498 4976 1730 5046 jurisdictionem
1751 4976 1899 5031 estendere

200 5083 295 5137 poena
319 5065 404 5133 bajus
428 5063 518 5125 vitoe,
544 5063 611 5117 licet
637 5065 736 5133 aliqua
758 5083 854 5134 poena
872 5060 1370 5161 μαι-911111111111111111111111111,
1396 5064 1437 5117 ita
1465 5072 1495 5116 ut
1518 5063 1666 5116 animabus
1684 5062 1714 5113 in
1729 5061 1899 5131 pnrqatorio

203 5152 364 5220 reperiatur
388 5150 479 5203 minor
504 5148 603 5217 aliqua
622 5167 715 5219 poena
741 5152 826 5219 liujus
851 5151 938 5217 vitae,
966 5166 1115 5225 quae2pcr
1133 5154 1245 5207 neodem
1269 5151 1454 5206 absolutionis
1479 5152 1540 5220 11111
1570 5148 1773 5203 communicare
1796 5149 1898 5216 possit.

205 5237 343 5292 sententia
364 5237 578 5291 Bonavcnturae
602 5236 770 5303 Bellarmino
795 5237 883 5309 magis
904 5239 1038 5308 probatur
1065 5239 1184 5304 Quidam
1202 5255 1275 5306 vero,
1294 5237 1366 5292 inter
1383 5254 1451 5309 quos
1470 5234 1655 5291 Bellarminus
1672 5233 1690 5287 l.
1716 5240 1736 5288 1.
1756 5233 1791 5288 do
1808 5232 1899 5288 indul·

204 5324 222 5379 l.
241 5332 264 5380 2.
282 5324 318 5380 de
336 5328 449 5395 purgat.
468 5339 492 5377 c.
514 5326 552 5379 14.
598 5321 742 5386 Quaerunt
758 5323 856 5389 etiam,
874 5343 912 5377 on
927 5340 1038 5394 poenae
1063 5331 1138 5397 gent
1161 5341 1184 5382 c.
1205 5330 1245 5381 14.
1271 5329 1300 5379 et
1324 5322 1342 5378 1.
1362 5329 1386 5380 2.
1417 5323 1451 5378 do
1468 5326 1577 5393 purgat.
1597 5337 1621 5376 c.
1643 5324 1681 5375 to.
1705 5319 1845 5375 Fdrnerus
1864 5319 1899 5373 de

201 5409 368 5480 purqotorii
382 5424 491 5477 semper
510 5408 635 5461 1111111111
654 5424 742 5478 oeque
760 5410 886 5478 qrooitcr
904 5412 938 5463 ab
957 5411 1037 5466 initio
1060 5411 1185 5482 jubilaeo
1203 5428 1230 5480 p.
1249 5415 1309 5468 207.
1331 5414 1467 5473 statuunt,
1481 5407 1713 5477 jurisdictionem
1728 5421 1823 5474 popae
1842 5423 1899 5460 non

203 5512 290 5567 nsque
310 5496 351 5549 ad
365 5496 448 5560 finem
464 5493 658 5565 pnrqatioais,
681 5511 719 5547 on
744 5512 809 5549 ono
829 5497 971 5565 paulatim
987 5499 1036 5552 mi·
1066 5499 1212 5555 estendere
1227 5514 1257 5552 11
1280 5498 1322 5550 ad
1336 5495 1545 5566 purqotorium,
1564 5494 1681 5564 ideoque
1707 5492 1900 5562 indulqentias
