4104 6014
240 231 300 296 ³22
857 224 980 287 LOCUS
999 223 1204 290 morsurus
1226 226 1374 292 SEXTUS

239 402 297 441 son
320 384 392 456 ipsis
410 385 570 452 sacrificat,
607 384 733 456 ιιιιιιιιιιι
752 385 783 439 ιιι
801 386 938 440 memoria
964 383 1074 453 sacrifi·
1099 387 1246 441 censebsmt
1271 395 1390 458 montes,
1417 386 1469 443 ssd
1492 389 1558 443 ιιιιιι
1584 382 1731 453 maiust,
1758 394 1825 442 tunc
1842 378 1933 455 mcps's

241 480 284 528 cet
311 490 421 542 eorum,
454 473 523 543 quia
540 471 600 526 Dei
627 475 760 527 sacerdos
783 481 839 537 est,
865 490 920 526 non
949 472 1073 527 illorum.
1098 473 1239 536 fovebunt.
1279 474 1352 529 ss·
1339 494 1369 529 sn
1397 474 1468 544 ipsis
1494 492 1571 546 spem
1599 482 1676 529 tirum
1699 474 1839 544 posueris,
1868 490 1934 527 eon·

240 559 346 615 ansto
363 558 519 629 objicienti,
544 561 621 629 quod
639 559 781 614 Catholici
797 558 878 614 idola
894 559 1028 615 verterint
1045 557 1074 610 in
1099 558 1289 614 tristabuntur
1335 559 1370 614 Id
1388 560 1533 616 confirmet
1550 561 1675 632 exemplo
1694 559 1796 633 angeli,
1815 558 1863 631 qui
1883 573 1933 612 no·

241 653 394 716 martyres,
424 663 494 715 quos
522 646 593 700 uotis
619 647 759 701 similibus
790 647 897 716 colant,
927 644 1075 717 respondet
1098 644 1151 699 luit
1171 646 1280 702 edormi
1298 646 1334 702 sb
1351 645 1495 716 Johsnne,
1514 646 1559 702 cui
1579 647 1666 702 mults
1687 645 1823 702 mirabilis
1840 650 1932 701 osten·

241 731 289 787 lib
309 738 348 788 2⁰.
366 735 463 787 ιοιιιιι
482 732 618 788 Faustum
636 748 698 803 esp.
718 739 765 789 st:
792 731 917 788 Colimus
935 739 1074 802 martyres
1099 731 1185 802 deret,
1213 732 1262 788 sed
1287 733 1324 788 ud
1351 733 1499 788 Dominum
1526 733 1603 788 illum
1630 733 1778 790 revocavit.
1806 729 1931 803 cyrillus

240 835 274 874 eo
293 820 372 872 cultu
389 819 550 873 dilectionis
569 827 597 873 ιι
611 819 764 891 societatis,
784 837 837 890 quo
856 819 909 874 et
896 838 927 873 ιιι
947 819 999 873 ιιι
1015 817 1073 872 uita
1097 817 1144 873 lib.
1167 823 1190 874 b.
1210 824 1308 874 contre
1323 819 1428 876 Julian.
1449 820 1467 875 ι.
1488 825 1536 875 52:
1553 820 1672 874 &nelos
1689 827 1828 888 martures
1844 832 1933 888 nepus

241 905 371 961 coluntur
389 904 482 959 suncti
496 906 558 961 Dei
573 905 706 978 homines,
726 923 844 977 quonum
862 923 912 961 cor
929 908 971 960 ad
989 905 1074 959 talem
1099 907 1167 959 deos
1188 922 1246 960 esse
1262 896 1390 976 dicimus,
1408 923 1494 976 nepteo
1509 909 1634 961 adorare
1650 906 1850 973 consuevimus,
1869 904 1932 957 lau·

177 1017 180 1021 v
235 1008 293 1062 pro
325 991 488 1062 euanpelica
520 992 637 1046 ιιιιιιιιι
661 994 822 1063 passionem
851 999 983 1063 paratum
1015 1007 1074 1045 esse
1100 993 1201 1045 damus
1226 1001 1317 1048 autem
1341 1009 1390 1048 eos
1416 994 1513 1065 potius
1530 992 1645 1047 summis
1662 992 1826 1057 bonoribus,
1858 992 1935 1059 qssod

240 1073 381 1135 e'entimus.
421 1077 480 1133 Sed
496 1078 564 1133 silos
584 1086 662 1134 tanto
680 1080 813 1146 devotius,
830 1086 934 1151 quanto
948 1078 1075 1133 securius
1096 1095 1153 1147 pro
1178 1079 1295 1133 ueritate
1319 1086 1430 1134 strenue
1456 1087 1600 1134 certarsmt
1619 1087 1645 1133 et
1657 1080 1733 1148 fidei
1747 1077 1935 1133 sinceritatem

238 1171 305 1234 post
325 1165 432 1219 incerta
444 1165 538 1219 omnia
551 1174 694 1236 superata,
712 1173 816 1237 quanto
831 1167 914 1220 etiam
926 1165 1074 1231 fidentiore
1099 1171 1292 1229 successum,
1325 1165 1368 1218 ita
1392 1172 1424 1218 ut
1446 1173 1473 1219 st
1499 1183 1580 1220 suam
1598 1165 1720 1219 unimam
1739 1165 1934 1220 contemserint

242 1251 330 1306 laude
350 1252 552 1324 praedicamus
570 1254 637 1323 jum
659 1254 691 1308 im
713 1254 773 1308 oitn
799 1253 931 1318 feliciore
947 1253 1074 1320 uictores,
1101 1255 1126 1301 et
1153 1250 1253 1303 mortis
1280 1251 1435 1305 terroribus
1457 1251 1645 1306 valedicentes
1666 1250 1881 1322 praevaluerint
1903 1249 1935 1303 in

242 1353 326 1407 qnam
357 1339 387 1392 in
418 1339 474 1393 istu
501 1340 594 1395 adhuc
628 1357 715 1412 usque
736 1349 904 1411 pupnantes.
952 1342 993 1394 At
1022 1339 1075 1393 illo
1100 1336 1355 1406 summispericulis
1373 1344 1522 1409 tantaeque
1531 1339 1640 1404 fuerint
1649 1337 1839 1404 fortitudinis,
1853 1335 1937 1406 quasi

242 1425 326 1490 cultu,
347 1441 419 1494 quae
437 1424 548 1481 Graece
565 1426 653 1482 latria
671 1427 785 1496 dicitur,
803 1427 905 1481 Ιιιιιιιι
923 1443 978 1479 uno
991 1426 1074 1478 uerbo
1099 1429 1209 1476 statuas
1233 1424 1289 1477 sibi
1311 1441 1380 1478 suae
1398 1425 1472 1479 uitae
1494 1426 1651 1481 erciteturi.
1684 1424 1722 1479 Et
1738 1429 1848 1496 postes:
1873 1424 1935 1477 Nos

242 1511 303 1565 dici
320 1529 378 1566 non
390 1519 493 1582 potest,
514 1531 576 1568 cum
589 1513 627 1567 sit
644 1514 784 1584 quaedam
797 1513 917 1584 proprie
930 1511 1077 1566 diuinitati
1100 1515 1193 1563 ιιιιιιιι
1215 1527 1271 1564 non
1298 1512 1367 1564 deos
1385 1512 1482 1578 factos
1507 1529 1566 1566 esse
1587 1513 1709 1567 dicimus
1728 1520 1840 1565 sanctos
1859 1527 1936 1563 mar·

242 1599 336 1653 debita
356 1600 483 1673 seruitiis,
502 1617 552 1654 nse
569 1600 695 1670 colimus,
711 1617 762 1654 nee
784 1599 932 1654 colendum
946 1601 1075 1654 docemus
1100 1604 1174 1665 tpres
1192 1598 1267 1666 (non
1285 1598 1364 1651 cultu
1381 1598 1526 1666 relioioso,
1545 1617 1602 1653 non
1622 1600 1799 1667 adoratione,
1817 1616 1874 1652 non
1893 1597 1936 1650 in·

242 1685 300 1740 nisi
328 1703 412 1740 unum
439 1689 541 1745 Deum.
579 1685 649 1741 (lum
677 1692 770 1741 antem
802 1688 844 1740 ad
871 1686 943 1740 bunc
970 1685 1075 1739 cultum
1101 1685 1278 1754 vocatione),
1305 1687 1359 1739 sed
1385 1687 1462 1740 omni
1487 1688 1593 1742 honore
1617 1704 1665 1741 eos
1686 1686 1805 1754 dipnari
1822 1700 1937 1739 eonsue-

236 1773 383 1843 pertineat
402 1775 507 1830 oblatio
524 1768 763 1843 sacrificiinnde
783 1773 952 1827 idololatria
969 1771 1074 1826 dicitur
1100 1771 1197 1840 rimus,
1216 1773 1422 1840 quodammodo
1443 1782 1607 1844 reponentes
1626 1774 1789 1828 memoriam
1808 1772 1870 1826 illis
1884 1772 1935 1825 im·

91 1869 169 1916 rint
184 1870 229 1916 ιιι.
242 1875 351 1929 eorum,
377 1861 428 1930 qui
447 1861 499 1916 hoc
519 1863 602 1916 etiam
621 1861 709 1915 idolis
727 1860 867 1924 exhibent,
893 1859 1075 1913 nullomodo
1102 1858 1321 1913 marcescibilem
1335 1876 1392 1929 pro
1410 1859 1562 1914 honoribus
1587 1868 1613 1914 et
1629 1859 1855 1915 remuneratione
1873 1859 1935 1922 for·

242 1947 299 2001 tale
324 1946 438 2018 aliquid
458 1948 631 2017 offerendum
654 1948 858 2019 praecipimus,
884 1945 927 1998 rel
943 1945 1075 2013 cuiquam
1100 1945 1231 1999 titudinis
1253 1953 1310 1999 tam
1334 1947 1508 2019 conspicuae.
1557 1945 1629 2003 Ibid.
1654 1963 1716 2003 cum
1739 1944 1933 2007 recensuisset,

240 2034 370 2104 martyri,
395 2034 438 2087 uel
459 2034 589 2103 arcionem
608 2041 722 2088 sanctas
741 2033 861 2100 animus,
882 2031 927 2085 cet
946 2032 1075 2100 cuiquem
1102 2046 1157 2100 qno
1184 2036 1268 2101 pecto
1288 2030 1389 2087 Graeci
1417 2048 1481 2087 suos
1511 2032 1660 2088 deemonss
1685 2048 1701 2086 e
1728 2030 1936 2103 praestantibus

240 2121 349 2188 ampelo.
394 2121 432 2174 Et
459 2120 584 2192 quisquis
612 2119 642 2174 in
669 2119 742 2172 hunc
768 2135 893 2173 errorem
923 2117 1073 2185 delabitur,
1100 2116 1256 2173 hominibus
1289 2118 1376 2174 suctos
1408 2125 1543 2191 tunquam
1573 2119 1701 2175 custodes
1732 2125 1759 2174 et
1785 2117 1934 2174 auxiliares

241 2207 394 2277 corripitur
407 2221 463 2275 per
480 2222 579 2259 sanam
598 2206 765 2270 doctrinam,
781 2205 839 2259 siue
859 2212 890 2258 ut
904 2204 1073 2274 corripctur,
1099 2204 1277 2275 superstitum
1311 2205 1458 2277 coluerint3
1485 2205 1600 2278 subjicit
1624 2207 1696 2277 ipse:
1731 2205 1857 2260 Proinde
1880 2222 1933 2259 nos

241 2292 299 2347 sios
314 2299 345 2347 ιιι
364 2300 502 2347 ecuectur.
545 2293 612 2362 Ipsi
628 2291 700 2346 enim
719 2291 812 2346 sancti
828 2291 873 2345 uel
889 2291 1013 2345 homines
1030 2289 1073 2343 uel
1097 2292 1213 2360 ¹quidem
1229 2292 1356 2357 minime,
1378 2291 1486 2347 Graeci
1502 2300 1594 2347 cutem
1607 2294 1706 2363 potins
1725 2293 1937 2362 deprehendun-

241 2378 338 2448 anpeli
359 2379 484 2434 euhiberi
504 2378 560 2432 sibi
582 2378 694 2445 nolunt,
721 2380 799 2447 quod
820 2379 873 2431 uni
890 2379 956 2431 Deo
976 2376 1075 2430 deberi
1100 2384 1146 2429 tur
1158 2378 1308 2436 hominum
1328 2379 1421 2445 fuism
1446 2378 1567 2433 cultores
1586 2386 1612 2431 et
1633 2379 1692 2433 Dei
1709 2378 1833 2448 plocium
1851 2377 1936 2431 incir-

240 2474 351 2524 norunt.
390 2465 535 2536 Apparuit
552 2464 634 2518 ιιιι
621 2482 652 2518 ιιι
673 2464 766 2518 Panlo
786 2471 812 2518 ιι
831 2465 984 2533 Barnabu,
1011 2481 1073 2518 cum
1100 2472 1260 2537 cumspecte,
1288 2464 1388 2533 quibus
1404 2465 1560 2534 coluerunt,
1584 2465 1722 2520 tribuisse.
1741 2463 1788 2519 lib.
1811 2470 1852 2520 10.
1870 2479 1936 2518 con·

240 2552 370 2607 commoti
390 2551 551 2617 miraculis,
578 2567 650 2622 qrtae
667 2567 723 2619 per
739 2566 787 2606 eos
802 2552 887 2617 facta
910 2558 990 2615 sunt,
1018 2551 1073 2618 Lp-
1099 2549 1298 2605 trsJulienum
1316 2551 1365 2620 nit,
1384 2550 1562 2606 Christianos
1582 2569 1677 2622 mopns
1673 2551 1792 2622 'suone
1806 2567 1933 2606 ιιιιιιιι-

240 2638 334 2692 csonis
330 2636 480 2707 tanquam
495 2636 552 2690 diis
569 2636 717 2690 immolare
730 2637 887 2692 uoluerunt.
908 2620 1073 2691 Conscissis
1100 2635 1168 2689 tinm
1186 2644 1213 2691 et
1232 2638 1362 2692 bonorem
1381 2655 1450 2706 erpa
1467 2646 1575 2693 cunctos
1593 2645 1744 2707 martyres,
1773 2637 1823 2692 sed
1840 2636 1934 2692 addit·

240 2726 314 2780 enim
340 2724 459 2779 uestibus
484 2724 544 2777 suis
571 2723 628 2777 ista
655 2723 710 2776 sibi
730 2723 799 2793 fieri
823 2731 975 2782 uetuersmt
1012 2724 1073 2793 Ap·
1102 2721 1251 2795 Senum
1282 2724 1362 2778 ιιοιιιι
1388 2742 1474 2778 unum
1504 2726 1597 2778 Deum
1620 2724 1814 2793 praedicarit,
1844 2723 1935 2779 alium

236 2812 338 2883 paruit
352 2819 379 2865 et
404 2810 434 2864 in
458 2810 579 2880 amyclis,
605 2809 677 2862 ιιιιιι
699 2810 730 2863 in
752 2809 928 2882 Apocalypsi
947 2810 1073 2880 lepimus,
1100 2817 1190 2864 autem
1216 2819 1332 2880 praeter
1355 2811 1437 2866 illuns
1461 2811 1572 2866 omnino
1597 2811 1706 2865 nullum
1726 2812 1851 2866 adorere
1871 2827 1934 2864 con-

240 2899 372 2970 anpelum
394 2915 424 2952 se
441 2898 564 2952 adorari
580 2896 770 2968 prohibentem
789 2906 816 2952 et
842 2898 977 2952 dicentem
1004 2900 1073 2952 ado·
1099 2896 1244 2952 sueuimus.

240 2986 336 3041 rotori
347 3002 416 3039 suo:
436 2982 593 3039 Conserous
611 2991 674 3037 tuus
692 3002 753 3038 snm
771 2992 797 3037 et
815 2985 941 3048 fratrum
954 2991 1072 3039 tuorum
1134 2981 1360 3039 censemus
1384 2982 1481 3037 classis
1504 2983 1626 3038 continet
1644 2982 1720 3038 diets
1737 2982 1831 3052 ills,
1824 2999 1853 3036 ιιι
1872 2981 1934 3054 qui·
1946 2991 2048 3084 ιιιιιςιι

243 3072 366 3172 Superbi
386 3071 502 3141 spiritus
523 3072 580 3124 ista
602 3071 657 3124 sibi
675 3071 789 3141 scipunt
805 3071 916 3125 diaboli
935 3079 961 3124 et
979 3069 1075 3138 anpeli
1100 3067 1153 3123 bus
1178 3075 1295 3140 negent,
1326 3070 1440 3139 angelos
1465 3085 1525 3123 esse
1552 3068 1722 3138 adorandos,
1754 3085 1787 3124 ex
1808 3086 1863 3141 quo
1882 3085 1933 3140 sp·
1921 3047 2015 3138 ..·⁸⁰,‘,⁸¹
2018 3056 2048 3137 ⁰1⁸,

241 3159 311 3227 ejus.
364 3156 513 3226 (Observa,
538 3156 727 3228 Augustinum
753 3156 911 3211 immediate
939 3163 1072 3228 tunquam
1099 3161 1186 3224 peret
1208 3161 1280 3227 quod
1297 3172 1348 3210 nec
1368 3155 1514 3211 defunctos
1534 3160 1644 3210 sanctos
1664 3155 1933 3221 edoruriroluerint,
1947 3151 2048 3190 'mm

240 3242 310 3298 dues
334 3243 441 3316 species
466 3241 699 3317 ιιιιιιῃρημινας
718 3240 797 3297 sibi
788 3241 906 3297 invicem
923 3259 1071 3313 opponere,
1099 3258 1162 3296 cum
1187 3243 1348 3314 angelorum
1373 3248 1403 3297 ιι
1427 3247 1584 3296 senatorum
1608 3240 1800 3297 defunctorum
1825 3241 1912 3298 huc
1904 3258 1935 3296 sn

241 3329 346 3384 cultum
380 3330 540 3402 religiosum
572 3328 624 3384 soli
653 3327 715 3384 Deo
745 3327 871 3384 debitum
904 3334 933 3383 et
963 3330 1073 3391 civilem
1099 3334 1177 3399 purte
1195 3328 1233 3383 sit
1249 3345 1301 3400 per
1320 3328 1398 3385 ratio.
1436 3327 1602 3384 Irenaeusl.
1625 3333 1648 3384 1.
1665 3344 1725 3398 esp.
1748 3333 1787 3384 23.
1806 3333 2048 3402 senensem:

241 3415 375 3471 creaturis
398 3415 586 3472 deserendum.
631 3415 708 3487 Ergo
732 3430 787 3468 non
811 3416 939 3486 agnoscit
962 3417 1074 3472 tertiam
1100 3414 1255 3469 ιιιιιιιιιιι
1272 3415 1362 3479 fuisse
1384 3432 1450 3469 usos
1467 3415 1632 3484 anpelorum
1650 3414 1879 3478 invocationibus,
1904 3419 1935 3468 ιι

241 3503 361 3575 aliquem
384 3503 504 3573 speciem
523 3503 615 3557 cultus
632 3500 833 3564 intermedium,
852 3500 946 3557 divine
963 3503 1074 3559 inferio·
1099 3518 1162 3574 cup.
1182 3506 1221 3557 ³5.
1245 3502 1374 3574 exprimit
1392 3501 1509 3557 formem
1529 3501 1726 3559 insecutionis:
1750 3502 1892 3569 Oanpde
1908 3509 1935 3555 te

240 3606 300 3646 rem
324 3595 353 3644 et
376 3589 497 3645 humanu
515 3589 664 3660 majorem,
691 3604 776 3658 quum
790 3587 931 3644 Pontificii
951 3589 1074 3645 introdn·
1101 3606 1159 3645 oro.
1184 3587 1232 3644 lib.
1258 3594 1282 3645 t.
1311 3591 1373 3643 eds.
1398 3589 1501 3644 haeres.
1532 3604 1593 3659 cup.
1619 3595 1658 3644 51.
1685 3604 1751 3658 psg.
1771 3592 1838 3645 16οι
1867 3588 1936 3642 Non

240 3676 326 3741 cunt.)
340 3681 421 3731 treet.
443 3681 465 3731 1.
486 3674 514 3730 in
531 3676 649 3732 tcum:
678 3674 745 3729 Non
760 3682 852 3745 potest
871 3690 931 3730 esse
948 3676 978 3729 in
994 3693 1074 3746 pace,
1101 3682 1142 3729 est
1157 3691 1299 3729 numerum
1316 3676 1410 3729 dicere
1428 3675 1593 3745 pratiarum,
1607 3692 1677 3743 quus
1697 3674 1816 3729 ecclesio
1832 3692 1852 3728 a
1870 3676 1935 3729 Deo

242 3762 292 3832 ossi
307 3777 385 3833 spem
402 3763 484 3832 ponit
506 3761 537 3815 in
555 3761 673 3821 homine.
712 3761 808 3816 Nolite
825 3763 867 3816 sic
884 3762 993 3832 eripere
1011 3781 1074 3818 ocu-
1101 3761 1242 3831 accipdens
1262 3761 1292 3815 in
1311 3761 1421 3815 nomine
1444 3763 1515 3814 ιιιιιι
1534 3761 1641 3815 Chresti
1657 3779 1712 3834 per
1729 3760 1855 3829 senonim
1873 3761 1937 3815 dies

239 3850 285 3903 los
310 3848 341 3902 in
360 3856 485 3917 monum,
513 3856 544 3901 ut
568 3848 685 3919 putetis,
715 3848 746 3902 in
774 3847 884 3903 homine
909 3866 988 3919 spem
1014 3868 1075 3906 esse
1101 3849 1132 3901 in
1151 3847 1361 3918 opitulationem
1379 3849 1503 3916 pentium
1515 3848 1646 3917 perficit,
1673 3864 1723 3902 nee
1743 3848 1937 3902 invocantibus

241 3943 362 3991 uestrum
387 3935 592 3990 collocandam.
631 3935 670 3988 Et
687 3934 729 3989 sie
746 3934 842 4005 dicito,
865 3935 957 3992 leuaui
978 3939 1074 3992 ocrtlos
1100 3931 1237 4002 un'pelicis
1255 3934 1370 4004 aliquid
1382 3934 1464 4002 facit,
1483 3950 1534 3988 nec
1546 3933 1795 4003 incantationibus,
1812 3951 1862 3988 nec
1877 3935 1932 3988 ali·

241 4040 317 4078 meos
343 4024 373 4077 in
397 4029 519 4088 orontes,
549 4023 625 4075 unde
649 4021 744 4075 ueniat
767 4022 905 4077 cnsilium
931 4024 1013 4092 mihi,
1044 4033 1075 4078 ut
1100 4039 1155 4091 orsu
1171 4039 1263 4092 praem
1281 4021 1450 4084 curiositate,
1477 4023 1529 4075 sed
1544 4022 1646 4075 munde
1667 4028 1694 4074 et
1704 4037 1780 4091 pure
1799 4029 1824 4075 et
1843 4023 1934 4075 muni·

241 4109 337 4163 stetim
359 4109 528 4177 subjunpas,
554 4107 692 4162 ancilium
714 4123 803 4162 meum
823 4128 842 4162 a
860 4111 999 4175 Domino,
1025 4113 1075 4182 qui
1098 4110 1170 4173 fests
1195 4110 1339 4163 orationes
1363 4108 1516 4180 diripentes
1544 4109 1586 4162 nd
1602 4109 1768 4178 Dominum,
1799 4109 1850 4176 qui
1863 4109 1936 4172 fecit

240 4195 311 4261 fecit
334 4194 441 4248 coelum
464 4201 491 4247 et
514 4201 627 4249 terram
667 4195 747 4248 Unde
771 4195 844 4248 enim
864 4203 890 4250 et
907 4205 1012 4251 montes
1029 4215 1074 4251 ac·
1100 4196 1203 4265 omnin,
1221 4203 1248 4248 et
1268 4211 1367 4249 nomen
1386 4195 1506 4249 Domini
1525 4196 1618 4248 nostri
1632 4184 1705 4248 Jssu
1725 4195 1839 4249 Christi.
1871 4193 1934 4249 Ori·

242 4288 387 4350 cepcrsmt,
416 4279 457 4333 ibi
482 4287 507 4334 et
532 4296 596 4349 spes
621 4287 720 4334 nostra
740 4284 875 4350 ponenda
898 4290 944 4338 est.
989 4286 1074 4338 Mons
1099 4299 1184 4354 genes
1211 4283 1257 4341 lib.
1286 4289 1309 4340 5.
1337 4282 1443 4337 advers.
1470 4278 1595 4336 Celsum:
1625 4281 1752 4351 Ampelos
1777 4280 1933 4335 invenimus

242 4375 305 4420 erat
323 4374 350 4420 et
367 4367 417 4420 ille
435 4365 571 4437 Baptista
587 4366 747 4433 Johannes,
766 4369 816 4436 qui
832 4369 918 4437 dicit,
940 4387 995 4424 non
1013 4388 1074 4425 sum
1099 4372 1239 4425 interdum
1264 4373 1333 4426 deos
1352 4368 1481 4440 [Elohim]
1501 4369 1601 4424 uocari
1622 4387 1641 4422 ι
1661 4368 1813 4437 scripum
1838 4385 1933 4438 sucro,

242 4469 293 4524 epo
313 4452 454 4516 Christus,
480 4469 514 4504 ne
538 4452 685 4521 quisquam
708 4470 785 4521 spem
807 4453 837 4507 in
858 4463 949 4509 monte
965 4473 1074 4525 ponens
1099 4461 1151 4512 sed
1173 4476 1230 4511 non
1253 4458 1308 4523 sic,
1335 4465 1366 4511 ut
1380 4456 1533 4526 jubeamur
1553 4472 1601 4510 eos
1620 4456 1745 4509 adorare
1761 4461 1811 4508 ant
1828 4454 1935 4508 ιιιιιιιιι

242 4541 355 4596 cuderet
382 4538 418 4590 ab
443 4539 509 4604 ello,
537 4539 588 4608 qni
612 4547 719 4592 montes
741 4539 875 4595 illrutrat.
900 4540 948 4600 lib.
974 4544 1009 4598 de
1026 4561 1074 4614 pu·
1100 4545 1250 4599 honoribus
1269 4545 1368 4610 colere,
1386 4543 1514 4612 quemme
1531 4543 1606 4595 dona
1627 4542 1687 4596 Dei
1703 4540 1784 4594 nobis
1801 4542 1933 4611 efferant.

242 4623 336 4683 storib.
362 4639 421 4695 esp.
444 4628 473 4679 8:
502 4624 599 4679 Nolite
615 4632 737 4693 pretore,
767 4633 795 4680 ts
814 4627 951 4696 injurtam
976 4633 1074 4698 facere
1102 4632 1205 4686 Omnia
1217 4632 1290 4685 enim
1309 4637 1388 4695 uoto,
1412 4645 1504 4683 omnes
1521 4626 1775 4700 interpellationes,
1797 4628 1934 4696 depreca-

242 4711 382 4768 montibus
404 4709 522 4775 sanctis,
546 4712 662 4779 wando
682 4712 801 4781 deceris,
826 4714 964 4768 ancilium
983 4734 1073 4773 meum
1100 4718 1189 4771 tiones
1217 4724 1243 4771 et
1265 4716 1425 4786 pretiorum
1449 4714 1572 4768 actiones
1598 4714 1787 4768 destinandas
1808 4721 1872 4767 sunt
1891 4717 1935 4767 od

241 4816 298 4853 non
318 4817 337 4853 a
357 4797 507 4864 montibus,
538 4798 590 4850 sed
609 4814 627 4849 a
648 4798 788 4867 Domino,
815 4799 866 4870 qui
879 4801 950 4864 fecit
967 4805 1074 4858 coelnm
1100 4806 1192 4859 Deum
1214 4820 1310 4859 rerum
1336 4803 1457 4857 omnium
1483 4801 1625 4856 dominum
1642 4816 1699 4869 per
1726 4800 1863 4869 maiorem
1882 4817 1933 4855 an·

242 4895 269 4941 et
295 4893 409 4939 terram.
448 4880 512 4952 Ipsi
535 4891 640 4936 montes
664 4884 717 4938 hoc
740 4885 793 4938 tibi
815 4887 947 4941 clamant.
986 4892 1074 4945 Mons
1097 4891 1170 4960 pelis
1196 4907 1329 4944 summum
1344 4889 1514 4957 pontificem,
1540 4888 1630 4941 uiuum
1655 4887 1766 4940 uerbum
1787 4896 1814 4941 et
1836 4888 1933 4940 Deum

241 4979 304 5027 erut
329 4970 439 5024 Paulus
462 4972 515 5024 etc.
555 4968 636 5038 Erpo
662 4969 711 5022 ubi
733 4970 869 5025 ιιιαιιιιι
893 4973 989 5028 oculos
1011 4984 1073 5031 tuos
1098 4984 1150 5033 etc.
1181 4977 1306 5045 Anpelos
1332 4975 1462 5028 inuocare
1490 4975 1593 5043 absorte
1620 4975 1746 5043 ipsorum
1763 4974 1933 5042 capnitione,

241 5058 271 5113 in
290 5055 492 5122 montenonis
511 5054 601 5109 ueniet
619 5056 755 5110 ancilium
773 5058 831 5122 tibi,
851 5059 884 5110 id
901 5067 942 5113 est
959 5062 989 5115 in
1007 5081 1072 5117 auc-
1098 5065 1180 5132 cujus
1194 5065 1273 5118 homo
1292 5079 1383 5134 capam
1400 5079 1456 5116 non
1474 5069 1522 5125 est,
1542 5077 1600 5115 non
1618 5060 1729 5113 uidetur
1748 5058 1854 5114 rationi
1864 5076 1932 5114 con-

241 5153 316 5200 tores
349 5142 563 5210 Scripturarum
594 5141 771 5209 diuinarum
809 5147 920 5199 uttmde
949 5149 1074 5204 omnibus
1097 5158 1266 5206 sentcneum.
1291 5151 1380 5219 Atque
1399 5156 1431 5201 ut
1446 5147 1720 5216 demus,abhomine
1734 5147 1935 5217 comprehendi

241 5229 374 5286 ιιιιιιιιιιι
400 5227 455 5282 tuis
481 5227 606 5282 omnibus
630 5227 737 5280 ossibus
759 5230 925 5295 clamantes,
954 5235 1073 5289 Domine
1097 5238 1200 5291 miram
1224 5237 1368 5306 quondam
1394 5243 1421 5289 et
1440 5252 1576 5289 arcannm
1601 5251 1697 5288 eorum
1718 5242 1841 5289 naturas
1859 5235 1932 5288 noti-

241 5317 305 5388 qus's
322 5315 425 5371 similis
442 5314 514 5369 cibit
534 5321 565 5367 ut
583 5329 697 5367 securus
716 5315 775 5368 sine
794 5317 856 5370 ulla
875 5320 1009 5374 montium
1029 5323 1071 5376 in·
1097 5325 1166 5378 tiam
1191 5322 1412 5393 officiorumque,
1437 5322 1536 5391 quidm
1558 5321 1714 5389 funpuntur
1734 5321 1854 5390 sinpuli,
1877 5321 1931 5375 hoc

234 5403 320 5473 ,iuria
345 5403 439 5466 dicas,
463 5400 600 5455 ancilium
624 5416 714 5453 meum
737 5417 755 5453 a
774 5404 914 5474 Domino,
938 5409 987 5475 cus·
1001 5409 1072 5475 fecit
1095 5409 1189 5478 ipsum
1206 5407 1339 5477 cohibent,
1379 5424 1415 5463 ne
1433 5408 1497 5477 quis
1513 5409 1619 5461 audeat
1638 5408 1740 5477 offerre
1759 5423 1856 5477 preces
1872 5407 1933 5460 ιιιιι

240 5488 346 5569 coslum
372 5496 398 5542 et
426 5495 540 5545 terrum
578 5487 644 5541 Non
668 5487 760 5540 solum
786 5494 850 5542 tunc
867 5490 921 5544 tibi
938 5509 992 5548 non
1009 5511 1070 5549 suc-
1097 5495 1222 5551 Domino
1244 5494 1313 5562 soli,
1335 5494 1385 5565 qui
1409 5511 1482 5547 unus
1505 5494 1615 5548 abunde
1639 5494 1746 5563 sufficit
1762 5499 1813 5549 ete
1834 5491 1883 5550 lib.
1903 5498 1929 5553 8.
