4104 6014
268 243 328 306 ott
768 250 770 308 J
863 242 985 303 Locus
1003 236 1205 301 moremus
1225 238 1372 303 SEXTUS

280 397 405 453 (11111111
430 404 457 453 et
478 399 642 468 humanum,
674 405 707 454 ut
728 399 764 455 sit
790 399 884 456 divino
908 397 1035 470 inferior,
1061 399 1112 454 hu·
1139 410 1250 458 nostres
1268 418 1399 472 spemque
1417 400 1626 473 corucpuendae
1648 398 1829 458 beatitudinis
1843 419 1900 474 per
1920 413 1974 458 me-

280 500 363 540 msno
385 487 478 539 autem
506 484 646 556 superior,
672 489 765 542 temen
782 485 927 559 Scriptura
943 487 1050 544 nullum
1067 487 1113 542 hic
1139 489 1265 545 dictores
1287 498 1399 546 sanctos
1425 492 1454 544 in
1474 491 1552 546 coelo
1572 491 1670 544 inanes
1689 509 1745 545 non
1764 506 1832 560 esse,
1858 492 1912 544 sed
1930 508 1975 545 or·

279 571 358 626 norit
379 570 514 635 medium,
541 570 590 626 sed
614 576 646 626 ut
670 571 742 629 duae
766 579 874 629 tantum
902 582 968 631 sunt
986 573 1113 646 decalogi
1140 576 1206 631 111111
1227 595 1246 631 a
1271 579 1336 632 Deo
1352 577 1488 631 ,instituto
1513 595 1562 631 nos
1585 579 1626 630 ad
1651 592 1746 631 eorum
1771 576 1881 630 ancilia
1909 593 1974 630 con·

279 657 400 727 tabulae,
420 674 537 729 quarum
556 658 632 729 prior
648 677 698 715 nos
717 659 849 716 informat
868 660 902 716 de
917 662 996 717 cultu
1010 661 1113 730 divino,
1133 665 1240 732 supere
1268 663 1368 717 debere
1398 681 1432 717 ac
1463 663 1558 718 debita
1583 664 1761 718 ueneratione
1792 681 1839 717 eos
1863 679 1977 732 semper

278 745 413 815 posterior
439 744 476 799 de
499 744 603 801 bonore
622 743 757 816 humano,
785 747 825 802 ita
843 765 955 820 quoque
973 748 1112 820 duplicem
1140 749 1308 818 implorare,
1332 757 1362 802 ut
1385 749 1525 803 salvemur
1541 766 1636 804 eorum
1656 750 1762 804 meritis
1781 767 1815 803 ac
1834 750 1976 804 11111111.

279 830 414 886 duntaxat
433 831 620 886 adorationem
639 831 723 902 norit,
741 833 891 904 propriam,
908 834 1066 906 religiosam
1080 850 1113 888 ac
1140 834 1205 889 inde
1224 833 1388 890 Scholastici
1409 834 1569 907 disputant,
1595 837 1763 891 adorandos
1783 852 1841 889 esse
1861 842 1977 889 sandes

279 916 415 986 divinam,
441 934 513 989 quse
540 918 592 973 soli
611 918 672 974 Deo
694 919 811 974 debetur
830 925 859 975 et
876 919 913 974 ad
931 921 1048 991 primam
1065 920 1112 975 de·
1139 922 1228 975 tribus
1248 921 1427 992 potissimum
1456 924 1492 976 de
1515 923 1616 978 cousin
1660 922 1759 977 Primo
1787 924 1820 975 ob
1848 931 1977 976 nostram

279 1003 370 1076 calogi
388 1004 514 1060 tabulam
534 1005 667 1077 pertinet,
698 1021 732 1060 ac
756 1005 944 1078 impropriam,
962 1006 1112 1062 humanam
1139 1008 1277 1079 inopiam,
1301 1016 1333 1064 re
1356 1008 1487 1062 nimirum
1513 1009 1628 1063 illorum
1651 1009 1751 1063 muita
1771 1010 1852 1063 nobis
1868 1011 1977 1079 suffra-

279 1099 308 1147 et
325 1098 472 1161 externam,
491 1109 564 1164 quae
581 1093 715 1147 creaturis
736 1091 838 1148 deferri
857 1098 950 1164 potest
968 1098 996 1148 et
1015 1093 1051 1148 ad
1071 1111 1113 1149 se·
1140 1103 1252 1163 pentnr,
1284 1096 1389 1148 (binde
1413 1095 1447 1149 ob
1472 1095 1599 1164 ipsorum
1624 1096 1761 1165 pieriam,
1792 1096 1915 1166 denique
1940 1096 1977 1149 ob

279 1177 399 1233 cundem
423 1177 548 1250 decalogi
571 1177 698 1234 tabulam
722 1178 875 1247 reducitur)
895 1196 954 1251 cap.
974 1185 1012 1236 11.
1032 1177 1060 1253 5.
1081 1184 1111 1234 1:
1141 1181 1200 1234 Dei
1224 1181 1414 1236 reuerentiam.
1452 1180 1636 1237 Bellsrminus
1659 1181 1694 1236 de
1719 1182 1792 1237 beat
1815 1190 1977 1237 sanctorum

282 1265 394 1334 011111,
422 1265 472 1334 qui
495 1266 625 1332 desertam
648 1267 768 1332 sanctis,
798 1268 883 1321 ctiam
901 1267 1007 1321 (1111111
1023 1265 1114 1320 aitrus
1140 1282 1198 1336 cap.
1217 1271 1259 1323 20.
1282 1284 1354 1337 resp.
1380 1266 1417 1321 ad
1440 1272 1479 1323 10.
1504 1273 1712 1340 argumentum:
1738 1269 1838 1322 Sancti
1860 1286 1894 1322 ec
1921 1286 1977 1324 me-

279 1351 428 1420 relipionis
468 1353 533 1407 licet
561 1354 739 1408 secundario.
774 1369 834 1425 cap.
862 1358 901 1409 13.
926 1351 1053 1423 praeced.
1085 1347 1114 1425 5.
1140 1355 1206 1407 ritis
1229 1355 1464 1423 praecedentibus
1489 1355 1640 1424 impetrare
1667 1364 1788 1425 possunt
1815 1364 1841 1409 et
1867 1357 1924 1410 sibi
1948 1365 1978 1410 et

280 1438 402 1509 penult:
427 1437 463 1493 Si
481 1437 570 1493 bonor
586 1439 678 1494 1111111
696 1440 811 1494 debetur
834 1439 915 1493 cirili
937 1438 1043 1506 uirtuti,
1070 1455 1115 1491 sa·
1141 1441 1209 1493 aliis
1237 1441 1283 1506 id,
1311 1442 1389 1510 quod
1413 1442 1524 1494 orando
1546 1449 1653 1510 petunt.
1691 1440 1756 1497 «lam
1777 1457 1842 1498 vero
1861 1441 1978 1514 quando

277 1527 417 1596 pientiae,
441 1526 585 1595 potentiae
614 1534 640 1580 et
670 1527 826 1589 nobilitati,
858 1543 924 1595 erpo
942 1527 1033 1580 bonor
1046 1525 1116 1595 plue
1140 1527 1291 1582 viventium
1313 1544 1410 1599 preces
1433 1527 1626 1597 imploramus,
1656 1545 1712 1584 nou
1737 1526 1914 1599 confugimus
1937 1528 1977 1583 ad

281 1629 366 1681 quam
386 1612 478 1666 1111111
500 1612 615 1666 debetur
632 1613 850 1681 supernaturali
865 1613 977 1682 uirtuti,
1003 1612 1114 1682 sapien·
1140 1613 1263 1684 ipsorum
1280 1614 1386 1685 merite,
1405 1614 1454 1668 sed
1467 1613 1640 1669 Christianae
1658 1614 1781 1669 caritatis
1797 1615 1919 1669 officium
1937 1615 1978 1670 ab

278 1700 350 1765 tiae,
371 1699 522 1769 potestati,
550 1699 701 1753 nobilitati.
741 1699 801 1754 Sed
826 1701 920 1753 sancti
943 1700 1041 1769 quoad
1057 1700 1114 1752 uir·
1140 1699 1193 1753 illie
1217 1699 1347 1770 petimus.
1382 1699 1466 1754 sota
1484 1700 1557 1753 enim
1575 1698 1704 1754 Christus
1722 1709 1778 1769 est,
1806 1703 1858 1770 qui
1873 1702 1978 1755 meruit

279 1792 350 1839 tutes
379 1785 613 1856 supernaturales
647 1785 786 1840 euoellunt
818 1787 929 1841 omnino
962 1791 1014 1841 etc.
1046 1801 1113 1853 erpo
1140 1787 1219 1839 nobis
1244 1787 1367 1856 pluriam
1394 1795 1421 1840 et
1443 1787 1568 1854 pretinm
1592 1795 1620 1840 et
1636 1788 1730 1841 omnia
1753 1788 1917 1841 neemsaria
1933 1789 1979 1841 ad

279 1873 377 1927 merito
401 1889 435 1926 ao
451 1872 521 1941 jure
546 1871 650 1942 optimo
675 1871 810 1940 relipioso
831 1872 909 1927 cultu
921 1868 1115 1942 prosequendi
1140 1873 1273 1938 salutem,
1296 1890 1362 1941 erpo
1385 1873 1458 1926 nibil
1474 1891 1494 1926 a
1512 1875 1619 1925 sanctis
1634 1881 1731 1941 petere
1750 1889 1900 1942 possumus
1918 1874 1980 1928 nisi

279 1966 352 2016 sunt.
384 1954 412 2032 5.
440 1957 506 2013 ult:
536 1963 615 2012 Deus
640 1959 746 2012 sanctis
772 1958 905 2031 bonorem
941 1966 968 2012 et
991 1957 1112 2027 pieriam
1140 1966 1170 2010 ut
1194 1960 1370 2031 intercedant
1389 1960 1469 2029 apud
1486 1961 1595 2021 Deum,
1624 1975 1678 2027 quo
1696 1958 1777 2012 nobis
1797 1958 1978 2014 0111111111-

276 2046 427 2116 promisit,
452 2062 520 2114 erpo
542 2046 659 2099 debetur
681 2045 721 2098 eis
746 2045 845 2114 honor,
865 2054 890 2099 et
910 2053 983 2100 certe
1002 2063 1057 2098 non
1077 2043 1113 2096 ab
1139 2047 1224 2099 ritum
1248 2046 1409 2115 applicetur
1433 2054 1460 2100 et
1480 2062 1534 2115 per
1556 2045 1697 2100 Christum
1720 2046 1844 2115 pretium
1868 2053 1895 2099 et
1917 2047 1978 2116 plo·

278 2133 360 2200 alisi,
391 2149 477 2204 qnam
503 2148 523 2184 a
546 2132 638 2199 nebu,
671 2132 721 2200 qui
745 2131 805 2185 illis
831 2131 985 2194 inferiores
1010 2146 1112 2189 sumus.
1139 2133 1212 2186 mam
1228 2139 1441 2201 consequantur,
1460 2140 1492 2187 ut
1508 2132 1606 2188 scribit
1623 2133 1738 2188 totidem
1756 2133 1849 2186 verbis
1867 2132 1976 2188 Bellat-

278 2221 344 2275 Non
362 2219 489 2274 conuenit
513 2225 606 2273 ament
628 2217 745 2272 mertias
768 2218 856 2272 locor
887 2218 986 2272 ciuilis
1033 2218 1112 2284 Erpa
1140 2219 1229 2272 minue
1249 2235 1308 2289 cap.
1333 2215 1470 2291 17510.
1490 2224 1573 2274 1111.
1604 2224 1629 2273 6.
1650 2218 1790 2274 Asanctis
1810 2232 1865 2273 uon
1885 2220 1976 2274 solum

278 2308 428 2377 relipiosus
447 2306 508 2360 illis
526 2305 647 2360 debetur.
673 2303 747 2372 (Qua
763 2303 850 2376 igitur
867 2302 959 2359 fronte
982 2302 1113 2359 coneus
1138 2306 1369 2375 intercessionem,
1387 2305 1436 2362 sed
1455 2306 1537 2362 etiam
1552 2324 1632 2376 mrem
1650 2315 1679 2361 ct
1697 2305 1844 2375 auritium,
1862 2322 1896 2361 ac
1915 2324 1975 2361 om·

279 2394 348 2449 dicit
377 2393 487 2448 nullum
519 2392 608 2447 111111
632 2392 766 2446 bonorem
795 2409 814 2445 a
832 2408 862 2444 se
882 2390 993 2453 deferri
1008 2391 1114 2445 1111111
1139 2393 1182 2447 nis
1207 2393 1318 2464 generis
1343 2391 1478 2449 beneficia
1505 2392 1660 2464 spiritualia
1685 2399 1714 2448 et
1738 2393 1906 2464 corporalia,
1937 2394 1976 2449 ad

280 2497 363 2550 quam
382 2488 537 2550 aeternum,
566 2480 615 2550 qai
635 2480 769 2534 moretm
781 2478 975 2551 principibus,
994 2478 1114 2547 repibus,
1138 2479 1210 2534 hauc
1235 2485 1265 2535 et
1281 2479 1402 2535 futuram
1421 2480 1506 2534 vitam
1525 2479 1660 2535 salutaria
1675 2485 1781 2551 petunt.
1818 2479 1976 2537 Concilium

274 2568 473 2638 parentibuel)
492 2567 597 2624 Suarea
615 2573 680 2623 tom.
700 2572 724 2623 2.
742 2582 838 2621 comm.
857 2565 887 2619 in
905 2563 1003 2619 Thom.
1023 2582 1051 2635 q.
1072 2568 1113 2621 31.
1140 2565 1334 2622 Tridentinum
1352 2584 1419 2622 sese.
1437 2573 1484 2624 25:
1508 2568 1622 2622 Bonum
1641 2575 1724 2637 etque
1741 2567 1810 2621 utile
1828 2577 1884 2637 est,
1908 2586 1975 2622 san-

279 2655 443 2727 11111121.
463 2661 530 2712 1111.
551 2659 580 2712 1:
606 2653 764 2719 Adoratio,
784 2669 856 2723 meae
874 2651 981 2722 sirpini
999 2651 1113 2706 debetur
1140 2662 1183 2709 tos
1206 2655 1374 2725 suppliciter
1393 2655 1522 2709 inuocare
1540 2663 1565 2709 et
1585 2656 1619 2709 ob
1640 2655 1772 2718 beneficia
1792 2655 1977 2724 impetranda

279 2743 360 2813 eique
378 2742 415 2795 ab
433 2741 551 2796 11111111
569 2741 721 2807 tribuitur,
746 2740 851 2795 cultum
868 2740 1032 2809 relipiosum
1049 2756 1113 2793 con·
1140 2760 1159 2796 a
1178 2744 1242 2796 Deo
1254 2759 1310 2811 per
1327 2741 1433 2795 rtttun
1462 2741 1524 2810 eius
1544 2742 1643 2796 Jesum
1663 2740 1803 2811 Cltristum
1823 2742 1977 2796 Dominum

278 2829 355 2885 tinet.
392 2826 500 2884 Blasius
524 2827 559 2882 de
581 2827 685 2899 Viegas
710 2827 740 2881 in
764 2844 862 2884 comm.
890 2843 973 2898 super
995 2824 1113 2896 Apocal.
1140 2836 1278 2895 nostrum,
1305 2827 1454 2897 puteolus
1479 2834 1576 2880 noster
1601 2829 1754 2881 Redcmtor
1780 2845 1814 2881 ac
1840 2828 1977 2882 Salvator

279 2921 433 2988 pugili:
457 2915 531 2971 Filii
552 2915 676 2984 pluriam
697 2931 758 2968 cum
784 2922 873 2968 matre
892 2931 949 2968 non
967 2921 1024 2967 tam
1042 2930 1114 2967 com·
1141 2923 1192 2980 est,
1219 2915 1262 2968 od
1286 2929 1381 2968 eorum
1404 2914 1560 2982 orationes,
1594 2932 1674 2984 opem
1696 2913 1886 2984 nuntiumque
1911 2932 1976 2968 con·

279 3023 389 3063 munem
419 3005 523 3075 judico
555 3020 641 3074 quam
667 3003 794 3056 eandem.
835 3001 872 3056 Et
895 3005 992 3072 postea
1017 2999 1115 3056 laudat
1140 3003 1247 3070 supere.
1280 2999 1397 3055 Mariam
1415 2999 1559 3071 appellant
1576 3016 1630 3054 non
1651 2999 1740 3054 solum
1759 3002 1977 3065 advocatricem,

280 3093 349 3150 illud
370 3091 512 3162 Gereonio,
535 3093 629 3146 Deum
655 3089 768 3142 dedisse
794 3088 945 3142 dimidium
962 3088 1044 3156 repni
1069 3086 1115 3140 sui
1140 3086 1188 3142 sed
1227 3086 1310 3142 etiem
1350 3087 1555 3150 mediatricem,
1598 3085 1822 3151 oremliatricem,
1865 3089 1977 3142 redem-

280 3181 396 3236 Mariae
423 3177 549 3248 Virpini,
577 3181 717 3246 potestate
735 3175 799 3228 Deo
822 3180 981 3228 remanente
999 3174 1114 3227 11111111
1139 3175 1233 3227 tricem
1262 3182 1288 3227 et
1315 3173 1558 3238 illuminatricem,
1594 3173 1724 3228 thronum
1749 3172 1875 3243 9111111,
1904 3190 1977 3242 por·

129 3285 206 3332 xm
220 3285 266 3330 lto.
280 3266 487 3340 quodammodo
510 3261 737 3318 misericordiam
759 3260 817 3314 Dei
837 3259 924 3314 matri
938 3276 1112 3329 sponsaeque
1138 3269 1196 3314 tam
1214 3260 1288 3315 coeli
1302 3267 1353 3315 etc.
1375 3259 1552 3315 Innocentius
1571 3259 1599 3312 in
1617 3258 1750 3329 oratione,
1768 3275 1850 3331 quam
1869 3268 1977 3316 trecen

279 3355 419 3427 repuanti.
468 3350 569 3422 Itaque
601 3347 742 3418 Virpinem
774 3347 896 3401 diemum
924 3347 1025 3401 babere
1050 3365 1112 3400 cum
1138 3354 1229 3402 torum
1250 3347 1356 3402 dierum
1377 3345 1559 3417 indulgentiis
1579 3345 1697 3401 dotavit:
1728 3346 1868 3401 OMaria
1886 3350 1979 3404 maris

278 3446 342 3498 Deo
364 3440 521 3511 imperium.
557 3434 698 3501 Quosdam
722 3432 827 3488 Mariae
855 3433 963 3489 latriam
988 3433 1111 3488 tribuere
1143 3435 1236 3498 stella,
1256 3442 1360 3503 portus
1380 3434 1490 3497 salutis,
1517 3433 1752 3503 naufrapantium
1773 3435 1831 3487 dua
1841 3435 1904 3504 pia,
1925 3438 1978 3490 mi·

276 3527 447 3585 ostendimus
466 3523 591 3595 superius
610 3518 636 3596 5.
657 3524 715 3576 381.
736 3519 849 3577 membr.
871 3525 911 3576 10.
950 3518 992 3573 Ex
1009 3519 1109 3591 quibus
1142 3537 1269 3575 sororum
1303 3528 1430 3590 patrona
1465 3520 1644 3588 dulm‘ssima,
1687 3536 1800 3574 reorum
1834 3523 1978 3576 aduocata

277 3616 405 3673 omnibus
428 3613 468 3667 sic
489 3609 642 3665 inserimus.
680 3605 792 3672 Cultus,
822 3606 871 3679 qui
891 3605 1028 3662 1111111111
1046 3623 1108 3662 san·
1137 3608 1318 3681 doctissima,
1345 3609 1557 3676 desperatorum
1580 3623 1644 3676 spes
1667 3607 1770 3671 unica,
1795 3616 1977 3678 peccatorum

277 3702 329 3758 ctis
347 3698 505 3763 exhibetur,
525 3701 569 3752 est
585 3693 711 3749 adoratio
730 3691 877 3764 religiosa,
892 3693 1013 3765 ¹proprie
1034 3692 1109 3748 dicta
1141 3693 1281 3748 salvatrice
1303 3695 1467 3762 mapnificm
1485 3693 1532 3746 die
1558 3710 1621 3745 meo
1647 3692 1810 3756 aerumma,
1829 3694 1908 3756 facie
1928 3703 1977 3749 tun

278 3795 307 3846 et
331 3786 431 3842 divina
473 3784 537 3841 lam
563 3798 629 3838 vero
658 3780 847 3853 compellatio,
875 3796 931 3850 que
958 3780 1109 3837 viventium
1141 3780 1388 3850 splendidissima,
1411 3796 1453 3833 me
1473 3796 1577 3849 precor
1600 3779 1723 3833 irradia.
1760 3778 1853 3834 sixtus
1874 3779 1926 3836 1v.
1947 3781 1976 3835 in

277 3891 374 3946 preces
393 3871 556 3944 expetimus,
573 3886 629 3924 nou
646 3873 691 3924 est
707 3865 839 3940 religiosa
858 3870 887 3922 et
904 3866 1017 3937 proprie
1034 3866 1109 3922 dicta
1142 3866 1279 3932 oratione,
1307 3883 1390 3937 quem
1414 3881 1507 3921 ceram
1525 3865 1646 3937 imagine
1665 3864 1770 3921 Mariae
1790 3865 1975 3922 recitantibus

277 3947 410 4018 adoratio.
454 3965 478 4015 5.
504 3956 668 4013 Sanctorum
696 3970 752 4008 non
777 3952 858 4009 modo
885 3952 1109 4010 intercessionem
1139 3954 1268 4010 undecim
1296 3952 1412 4007 millium
1442 3968 1576 4006 annorum
1614 3952 1801 4023 indulgentiae
1833 3954 1973 4024 promisit:

277 4052 391 4121 petunt,
427 4044 475 4100 sed
513 4043 596 4099 etiam
634 4041 742 4096 meritis
781 4057 877 4094 eorum
910 4041 1053 4112 confidunt
1082 4046 1111 4096 et
1136 4044 1196 4097 Aac
1220 4041 1399 4096 sanctissima
1418 4040 1517 4094 linter
1544 4040 1615 4109 Dei,
1646 4041 1747 4110 rapina
1779 4040 1863 4109 coeli,
1884 4051 1973 4111 porta

277 4141 390 4206 propter
417 4131 466 4185 illa
493 4146 553 4184 sere
580 4127 767 4184 exaudiendos
792 4132 913 4198 sperant
953 4125 987 4181 In
1012 4143 1109 4183 canon.
1132 4130 1283 4202 paradisi,
1311 4128 1424 4183 domina
1453 4127 1553 4180 mnndi
1574 4132 1625 4183 etc.
1661 4126 1766 4182 Petunt
1791 4142 1809 4181 a
1831 4126 1921 4184 Maria
1943 4135 1974 4184 et

278 4219 378 4276 missae
403 4218 442 4273 sic
461 4222 555 4274 orant:
581 4214 702 4278 Quonim
728 4214 912 4284 [sanctorum]
933 4214 1067 4284 precibus
1085 4221 1111 4268 et
1136 4217 1240 4273 sanetis
1256 4217 1344 4287 primo
1358 4221 1538 4284 pcccatorum
1552 4213 1750 4268 remissionem.
1789 4213 1823 4267 In
1835 4213 1969 4284 psalterio

278 4307 386 4361 meritis
411 4305 563 4371 concedas,
589 4309 619 4356 ut
642 4303 671 4355 in
694 4301 821 4354 manibus
843 4301 1027 4371 protectionis
1045 4308 1110 4354 tuae
1137 4303 1243 4359 Mariae
1268 4303 1364 4374 psalm.
1399 4306 1446 4356 50:
1481 4301 1620 4354 Miserere
1649 4301 1704 4353 mei
1731 4302 1870 4371 Domina,
1900 4321 1974 4373 quas

278 4393 437 4448 muniamur
465 4390 580 4445 autulio.
626 4386 659 4443 In
684 4387 785 4443 hortul
806 4393 905 4446 anim:
928 4388 1063 4442 Precibus
1085 4396 1112 4443 et
1138 4399 1225 4445 mater
1239 4389 1646 4457 misericordiaenuncuparis,
1660 4394 1686 4440 et
1697 4389 1848 4442 secumdum
1862 4389 1974 4444 uiscera

278 4481 386 4536 meritis
413 4479 530 4534 Mariae
560 4491 669 4545 semper
697 4475 817 4545 virpinis
843 4482 869 4529 et
897 4475 1018 4529 omnium
1047 4492 1111 4528 san·
1137 4477 1397 4532 misericordiarum
1415 4481 1529 4528 tuarum
1547 4476 1653 4528 munda
1670 4492 1713 4528 me
1730 4475 1766 4528 ab
1778 4476 1904 4530 omnibus
1916 4477 1971 4531 ini·

279 4577 387 4622 ctorum
405 4567 545 4636 perducat
565 4581 617 4618 nos
637 4562 779 4616 Dominus
796 4563 839 4616 ad
854 4579 942 4632 repna
961 4563 1111 4617 coelorum.
1138 4564 1290 4634 quitatibus
1309 4563 1385 4617 meis.
1420 4559 1516 4631 psalm.
1534 4564 1580 4617 5³:
1603 4561 1727 4615 Domina
1747 4561 1777 4614 in
1794 4563 1904 4616 nominc
1923 4573 1972 4620 tue
1987 4581 2051 4626 rem

279 4655 313 4708 In
331 4652 449 4709 breviar.
472 4651 562 4707 Rom:
587 4652 682 4714 Deus,
711 4649 761 4718 qui
784 4648 934 4703 Nicolaum
960 4649 1113 4703 innumeris
1137 4652 1247 4706 saltum
1271 4666 1312 4703 me
1328 4651 1380 4714 fac
1403 4655 1427 4701 et
1444 4649 1480 4700 ab
1500 4648 1648 4716 injustitiis
1667 4648 1734 4701 meis
1751 4648 1844 4703 libera
1862 4668 1917 4714 me,
1941 4661 1974 4706 ut

282 4739 426 4796 decorami
456 4737 616 4805 miraculis,
654 4736 744 4790 tribue
777 4753 958 4806 quaesumus,
993 4743 1022 4789 ut
1052 4737 1113 4805 ejus
1138 4755 1193 4792 non
1222 4744 1321 4792 noceat
1352 4735 1422 4788 milti
1458 4733 1609 4788 calliditas
1632 4735 1747 4788 inimici.
1776 4734 1874 4806 psalm.
1906 4743 1970 4800 127:

280 4829 387 4885 meritis
422 4833 448 4879 et
481 4825 609 4895 precibus
645 4842 663 4878 a
698 4824 838 4893 pebennae
873 4823 1011 4877 incendiis
1047 4823 1113 4876 libe·
1140 4823 1274 4879 Converte
1301 4821 1427 4876 Domina
1455 4821 1680 4875 misericordiam
1704 4828 1781 4875 triam
1807 4839 1892 4893 super
1920 4842 1975 4879 nos

278 4932 381 4970 remur.
418 4909 592 4967 Lombardus
619 4916 642 4966 1.
670 4916 740 4966 sent.
764 4908 826 4965 dist
853 4914 895 4966 15.
920 4909 961 4965 111.
987 4908 1027 4965 G:
1064 4907 1112 4964 In·
1138 4919 1165 4965 et
1179 4909 1370 4980 deprecabilis
1393 4914 1451 4961 ecto
1476 4924 1562 4976 semer
1584 4925 1678 4962 seruos
1703 4915 1771 4962 tuos.
1814 4909 1929 4965 Intuere
1948 4920 1974 4967 et

280 5003 425 5060 tercedunt
454 5001 495 5052 ad
520 4999 612 5051 Deum
641 5015 697 5067 pro
726 4996 807 5052 111111
835 4996 934 5060 sancti,
960 5003 986 5050 ct
1005 4998 1112 5064 merito,
1138 4998 1246 5067 respice
1272 4993 1453 5065 opprobrium
1482 5001 1622 5063 nostmsm,
1665 4998 1749 5061 aufer
1776 5004 1893 5050 cunetas
1919 4997 1974 5051 ini·

177 5152 180 5157 ,
279 5095 348 5146 dum
370 5088 485 5145 ullorum
505 5085 607 5138 merito
634 5084 714 5138 nobie
736 5085 933 5154 suffrapantur
959 5089 986 5136 ct
1004 5085 1113 5153 affectu,
1138 5084 1259 5152 quitates
1293 5089 1414 5136 nostras.
1454 5078 1611 5135 iohannem
1639 5079 1795 5150 Baptistsm
1828 5083 1871 5137 sid
1899 5099 1974 5139 com·

280 5180 348 5232 dum
364 5182 429 5230 eota
443 5179 541 5228 nostra
560 5169 677 5239 capiunt
694 5169 823 5240 impleri,
853 5170 930 5238 quod
947 5177 1040 5223 tamen
1056 5187 1113 5224 non
1138 5171 1257 5242 pellant:

278 5264 400 5329 faciunt,
423 5261 483 5315 nisi
497 5259 527 5313 in
545 5256 688 5311 uoluntate
708 5257 767 5310 Dei
785 5256 931 5327 implenda
951 5257 1112 5314 didicerint.
1301 5255 1334 5309 Ut
1352 5262 1456 5325 queant
1474 5255 1548 5308 lam's
1567 5269 1701 5307 resonare
1713 5256 1799 5324 fibris

283 5351 405 5404 Oramus
424 5364 505 5416 erpo,
529 5351 560 5398 ut
578 5343 755 5396 intercedant
771 5361 826 5413 pro
845 5343 939 5409 nobis,
964 5345 1063 5411 idest,
1081 5351 1111 5398 ut
1294 5342 1375 5397 Mira
1391 5348 1531 5411 pectorum
1548 5340 1654 5403 famuli
1671 5348 1782 5395 tuorum

281 5436 383 5491 merita
401 5451 497 5490 eornm
512 5431 592 5487 111111
609 5429 802 5501 suffrapentur
823 5436 873 5486 111.
909 5428 1032 5486 Gabriel.
1050 5428 1112 5484 Biel
1295 5429 1377 5484 Soloe
1390 5426 1499 5498 polluti
1516 5427 1589 5481 labii
1604 5434 1711 5481 reatum

280 5522 344 5582 lect.
368 5527 411 5580 ³0.
429 5521 459 5576 iu
477 5535 575 5576 canen
595 5514 709 5572 missae:
731 5516 778 5571 Ea
793 5517 892 5588 quibus
905 5524 993 5590 patet,
1010 5526 1112 5589 preces
1294 5518 1396 5575 1111111
1415 5514 1569 5569 Jonama.
1622 5549 1625 5556 ,
