4104 6014
663 269 715 327 DE
733 266 977 328 MORTUORUM
996 268 1319 328 RESURRECTIONE.
1771 277 1831 334 497

143 425 200 473 ctos
217 421 386 492 accipimus,
418 424 468 493 qui
486 432 603 495 peccato
620 425 725 481 mortui
740 443 797 481 uon
815 431 893 494 sunt,
924 424 976 478 sed
1001 425 1068 492 quia
1092 424 1150 478 soli
1171 428 1265 481 sancti
1282 427 1464 482 beatitudinis
1481 426 1603 495 pieriam
1623 432 1833 495 consequentur.

144 523 250 572 omues,
275 526 345 577 qum
362 510 394 565 in
411 528 528 583 corpore
549 514 702 568 adveniens
722 513 850 567 curium
867 513 975 566 invene·
1002 511 1116 566 Mortui
1140 522 1286 584 renerpent
1312 514 1472 584 incorrupti
1496 521 1523 568 et
1545 531 1597 568 nos
1621 512 1834 566 immutabimur.

143 592 189 646 rii·
231 593 368 666 Quodque
386 600 522 668 sequitur,
548 617 605 654 uon
620 600 830 670 praesumemus
847 615 908 669 eos,
927 597 977 668 oui
1003 598 1115 652 Mortui
1131 600 1176 654 oei
1189 609 1353 669 peccatores
1369 600 1552 669 intellipeudi
1572 607 1650 665 suut,
1678 600 1729 668 qui
1751 599 1834 652 etiam

143 680 329 752 dormierunt,
353 701 532 755 nequaquem
554 689 595 741 ad
616 694 780 759 peccatores
798 687 909 750 referre
929 688 975 739 ds·
1001 683 1121 738 uiuentes
1138 688 1243 740 mortui
1259 703 1319 741 esse
1336 688 1481 751 dicuntur,
1508 693 1538 740 ut
1561 688 1602 739 ad
1618 703 1757 756 poenam,·
1784 691 1834 738 aut

144 766 251 834 bemus,
275 785 364 840 neque
379 772 451 827 euim
466 781 631 843 peccatores
647 792 708 828 cum
725 774 811 842 iustu
827 773 976 843 rapientur
1003 770 1189 840 immortales,
1212 780 1244 826 ut
1269 775 1373 842 absque
1392 772 1491 842 abipsa
1511 773 1694 827 membrorum
1714 771 1833 825 diminu-

143 853 251 908 oboiam
274 854 399 926 Cirista,
424 859 477 912 sed
497 858 533 924 ii,
559 877 629 929 quos
651 878 727 915 mors
747 859 908 914 dissolverit
924 865 975 914 etc.
1002 856 1077 910 tione
1098 867 1256 928 resurpuut.
1299 860 1347 913 Vei
1371 866 1443 913 certe
1466 859 1631 929 simpliciter
1648 875 1742 913 omues
1761 875 1834 912 mor·

143 938 296 1012 subjungit
314 947 412 1013 postes
433 943 563 1018 Origenis
584 947 783 1018 expositionem
800 945 976 1017 allegoricam
1002 949 1065 998 tuos
1088 961 1234 1013 resurpere
1260 946 1329 999 dicit
1353 952 1378 998 et
1401 945 1478 999 solos
1501 952 1612 999 sanctos
1630 962 1693 999 cum
1711 945 1761 1009 iis,
1785 943 1836 1012 qui

143 1031 172 1080 et
200 1028 354 1084 concludit:
386 1032 467 1086 Haec
490 1033 579 1087 celeri
604 1051 730 1089 sumone
756 1035 874 1099 dictavi,
907 1033 977 1102 quid
1002 1030 1059 1083 oioi
1072 1031 1147 1099 justi
1163 1031 1268 1085 inventi
1286 1032 1408 1099 fuerint,
1427 1031 1458 1084 iu
1473 1030 1596 1098 pieriam
1613 1032 1766 1085 immutari.
1800 1028 1833 1084 In

144 1115 250 1168 eruditi
268 1117 325 1170 uiri
341 1119 377 1171 de
395 1125 513 1189 utroquo
531 1121 595 1175 loco
611 1122 747 1175 sentirent
771 1128 797 1174 et
813 1119 912 1189 quibus
931 1136 976 1171 or·
1002 1131 1098 1170 comm.
1126 1123 1147 1172 1.
1166 1117 1262 1175 Thess.
1280 1124 1311 1174 l:
1343 1119 1412 1187 Ipso
1436 1125 1522 1187 raptu
1545 1135 1620 1172 more
1641 1117 1787 1186 proveniet
1810 1125 1835 1170 et

142 1202 280 1266 pumentis
306 1220 373 1257 suus
401 1204 505 1259 uellent
526 1207 656 1281 proborp
676 1207 841 1275 sententias,
868 1211 977 1258 uestrae
1003 1204 1087 1272 quasi
1105 1220 1159 1273 per
1178 1221 1322 1272 soporem,
1347 1211 1378 1257 ut
1399 1221 1514 1274 opressa
1524 1205 1630 1258 ,anima
1648 1205 1679 1257 iu
1698 1211 1835 1258 momento

139 1288 312 1354 pnsdentiae
342 1306 495 1362 seponens,
527 1309 614 1362 neque
644 1295 718 1348 euim
741 1299 821 1348 touta
840 1300 882 1346 est
899 1306 977 1345 meae
1002 1291 1150 1344 reddatur.
1187 1290 1257 1344 Gsm
1273 1290 1345 1343 enim
1363 1291 1510 1360 tollentur,
1536 1291 1705 1356 moriautur,
1723 1298 1754 1344 ut
1769 1307 1835 1360 per·

139 1372 311 1440 militatis
327 1377 497 1442 auctoritas,
527 1386 635 1448 meanto
657 1395 769 1446 eorum,
797 1378 848 1448 qui
871 1395 921 1432 uos
946 1376 976 1431 in
1002 1376 1138 1429 uenientes
1156 1378 1197 1429 ad
1213 1376 1368 1429 Dominum
1386 1376 1528 1446 recipiant
1546 1377 1669 1445 animas,
1689 1378 1757 1446 quio
1774 1394 1836 1431 cum

145 1459 270 1514 Domino
281 1473 498 1530 praecesserunt
515 1471 568 1525 cte.
602 1467 640 1522 Et
660 1471 771 1537 postes:
788 1466 872 1519 Illud
890 1464 976 1517 breid-
1004 1463 1126 1516 Domino
1151 1464 1254 1516 mortui
1271 1479 1400 1518 essenon
1417 1471 1545 1536 possunt.
1580 1462 1755 1535 Augustinus
1773 1462 1834 1521 libr.

144 1552 185 1599 ter
205 1545 235 1599 iu
254 1549 310 1610 fine
329 1567 502 1622 commoneo,
525 1551 577 1607 boe
597 1554 674 1621 quod
694 1554 725 1606 in
744 1551 857 1606 Latinis
874 1550 976 1605 codici·
1003 1553 1042 1604 20.
1064 1548 1099 1602 de
1117 1548 1170 1605 eiv.
1181 1548 1235 1604 Dei
1255 1567 1277 1603 c.
1292 1554 1338 1607 20:
1361 1551 1468 1614 Quaeri
1487 1551 1565 1616 solet,
1583 1559 1676 1605 utrum
1693 1551 1748 1618 illi,
1765 1568 1835 1620 quos

143 1633 194 1686 bus
207 1632 324 1704 lepitur',
349 1654 444 1692 omues
464 1639 578 1708 quidem
595 1655 787 1709 resurpemus,
808 1656 865 1693 non
884 1654 977 1690 omues
1003 1636 1048 1688 bic
1066 1637 1185 1689 uiuentes
1205 1633 1334 1690 Obristus
1358 1639 1520 1691 inventurus
1546 1646 1602 1703 eet,
1633 1655 1752 1707 quorum
1767 1653 1834 1706 per·

144 1725 236 1774 autum
258 1722 481 1789 immutabimur,
512 1726 544 1778 in
572 1724 694 1779 Graecis
716 1725 901 1780 uoluminibus
921 1741 977 1776 uon
1002 1739 1100 1776 sonam
1121 1723 1152 1775 in
1167 1739 1198 1775 se
1216 1730 1299 1792 utque
1316 1723 1398 1793 ilios,
1429 1725 1481 1792 qui
1500 1731 1566 1776 tuuc
1591 1740 1683 1777 secum
1701 1724 1835 1791 sinebant,

144 1805 251 1874 baberi,
269 1811 322 1862 sod
337 1811 390 1879 oei,
408 1828 501 1866 omuee
512 1812 692 1880 dormiemus,
709 1829 765 1864 nou
780 1819 872 1865 autem
884 1826 977 1865 omues
1002 1810 1225 1879 tranefipurabat
1242 1812 1395 1880 apostolus,
1415 1828 1560 1881 nunquam
1579 1813 1688 1865 omreiuo
1705 1812 1837 1865 morituri

142 1894 364 1965 immutabimur,
395 1898 439 1952 uel
467 1915 525 1952 nou
548 1913 643 1951 omues
666 1897 852 1961 dormiemus,
884 1911 977 1950 omues
1003 1896 1072 1961 siret,
1092 1913 1131 1948 ou
1150 1895 1213 1964 ipso
1231 1897 1365 1968 temporis
1378 1905 1497 1969 puncto,
1515 1916 1569 1966 quo
1588 1915 1650 1952 cum
1668 1901 1834 1968 resurpeuti·

144 1986 236 2034 aedem
258 1980 474 2041 immutabimur.
510 1982 539 2038 Is
566 1983 614 2056 qui
634 1983 875 2040 commentariolos
894 1981 977 2039 colle·
1003 1983 1053 2036 bus
1077 1982 1226 2052 rapientur
1251 1984 1281 2037 in
1305 1984 1423 2037 nubibus
1447 1985 1557 2038 obvium
1580 1983 1690 2039 Obsisto
1708 1985 1738 2038 iu
1756 1990 1835 2054 abra,

143 2065 186 2137 git
204 2066 233 2120 in
252 2083 347 2124 omnes
366 2068 500 2124 Paulinus
514 2071 654 2141 epistolas,
673 2087 744 2144 quos
757 2070 870 2141 quidem
879 2068 976 2125 Hiero·
1003 2071 1044 2123 ad
1060 2070 1297 2140 immortalitatem
1304 2088 1361 2140 per
1372 2079 1488 2125 mortem
1501 2072 1575 2125 mira
1588 2072 1732 2126 eeleritate
1742 2081 1835 2126 traue-

144 2152 220 2222 nymi
239 2159 349 2225 putent,
369 2141 419 2211 sod
438 2155 518 2223 falso,
539 2156 645 2213 indicat
662 2157 800 2228 triplicem
820 2156 904 2227 hujus
922 2155 977 2211 loci
1003 2155 1088 2210 ibunt.
1124 2158 1220 2226 Neque
1240 2157 1313 2211 enim
1330 2157 1482 2211 dicendum
1500 2164 1556 2226 est,
1576 2159 1642 2224 fieri
1663 2175 1719 2212 uon
1743 2174 1835 2228 posse,

143 2238 298 2298 lectionem.
339 2241 433 2298 Prinne
452 2248 509 2312 est,
539 2260 632 2298 omnes
660 2245 775 2315 pridem
794 2259 977 2314 rumpemus,
1004 2251 1034 2298 ut
1052 2247 1119 2297 dum
1137 2260 1190 2315 per
1208 2247 1277 2298 aira
1294 2245 1325 2298 in
1341 2243 1458 2298 sublime
1471 2251 1631 2313 portantur,
1649 2245 1681 2298 iu
1701 2245 1753 2299 illo
1770 2263 1835 2314 epa·

144 2328 195 2380 sed
212 2344 268 2381 uon
286 2346 380 2383 omues
397 2330 618 2399 immutabimur,
645 2337 677 2386 ut
701 2332 840 2387 immutari
862 2331 900 2385 sit
917 2346 979 2401 pro·
1004 2333 1044 2386 tio
1059 2339 1086 2385 et
1102 2332 1261 2386 moriantur
1282 2338 1309 2385 et
1325 2332 1492 2385 revivescant
1508 2336 1559 2385 etc.
1595 2331 1645 2384 Ad
1657 2334 1731 2387 brus
1745 2341 1836 2387 ouem

146 2412 236 2483 prium
253 2416 420 2472 transeuntis
440 2416 476 2471 ad
496 2417 582 2473 vitem
600 2418 724 2489 bostem,
750 2418 831 2489 cnjus
854 2416 979 2473 lectionis
1005 2435 1122 2489 sensum,
1140 2435 1195 2489 quo
1213 2421 1407 2482 eristimemus,
1422 2421 1507 2473 etium
1524 2419 1599 2484 illos,
1620 2421 1743 2490 quosbic
1758 2423 1836 2476 uiuos

146 2504 174 2553 st
192 2500 266 2555 hunc
286 2517 398 2557 sensnm
416 2502 499 2569 fucit,
516 2521 609 2559 omues
628 2521 819 2574 resurpemus,
839 2505 890 2574 qui
904 2521 979 2557 mor·
1005 2507 1168 2561 inventurus
1192 2513 1232 2560 est
1250 2507 1404 2575 Dominus,
1434 2507 1465 2559 in
1491 2507 1554 2577 ipso
1579 2523 1671 2575 parvo
1694 2509 1786 2578 spatio
1811 2516 1836 2562 et

146 2585 189 2638 tui
209 2589 398 2660 reperiemur,
428 2608 485 2645 uou
513 2607 607 2646 omues
631 2591 853 2654 immutabimur,
883 2591 978 2660 quiin
1002 2610 1139 2663 posueras
1157 2599 1271 2649 mortem
1290 2600 1317 2646 et
1334 2600 1498 2662 coepturos
1509 2595 1755 2660 immortalitatem,
1774 2597 1836 2667 ipsc

145 2689 265 2743 corpore
286 2676 343 2729 oiri
367 2679 555 2747 reperiemur,
578 2679 652 2749 qnod
675 2677 725 2732 soli
744 2678 783 2748 pii
808 2678 864 2732 sint
882 2678 977 2733 immu-
1003 2681 1149 2748 apostolus
1165 2696 1216 2733 nos
1232 2680 1344 2733 uidetur
1364 2696 1481 2750 erpere,
1499 2681 1548 2733 ubi
1566 2681 1652 2750 dicit,
1672 2683 1703 2735 iu
1723 2682 1835 2737 Christo

145 2759 231 2829 tendi,
251 2759 332 2815 multi
347 2766 441 2816 nutem
459 2763 537 2834 impii
557 2763 782 2834 deprehendendi
801 2764 866 2819 vivi.
900 2764 977 2819 Alte·
1005 2784 1099 2820 omues
1115 2767 1335 2836 summotonus,
1354 2785 1415 2820 mem
1434 2768 1494 2821 alio
1514 2768 1576 2823 loco
1594 2770 1629 2821 de
1642 2768 1707 2838 ipsa
1721 2769 1836 2838 loquens

145 2863 218 2913 ram,
248 2864 343 2901 omues
372 2849 484 2918 quidem
514 2852 698 2918 dorrniemus,
727 2853 779 2904 sed
802 2869 860 2905 nou
885 2868 978 2904 omues
1003 2854 1205 2909 ressurectione
1224 2871 1373 2924 corporum
1392 2854 1478 2918 dicut,
1498 2862 1529 2907 tu
1543 2857 1620 2924 qreod
1631 2856 1761 2921 seminas,
1780 2874 1836 2911 uon

146 2932 361 3003 immutabimur,
381 2941 414 2989 ut
433 2935 616 3007 accipiamus,
635 2937 772 2993 neminem
790 2954 846 2992 non
865 2936 977 2991 moritu·
1003 2940 1168 3005 vivificatur,
1198 2941 1257 2993 nisi
1281 2940 1428 2995 moriatur.
1467 2939 1613 3002 Quomodo
1636 2942 1737 3009 ipitur,
1767 2959 1836 3011 quos

146 3035 216 3089 rum,
235 3038 291 3076 non
308 3036 403 3077 omnes
423 3021 490 3077 item
508 3022 695 3080 immutandos
714 3025 744 3079 in
761 3023 883 3096 glorium.
911 3023 978 3079 Ter·
1003 3028 1122 3081 oireutes
1142 3026 1187 3080 bic
1208 3026 1335 3080 Obrs'stsu
1354 3026 1487 3094 inueniet,
1511 3042 1567 3096 per
1596 3027 1836 3083 immortalitatem

146 3106 228 3176 tium,
260 3124 356 3162 omues
378 3110 491 3178 quidem
513 3127 569 3164 non
596 3112 780 3180 dormiemus,
812 3113 864 3166 sed
887 3129 980 3167 omues
1004 3114 1103 3168 inille
1121 3112 1345 3183 uim‘jicabuntur,
1375 3113 1428 3167 etsi
1443 3131 1498 3166 uou
1516 3113 1688 3183 emoriantur,
1718 3132 1780 3168 cum
1796 3117 1835 3168 oi-

146 3194 369 3264 immutabimur,
396 3202 428 3251 ut
450 3196 607 3269 intelliges,
634 3215 690 3253 non
710 3215 805 3254 omnes
824 3199 979 3269 morituros,
1005 3204 1120 3256 deamus
1135 3207 1256 3272 propter
1275 3200 1326 3253 boc
1344 3215 1402 3253 esee
1420 3199 1539 3266 dictum,
1565 3207 1595 3252 tu
1612 3202 1690 3269 quod
1705 3203 1837 3266 seminas,

147 3296 241 3335 omnes
268 3290 362 3337 temen
385 3284 621 3340 monsformendos
648 3285 684 3340 sd
712 3285 828 3340 eundem
852 3285 979 3356 gloriam,
1005 3306 1060 3343 uon
1077 3287 1249 3353 vivificatur,
1277 3287 1335 3339 nisi
1346 3286 1430 3355 psius
1451 3286 1612 3339 moriatur?
1643 3289 1836 3342 nutrirentur

147 3367 284 3440 siquidem
314 3374 389 3425 totns
416 3369 463 3425 hic
488 3388 578 3426 sermo
604 3386 660 3426 non
685 3372 721 3427 sd
741 3389 836 3427 omnes
854 3371 978 3427 homines
1004 3392 1060 3429 nou
1086 3374 1205 3427 dicimus
1228 3372 1377 3440 seminari,
1408 3371 1466 3425 uisi
1492 3389 1525 3425 eu
1548 3388 1671 3441 corpora
1689 3373 1837 3439 bominum,

147 3455 343 3525 communiter,
375 3456 425 3512 sed
443 3457 479 3511 sd
493 3458 584 3526 justos
603 3458 715 3529 proprie
734 3457 867 3529 pertinet,
896 3464 979 3530 atque
1006 3478 1077 3532 qrsae
1095 3461 1242 3524 moriendo
1260 3476 1368 3529 proquo
1384 3459 1467 3512 modo
1484 3460 1703 3512 revertunturiu
1722 3467 1836 3525 terram,

147 3540 219 3596 hene
235 3548 403 3612 postcomm
421 3542 568 3599 lectionem
586 3544 703 3598 maxime
719 3543 833 3613 probet,
860 3550 892 3598 ut
914 3561 979 3615 spo·
1006 3548 1078 3600 sicut
1089 3564 1148 3600 sese
1162 3546 1242 3599 babet
1254 3545 1338 3599 deam
1356 3544 1411 3598 illa
1431 3545 1462 3597 iu
1480 3551 1715 3612 trarespressorem
1722 3553 1838 3615 patrem

147 3628 246 3683 stolioo
273 3629 365 3685 senoni
385 3630 503 3684 maxime
522 3635 728 3701 congruentem.
766 3629 979 3703 chrysostomus
1005 3635 1113 3704 pencris
1132 3631 1249 3686 humaui
1267 3631 1400 3685 diuinitus
1412 3630 1533 3700 prolata
1552 3632 1697 3702 sententia,
1717 3641 1795 3688 terra
1808 3652 1838 3689 es

147 3713 461 3772 nenbrunnen.
480 3716 979 3774 eiresmed.looumhunosieenar-
1007 3721 1080 3774 etin
1100 3718 1293 3780 terramibis;
1316 3718 1472 3785 fatendum
1492 3725 1546 3783 est,
1568 3720 1650 3783 istos,
1676 3737 1746 3789 quos
1769 3739 1837 3775 nou-

148 3807 203 3855 rst:
223 3801 422 3859 Veuerandum
440 3805 578 3873 quiddam
597 3813 625 3858 et
642 3821 781 3859 areanum
794 3813 821 3858 et
835 3807 913 3873 quoa
924 3823 981 3859 uon
1006 3809 1074 3861 dum
1097 3808 1133 3860 de
1155 3804 1320 3875 corporibus
1343 3820 1482 3873 opressos,
1509 3822 1571 3858 crem
1589 3806 1679 3858 reniet
1701 3806 1837 3878 Cbmstue,

148 3903 242 3942 omnes
258 3895 375 3953 norunt,
399 3897 439 3942 est
464 3891 600 3944 dicturus.
641 3891 719 3954 Quid
736 3892 788 3945 boc
806 3899 899 3945 nutem
919 3893 979 3945 esti
1006 3893 1139 3958 inueniet,
1162 3900 1188 3946 et
1214 3892 1246 3945 iu
1271 3891 1334 3945 istic
1352 3890 1442 3946 uerbis
1461 3891 1585 3960 apostoli
1601 3898 1628 3945 et
1645 3892 1706 3946 iliis
1724 3894 1760 3947 de
1781 3893 1836 3948 (ie-

150 3976 252 4029 Omncs
268 3976 381 4046 pidem
398 3994 455 4030 uon
473 3977 689 4046 obdormiemus,
710 3993 804 4032 omnes
821 3985 914 4031 aedem
931 3977 980 4031 im·
1006 3983 1069 4036 nesi
1088 3998 1144 4035 nou
1160 3979 1261 4043 teneri,
1286 3978 1420 4047 quoniam
1445 3994 1559 4031 surorum
1575 3977 1606 4031 iu
1625 3977 1743 4031 nubibus
1759 3980 1839 4051 rapti
1890 4039 1897 4048 ,

148 4063 324 4118 mutabimur.
360 4064 423 4117 Hoc
442 4071 483 4117 est
500 4072 601 4132 autem
617 4066 695 4134 quod
710 4065 791 4133 dicit,
811 4082 868 4119 uou
886 4081 980 4119 omnes
1005 4087 1062 4123 uon
1088 4068 1183 4135 utiquc
1211 4067 1398 4132 seminantur,
1430 4064 1498 4133 quia
1522 4080 1571 4118 uec
1595 4071 1660 4117 eunt
1683 4063 1836 4120 interram

53 4158 85 4200 x.
100 4156 135 4198 7⁹.
148 4149 260 4218 quidem
273 4150 434 4213 moriemur,
454 4167 548 4205 omnes
561 4158 654 4205 andem
668 4151 883 4215 immutabimur,
895 4152 979 4205 etiam
1005 4171 1055 4209 uec
1072 4155 1199 4215 redeunt,
1218 4152 1275 4205 siue
1292 4151 1403 4204 nullam
1417 4166 1542 4218 prorsus
1563 4150 1747 4219 enpuriautur
1765 4168 1836 4206 mor·

148 4235 199 4306 qui
214 4253 271 4289 uon
287 4236 461 4295 morirentur.
480 4254 545 4290 uam
564 4236 613 4290 illi
628 4254 737 4306 quoque
755 4245 819 4291 sunt
835 4237 979 4296 mortales.
1005 4251 1066 4308 tem,
1093 4241 1150 4293 siue
1165 4239 1316 4308 paululum
1335 4239 1366 4290 iu
1385 4240 1450 4289 abrs
1469 4237 1634 4290 moriautur.
1676 4237 1735 4291 Sed
1752 4238 1838 4292 eliud

146 4325 191 4378 Ne
209 4339 276 4391 erpo
290 4323 422 4392 quoumm
435 4324 573 4392 morieris,
585 4331 751 4393 propterea,
769 4325 868 4393 iuquit,
882 4325 979 4379 timeus
1003 4346 1105 4383 rursus
1122 4326 1252 4395 somne,
1273 4326 1351 4395 quod
1367 4325 1442 4377 idem
1463 4324 1533 4378 dicit
1551 4323 1703 4393 apostolus,
1723 4342 1785 4378 cum
1799 4328 1835 4379 de

146 4417 281 4479 tauquam
300 4427 356 4464 non
372 4418 589 4464 resurrecturum.
628 4410 699 4464 Sunt
717 4412 799 4479 euim,
818 4419 881 4464 mut
894 4414 978 4466 etiam
1004 4415 1211 4469 resurrectione
1241 4429 1389 4481 corporum
1416 4412 1459 4464 ad
1480 4408 1641 4463 Corinthios
1667 4410 1836 4479 loqsssretur,

146 4495 246 4565 aliqui,
264 4496 314 4566 qui
329 4497 382 4550 boo
399 4497 545 4566 effupieut,
564 4504 590 4551 et
607 4503 700 4551 tomen
717 4497 768 4551 boo
786 4499 827 4549 eis
844 4514 901 4551 non
919 4500 979 4562 suf·
1005 4518 1100 4557 omues
1125 4516 1318 4568 resurpemus,
1351 4497 1396 4552 uel
1418 4496 1491 4550 siem
1514 4496 1569 4550 alii
1594 4497 1705 4550 codices
1728 4497 1836 4568 babent,

146 4584 205 4648 licit
222 4584 264 4636 ad
280 4583 363 4636 illum
379 4584 625 4654 resurrectionem,
643 4585 696 4637 sed
714 4591 823 4653 oportet
840 4585 896 4639 illu
913 4603 979 4656 quo·
1005 4604 1098 4644 omnes
1118 4586 1296 4641 dormiemus.
1338 4584 1407 4638 Cum
1433 4601 1499 4653 erpo
1517 4600 1567 4636 uec
1584 4585 1754 4637 ressurrectio
1766 4585 1839 4652 fiori

100 4734 103 4739 ,
147 4686 338 4740 peucorpora,
358 4685 496 4738 uuueuon
509 4670 676 4736 moriuntur,
693 4671 979 4727 immutariettruns·
1002 4675 1107 4745 possit,
1139 4673 1196 4725 nesi
1224 4690 1303 4726 mors
1328 4670 1531 4740 praecesserit,
1563 4686 1614 4723 uec
1640 4671 1836 4724 dormitionem

147 4758 191 4811 ire
211 4756 252 4809 od
271 4756 517 4825 iucorntptiouem.
552 4755 590 4811 Et
607 4762 721 4828 postca:
749 4759 863 4812 Mortui
885 4775 978 4812 resur·
1002 4778 1151 4832 possumus
1174 4759 1226 4813 illo
1251 4759 1314 4812 loco
1337 4757 1510 4826 iutellipere,
1538 4756 1598 4810 uisi
1614 4764 1743 4824 mortem,
1769 4775 1837 4827 quo·

147 4851 211 4915 pent
242 4842 402 4913 incorrupti
431 4851 456 4896 et
480 4860 532 4896 uos
559 4843 775 4898 immutabimur.
818 4845 902 4899 Illud
927 4865 979 4901 nos
1004 4850 1088 4903 modo
1106 4863 1200 4900 omnes
1220 4845 1359 4899 dumient
1378 4845 1423 4898 reb
1441 4850 1602 4910 reeurpeut,
1628 4843 1656 4897 si
1671 4851 1730 4897 tam
1747 4846 1836 4909 mdti,

145 4949 202 4985 nou
220 4931 291 4985 dicit
307 4932 343 4985 de
359 4948 389 4985 ee
404 4930 477 5001 ipso,
495 4932 600 4985 redde
620 4930 665 5001 iis,
684 4933 733 5001 qui
750 4939 815 4985 tuuc
834 4933 977 4987 iuoeuiuu·
1004 4952 1074 5006 quos
1093 4936 1122 4987 iu
1142 4949 1261 5005 corpore
1284 4932 1447 4985 inventurus
1471 4937 1513 4983 est
1533 4929 1673 4998 Obsistue,
1701 4946 1751 4983 uec
1770 4933 1836 4985 dor·

145 5025 192 5073 tur
214 5018 341 5073 oirsmes.
382 5016 546 5072 Ambrosius
579 5017 624 5072 vel
654 5019 812 5090 quicunque
841 5025 885 5075 est
907 5021 977 5075 elius
1003 5022 1103 5089 mieut,
1128 5036 1178 5072 nee
1203 5018 1373 5084 resurpeut!
1404 5015 1439 5070 Si
1454 5032 1523 5085 erpo
1541 5022 1667 5081 enudas,
1693 5017 1744 5084 qui
1758 5032 1836 5085 repe·

144 5109 243 5161 suctos
259 5105 288 5160 in
308 5120 405 5160 comm.
427 5110 449 5160 1.
469 5103 531 5158 Cor.
553 5109 598 5159 15:
630 5105 732 5158 Omnes
751 5105 865 5174 quidem
883 5125 976 5161 resur·
1003 5109 1112 5161 rientur
1134 5104 1246 5159 cbristo
1263 5103 1389 5158 ueniente
1406 5102 1526 5155 viventes
1553 5102 1634 5170 eique
1662 5101 1771 5155 obuiam
1788 5121 1836 5157 ra·

145 5208 254 5263 pemue,
279 5209 336 5247 uon
353 5206 446 5245 omues
465 5190 680 5245 immutabimur.
718 5192 821 5245 Omnes
839 5192 911 5246 enim
928 5193 976 5247 bo·
999 5195 1123 5264 pientur,
1144 5190 1361 5258 crediderimus,
1383 5190 1413 5243 iu
1434 5189 1532 5242 eodem
1549 5194 1634 5256 raptu
1656 5189 1691 5241 de
1708 5189 1835 5243 mortali-

143 5279 233 5333 miuss
251 5286 411 5350 usurpent,
438 5279 491 5333 sed
510 5277 580 5348 soli,
604 5277 655 5346 qui
672 5279 820 5346 repuaturi
838 5288 916 5345 euru,
944 5281 975 5335 in
1003 5281 1053 5335 bus
1070 5278 1236 5349 corporibus
1262 5276 1386 5330 eoituros
1412 5282 1438 5329 et
1464 5275 1623 5327 adsedem
1641 5291 1704 5328 mox
1722 5275 1835 5330 immor-
1849 5283 1903 5327 m.
1919 5283 1953 5329 co.

144 5366 267 5438 pluriam
290 5369 476 5422 mutabuntur.
511 5364 578 5420 Siue
595 5365 655 5419 ite:
681 5381 775 5419 onmes
789 5383 975 5437 resurpemus,
1002 5367 1075 5421 tolia
1090 5365 1247 5428 redituros,
1270 5361 1367 5416 nullas
1392 5360 1422 5413 in
1439 5360 1531 5415 uerbis
1548 5361 1673 5430 apostoli
1691 5361 1834 5430 patiemur

144 5454 194 5523 qui
222 5453 252 5506 in
280 5454 403 5507 aduentu
434 5450 542 5507 Christi
573 5452 679 5505 mortui
704 5452 889 5523 iuuereiemur,
919 5472 976 5508 uon
1001 5453 1157 5522 oupustias,
1172 5448 1292 5504 sioeubi
1308 5447 1388 5516 dicit,
1404 5453 1436 5499 tu
1453 5447 1530 5514 quod
1548 5447 1678 5512 caninos,
1695 5464 1751 5501 uon
1766 5447 1833 5502 oiri-

117 5583 120 5587 ·
144 5554 239 5596 cumae
254 5539 489 5607 immutabuntur,
521 5538 572 5608 qui
596 5538 627 5593 in
648 5554 767 5608 corpore
784 5540 840 5594 sint
858 5541 974 5611 reperti,
1001 5541 1112 5608 ficetur,
1129 5536 1188 5591 nisi
1204 5535 1344 5591 moriatur
1349 5554 1362 5599 ;
1380 5534 1438 5588 rive
1456 5532 1506 5586 ubi
1524 5532 1609 5598 dicit,
1630 5548 1723 5587 omues
1741 5548 1835 5589 resur·

197 5634 300 5679 mrumst
313 5633 363 5677 loci.
390 5634 447 5680 vm.
499 5674 505 5687 ,
1470 5624 1503 5675 32
