4104 6014
251 331 312 393 378
844 327 967 388 Locus
983 323 1191 396 vicetinus
1210 326 1358 388 sextus

250 482 309 538 telo
335 484 504 543 meriditor.
537 485 566 539 in
594 501 677 556 quem
702 486 793 541 locum
820 485 860 540 ric
885 483 1087 540 commentatur
1113 490 1197 538 notro
1221 499 1267 549 ee,
1296 491 1401 539 certum
1424 490 1480 553 eet,
1513 484 1582 554 qaia
1607 484 1739 538 morter-ir
1758 491 1809 539 etc.
1847 483 1953 556 Itaque

203 620 206 627 ,
251 567 418 640 Gregorius:
444 570 578 639 Conpruo
594 572 783 627 rimilitodime
800 580 907 642 tempor
925 573 999 626 telae
1015 589 1087 624 com·
1113 570 1208 624 omnio
1225 570 1271 624 liic
1290 570 1399 624 incerto
1417 577 1496 640 root,
1512 571 1561 624 oti
1576 571 1640 625 eolo
1658 578 1843 639 mortuone,
1869 573 1952 642 eajue

247 665 383 724 parator,
414 658 483 726 quio
515 658 588 711 riom
616 658 673 713 telo
703 659 769 724 filo,
802 657 845 712 eie
874 658 933 713 rito
958 657 1087 711 mortalia
1112 655 1196 711 etiem
1220 657 1292 711 horo
1314 657 1437 725 incerto,
1464 665 1490 712 et
1515 657 1579 712 eolo
1593 657 1709 712 moltam
1726 665 1855 728 caemar,
1878 675 1952 727 paee

250 742 346 796 dictor
371 743 493 813 ampotis
517 745 647 814 proficit,
677 746 730 799 red
759 761 813 814 quo
842 745 884 798 ori
912 750 1086 814 oopmmtom
1111 742 1175 796 eolo
1193 742 1377 798 nullomodo
1397 743 1546 799 devitatur.
1582 742 1760 799 Bernhardue
1778 759 1858 800 eorm.
1873 749 1899 801 8.
1916 744 1953 800 de

245 828 375 898 proficit,
401 847 435 884 eo
460 833 502 885 cd
518 830 679 885 incirionem
703 830 802 886 tendit.
840 829 909 885 tum
930 828 1002 883 mim
1020 837 1085 883 tem·
1111 828 1184 887 mod.
1210 828 1280 884 bene
1304 827 1359 886 viv.
1386 828 1432 884 ad.
1455 846 1524 885 eor.:
1554 828 1589 884 si
1607 829 1732 898 quotidie
1755 838 1872 884 mortem
1896 848 1945 884 eo-

245 932 322 984 poro
336 923 475 985 percepto
487 923 686 987 praetereant,
704 924 821 970 emtore
838 916 1009 983 brevientur,
1027 915 1085 969 teto
1110 922 1198 968 rtrom
1215 917 1257 969 ool
1273 915 1438 970 memoriam
1455 916 1625 980 reducimur.
1644 915 1764 970 iibmter
1780 915 1877 970 omnio
1897 924 1951 970 ter·

248 1001 320 1055 enim
345 1002 452 1056 duodus
474 1002 561 1072 lippia
579 1002 745 1069 innectitur,
769 1008 800 1056 ut
819 1009 944 1070 tenatur,
960 1003 1013 1057 od
1030 1017 1085 1070 quo
1110 1017 1181 1054 remo
1201 1002 1416 1068 commatrem
1434 1002 1462 1056 ei
1480 1003 1555 1056 diem
1574 1002 1672 1057 mortio
1688 1009 1805 1056 ooetroe
1817 1002 1848 1056 in
1862 1010 1951 1058 mente

212 1096 216 1101 '
248 1086 370 1152 inseriae
394 1095 471 1142 terto
494 1088 659 1153 involvitur,
687 1103 721 1142 eo
744 1086 875 1156 reperiere
893 1088 1014 1140 tenendo
1034 1088 1084 1140 do·
1110 1086 1249 1151 tatemer,
1273 1089 1330 1143 cito
1348 1089 1453 1152 omnio,
1474 1105 1545 1158 quoe
1562 1089 1593 1142 in
1611 1088 1663 1142 loc
1683 1089 1788 1143 muodo
1805 1097 1880 1158 rom,
1900 1091 1948 1144 de·

243 1171 390 1241 plicetur,
422 1181 448 1228 et
472 1175 547 1227 unde
573 1189 603 1227 ae
633 1174 674 1226 od
703 1180 879 1241 oopmeetom
907 1171 1086 1244 multrpiicot,
1110 1172 1253 1242 epicimoe.
1289 1175 1318 1231 3.
1337 1175 1389 1228 Ad
1404 1175 1480 1228 citae
1497 1181 1630 1229 aeternae
1653 1173 1810 1248 ἐπιθυμίαν
1827 1191 1869 1247 oc
1888 1191 1949 1228 coe·

247 1257 314 1312 inde
344 1260 376 1323 fit
407 1259 498 1312 minua
528 1261 607 1328 qood
632 1266 729 1314 reatot.
769 1257 818 1313 sic
849 1257 982 1311 nimirem
1009 1257 1085 1310 otae
1111 1257 1221 1312 tertium
1244 1259 1378 1314 bonorem
1402 1259 1598 1330 oppetentium.
1634 1258 1689 1325 Qui
1713 1277 1745 1315 ee
1768 1259 1846 1315 brevi
1866 1258 1947 1316 mori·
2007 1310 2010 1315 .

249 1351 362 1399 noetroe
385 1352 512 1414 temporo
534 1353 561 1399 et
585 1352 732 1399 tromocto
749 1344 834 1413 puori
851 1343 975 1408 inferiae
995 1344 1084 1398 meol·
1110 1348 1202 1399 turum
1221 1343 1339 1417 cogitat,
1363 1343 1387 1399 ie
1405 1343 1505 1416 epretie
1524 1344 1640 1402 tenente
1658 1351 1718 1401 toto
1734 1345 1827 1401 cordie
1844 1345 1948 1401 affectu

247 1430 336 1483 rimor
350 1437 511 1485 morniaco
531 1449 550 1485 c
569 1431 714 1501 repertori
731 1429 921 1500 deplicamus,
944 1430 1013 1500 quin
1030 1446 1084 1499 ooo
1111 1431 1241 1486 ooeleetia
1258 1430 1398 1487 deciderat
1416 1432 1573 1487 exclamane
1593 1448 1657 1487 cum
1668 1431 1778 1487 Daride
1791 1432 1896 1489 Pealm.
1906 1437 1949 1498 89,

245 1515 313 1586 pior
330 1518 406 1585 fiunt
421 1517 595 1589 praeterito,
624 1518 716 1570 minue
737 1532 796 1570 cere
815 1516 954 1586 incipiunt
974 1518 1084 1583 smera.
1111 1533 1136 1572 v.
1156 1521 1201 1572 1³:
1227 1517 1400 1586 Pereprinor
1419 1519 1500 1587 opud
1516 1526 1542 1572 te
1553 1536 1610 1588 epo
1629 1526 1655 1573 et
1673 1519 1785 1586 incolo,
1803 1527 1835 1572 ut
1854 1534 1949 1573 omeee

247 1600 311 1657 en.
324 1606 367 1666 ³8,
387 1620 411 1657 r.
431 1607 469 1658 12.
487 1602 584 1658 eadem
596 1602 758 1674 metaphora
771 1602 860 1658 utitur
872 1619 920 1658 rex
932 1601 1085 1661 Ezechiae:
1109 1610 1208 1672 patrer
1225 1603 1288 1672 mei,

247 1688 386 1742 Praecieo
414 1696 454 1741 ert
475 1689 549 1742 celui
569 1706 588 1742 o
606 1696 710 1743 tecente
728 1690 788 1745 cito
804 1705 883 1760 meo,
909 1690 975 1742 dom
991 1689 1085 1743 editoe
1165 1693 1252 1752 ξεῖνος
1272 1689 1327 1761 iyei
1344 1689 1453 1763 redoperi
1476 1693 1521 1744 eol
1542 1688 1666 1764 οὐρανοῦ
1686 1693 1744 1764 εἰμι
1757 1691 1879 1757 πολίτης,

247 1774 371 1836 ordirer,
390 1773 511 1827 reccidit
527 1790 577 1839 me,
600 1791 627 1844 q.
645 1774 672 1828 d.
691 1774 720 1830 in
737 1774 805 1845 ipeie
823 1774 919 1846 primie
938 1772 992 1828 filie
1011 1779 1085 1829 ritae
1111 1775 1212 1845 torpet
1228 1793 1288 1830 rom
1305 1777 1413 1841 moedi,
1431 1777 1483 1830 aed
1499 1776 1568 1829 eicie
1584 1783 1611 1830 et
1623 1776 1718 1830 incolo
1730 1776 1820 1845 coeii,·
1838 1780 1868 1830 at
1884 1791 1947 1831 cum

247 1874 324 1914 meae
344 1857 525 1928 disponendis
541 1860 626 1915 telam
646 1877 735 1916 meam
754 1865 784 1915 et
802 1877 866 1932 epae
884 1865 1008 1916 terrenae
1026 1876 1081 1915 om·
1111 1861 1198 1919 Paulo
1217 1861 1303 1918 Hebe.
1324 1868 1365 1930 1³,
1390 1879 1415 1916 v.
1434 1867 1481 1919 14:
1507 1863 1573 1916 Non
1590 1862 1723 1917 tutemus
1740 1862 1786 1916 tie
1805 1862 1947 1917 civitatem

247 1959 297 1998 nee
314 1943 459 2015 praecidit.
489 1944 582 2010 Quare
602 1962 665 2001 conr
681 1945 735 2002 hac
753 1946 815 2017 ipea
833 1946 901 2002 bora
914 1963 949 2002 ex
962 1945 1083 2018 corporie
1110 1956 1277 2016 manentem,
1308 1950 1360 2003 aeci
1376 1950 1506 2014 fetorem
1527 1947 1715 2018 requirimur,
1742 1946 1791 2003 ubi
1809 1948 1948 2019 particula

246 2035 276 2085 et
305 2030 400 2086 muudi
432 2030 570 2087 domicilio
603 2031 683 2088 nobie
714 2032 784 2088 forte
816 2032 1008 2105 emigrandum
1040 2033 1084 2103 eit,
1109 2034 1284 2090 adversativa
1308 2033 1379 2088 «tlte
1402 2034 1457 2088 vim
1485 2033 1625 2107 quandam
1647 2032 1779 2089 illationi·
1797 2033 1880 2090 eimul
1897 2032 1946 2090 ob·

246 2116 342 2188 eoquie
368 2116 397 2171 in
426 2124 587 2190 coquentem
616 2118 711 2174 horam
740 2119 940 2190 poenitentiam
971 2118 1083 2175 differre
1110 2121 1195 2190 tinet,
1222 2138 1278 2176 non
1296 2119 1431 2176 habemur
1454 2119 1499 2176 hic
1523 2119 1664 2175 civitatem
1688 2125 1861 2190 manentem,
1883 2120 1947 2176 ideo

246 2201 334 2257 velit?
366 2201 541 2275 Auguetinue
572 2205 654 2276 epiet.
683 2210 715 2260 tr
747 2205 863 2277 Semper
891 2213 954 2260 unte
984 2206 1082 2261 oculor
1108 2206 1230 2261 futuram
1243 2206 1415 2277 inquirimur.
1447 2205 1636 2277 Hieronymue
1650 2204 1686 2260 ed
1699 2205 1945 2278 Cypriantomt.

241 2296 501 2346 ,nostroroeractor
519 2292 634 2346 nitimur
653 2293 730 2356 elice,
748 2301 854 2346 etcum
874 2291 1000 2347 Neruio
1020 2310 1082 2346 eor·
1109 2308 1172 2363 pag.
1196 2297 1246 2349 45:
1281 2293 1338 2356 Qut
1359 2294 1541 2361 recordatur,
1567 2307 1597 2345 ae
1622 2291 1748 2360 meotidie
1769 2292 1946 2361 morderem,

244 2375 416 2440 renerimue,
440 2394 495 2431 oon
519 2379 562 2431 ud
584 2389 725 2448 coeperam
753 2396 803 2432 noe
822 2379 997 2442 confidomoa
1013 2395 1080 2448 per·
1108 2378 1256 2433 contemnit
1271 2380 1438 2450 praecentio
1455 2386 1481 2432 et
1498 2380 1540 2432 od
1553 2379 1684 2442 futorum
1691 2379 1825 2447 sentient.
1859 2379 1948 2435 4.Λά

243 2462 347 2531 conire,
365 2471 392 2517 et
412 2480 474 2516 com
492 2463 523 2518 in
541 2464 646 2519 lectolo
663 2464 785 2519 membro
803 2473 900 2520 noetro
922 2465 1081 2534 deporaeri·
1107 2480 1200 2519 ocrem
1220 2466 1250 2519 in
1275 2465 1403 2519 adoerar'r
1423 2465 1599 2535 patientiam.
1638 2462 1759 2520 Ultimae
1784 2461 1945 2519 morborum

244 2566 318 2614 mue,
350 2550 386 2603 de
406 2549 478 2604 locr'a
496 2568 552 2606 noo
571 2553 745 2621 confidamus
762 2554 892 2607 adverto.
924 2553 972 2606 Ito
988 2552 1080 2617 focile
1106 2550 1230 2606 medicus
1258 2558 1286 2607 et
1313 2551 1435 2607 omnium
1460 2550 1595 2607 malorum
1622 2550 1685 2605 finie
1711 2567 1785 2605 more
1811 2553 1868 2621 eet,
1896 2548 1946 2622 qui

239 2633 397 2705 poterimus
413 2651 517 2707 corpor
534 2644 661 2691 noctram
679 2655 698 2691 o
715 2637 791 2692 citiie
809 2645 834 2692 et
847 2637 1078 2708 concupiscentiis
1106 2653 1173 2709 ergo
1191 2654 1221 2692 ee
1238 2637 1315 2694 brevi
1335 2637 1497 2693 moriturum
1514 2637 1665 2709 cogitatio
1682 2635 1794 2692 morboe
1811 2642 1841 2692 et
1859 2652 1944 2709 quae·

242 2721 401 2784 refrenor-e.
448 2723 475 2778 2.
502 2724 554 2777 Ad
577 2729 751 2778 terrenorum
778 2731 942 2778 contemtum
968 2739 1004 2776 nc
1032 2723 1078 2777 dc·
1105 2724 1147 2778 vie
1169 2723 1288 2779 adverae
1309 2725 1338 2779 in
1356 2731 1445 2780 morte
1469 2723 1553 2779 finem
1570 2723 1701 2779 habitura
1719 2721 1861 2793 patienter
1875 2722 1943 2779 tole·

242 2806 427 2876 apioientr‘om.
476 2807 584 2864 Eearue
610 2824 671 2864 ecee
697 2809 860 2864 moriturum
889 2809 1017 2880 cogitare
1041 2808 1077 2864 ad
1104 2816 1156 2866 rat
1199 2809 1378 2866 Calamitetee
1404 2810 1488 2882 hujne
1517 2809 1591 2865 vitae
1616 2808 1757 2880 apoetolue
1781 2812 1805 2862 2.
1828 2806 1890 2864 Cor.
1916 2814 1942 2877 t,

241 2892 358 2949 tramam
384 2892 522 2950 iacobum
545 2894 615 2951 dicit
637 2894 708 2952 Gen.
733 2900 781 2962 25,
806 2914 830 2953 r.
852 2900 899 2951 32:
926 2897 1000 2949 Ecce
1027 2911 1076 2962 epo
1104 2914 1130 2950 v.
1152 2903 1191 2956 17.
1217 2897 1341 2968 appellat
1361 2896 1392 2951 τὸ
1416 2902 1575 2970 παραυτίκα
1600 2892 1727 2968 ἐλαφρὸν
1749 2895 1797 2965 τῆς
1815 2897 1940 2965 θλίψεως

241 2981 327 3044 eodo,
351 2988 384 3034 ot
402 2981 520 3046 morior,
542 2989 568 3035 et
587 2982 658 3054 quid
676 2983 746 3037 miti
759 2984 918 3052 proderunt
935 2982 1076 3052 primope-
1104 2988 1217 3054 propter
1238 2982 1401 3039 brevitatem
1419 2989 1448 3039 et
1465 2982 1645 3054 fugacitatem
1663 2981 1746 3053 huju·
1762 2980 1851 3050 ritae,
1875 2997 1939 3037 curn

241 3067 325 3122 nitet
355 3067 415 3138 ipee
441 3066 552 3139 quidem
577 3067 694 3140 profano
722 3069 813 3124 auimo
841 3068 927 3124 ietaec
954 3067 1077 3139 protulit,
1104 3085 1160 3141 qua
1186 3085 1280 3124 omuee
1297 3068 1447 3137 finiuntur,
1475 3067 1571 3140 ecquie
1588 3067 1675 3140 igitur
1693 3066 1865 3123 calamitates
1882 3070 1941 3121 tum

242 3152 352 3209 interim
377 3152 440 3225 piue
465 3153 573 3210 animoe
600 3154 636 3210 ad
656 3154 806 3211 eeluterem
826 3172 906 3210 neum
926 3155 1011 3212 verba
1029 3154 1077 3210 illa
1104 3153 1180 3211 brevi
1202 3161 1326 3226 tempore
1351 3155 1498 3210 duraturae
1514 3154 1653 3226 patienter
1673 3154 1792 3209 tolerare
1810 3151 1940 3209 mesot

242 3238 416 3311 applicatae
434 3240 540 3313 dirigit,
570 3242 683 3314 quaudo
701 3241 894 3298 meditationee
912 3243 1007 3298 mortie
1023 3248 1077 3296 ter·
1104 3245 1129 3298 5.
1155 3242 1208 3295 Ad
1234 3242 1328 3296 divini
1348 3241 1473 3296 neminie
1498 3241 1691 3297 reverentiam.
1737 3240 1844 3294 Timete
1867 3255 1940 3308 eum,

241 3341 371 3382 renorum
412 3333 580 3383 contemtum
622 3328 755 3385 inducero
797 3344 830 3384 ex
871 3328 926 3383 illie
962 3326 1075 3400 colligit.
1102 3327 1194 3399 inquit
1209 3326 1350 3396 Salvator,
1373 3329 1423 3398 poi
1442 3335 1536 3401 potest
1561 3328 1685 3382 uommm
1704 3335 1730 3382 et
1751 3344 1855 3396 corpu
1870 3343 1940 3398 per*-

241 3410 343 3468 Pealm.
364 3417 412 3483 39,
436 3431 462 3469 v.
481 3417 506 3471 8.
530 3429 593 3468 oum
612 3413 705 3469 David
729 3431 809 3469 eoem
833 3414 1028 3470 mortalitatem
1049 3421 1077 3470 at
1104 3415 1171 3468 dere
1191 3412 1222 3467 in
1244 3414 1370 3485 petenen
1387 3413 1486 3469 Metth.
1506 3419 1551 3480 10,
1570 3431 1595 3470 v.
1616 3419 1658 3471 28.
1682 3413 1730 3484 qui
1749 3418 1793 3468 eet
1810 3412 1887 3470 ritae
1905 3428 1938 3468 ae

241 3514 334 3555 rorum
365 3500 568 3556 mundanorum
598 3500 751 3556 uanitatem
782 3501 942 3573 diligentiae
976 3517 1075 3573 expcn-
1105 3499 1199 3555 morti·
1223 3500 1366 3567 dominae,
1386 3501 1435 3572 qui
1454 3501 1534 3554 tutet
1553 3501 1647 3556 elom
1667 3501 1768 3553 mortio
1784 3505 1811 3553 et
1830 3487 1940 3565 inferni

242 3583 338 3654 dieeet,
358 3585 470 3641 tandem
490 3586 651 3657 eubjungit:
680 3588 718 3641 Et
737 3604 811 3642 rone
831 3588 901 3656 quid
920 3589 1078 3659 empectooi
1102 3585 1191 3657 Apoc,
1213 3591 1237 3656 1,
1252 3592 1332 3645 ν.18.
1351 3588 1402 3658 poi
1417 3587 1542 3655 vivificat
1561 3593 1588 3640 et
1605 3586 1758 3653 mortificat
1778 3590 1799 3641 1.
1818 3583 1895 3640 Sem.
1911 3587 1939 3652 2,

240 3670 384 3730 Domine!
403 3673 573 3740 conpectotio
589 3688 651 3726 meo
668 3673 699 3726 in
718 3681 746 3726 tc
762 3672 836 3741 ipra,
855 3690 882 3744 q.
900 3672 928 3729 d.
946 3672 975 3727 in
993 3672 1076 3728 reboe
1102 3688 1128 3728 r.
1139 3678 1163 3730 6.
1181 3673 1277 3745 ecquie
1293 3672 1365 3728 enim
1384 3690 1446 3728 eum
1466 3688 1522 3727 non
1540 3672 1657 3740 timeret,
1677 3687 1759 3742 quem
1777 3669 1807 3725 in
1823 3669 1938 3726 nerine

240 3755 357 3813 terrenis
381 3772 415 3812 ac
439 3756 604 3812 transitoriis
627 3758 733 3814 nullum
760 3759 870 3814 invenio
896 3758 957 3831 epei
976 3757 1075 3814 funda·
1100 3777 1135 3815 ec
1154 3760 1250 3814 mortio
1268 3759 1414 3830 imperium
1428 3758 1531 3815 habere
1542 3757 1705 3829 cognoecit‘i
1723 3755 1938 3832 Chryeoetomne

240 3848 378 3914 mentum,
404 3843 511 3899 nullum
529 3844 626 3916 gandii
645 3844 814 3915 enbeidium,
841 3845 903 3902 ideo
920 3862 969 3902 cor
984 3861 1075 3901 meum
1102 3845 1193 3903 homil.
1214 3852 1239 3901 t.
1257 3845 1293 3899 ad
1308 3861 1376 3916 pop.
1394 3845 1525 3900 Antiooh.
1542 3851 1618 3900 recte
1636 3860 1689 3898 noe
1706 3842 1816 3900 confert
1834 3842 1938 3914 puetie,

239 3928 277 3986 ab
294 3927 350 3985 illie
369 3945 495 3985 avernum
514 3930 551 3984 ad
569 3936 597 3985 te
617 3931 703 3988 elevo.
725 3931 828 3990 Paalm.
846 3936 889 4001 73,
912 3950 936 3988 v.
956 3933 1075 3990 1⁸:1²0-
1103 3931 1151 4002 qui
1166 3931 1258 3986 larvae
1276 3931 1388 4001 timent,
1414 3931 1508 4004 ignem
1529 3946 1586 3985 non
1600 3929 1705 3986 timont
1738 3929 1830 3983 Pueri
1843 3929 1940 3999 perot,

239 4014 324 4071 enimi
347 4032 395 4071 coe
420 4016 449 4070 in
470 4015 594 4087 lodric05
618 4034 644 4074 r.
665 4022 707 4078 20.
729 4019 804 4073 reiut
822 4019 957 4074 romerium
974 4021 1010 4073 ob
1027 4020 1075 4073 lo·
1102 4016 1200 4089 inquit,
1224 4018 1321 4072 torvae
1337 4018 1441 4088 omem,
1469 4018 1562 4087 ipeem
1580 4034 1637 4071 moe
1656 4017 1760 4085 timent,
1785 4017 1837 4071 red
1853 4016 1881 4069 ei
1897 4015 1940 4069 ed

91 4110 225 4157 xvutttt.
238 4102 312 4159 mine
339 4104 538 4173 eoperpescoto
562 4103 711 4172 imopimem
729 4120 825 4159 eorum
842 4120 965 4176 epereer.
988 4123 1014 4162 v.
1035 4111 1074 4164 26,
1100 4104 1246 4157 lucernum
1280 4103 1399 4176 portori
1435 4104 1596 4174 roremque,
1637 4118 1752 4161 meeum
1787 4101 1940 4156 immitteret

241 4189 286 4244 ite
308 4206 374 4244 vero
394 4190 516 4244 Domine
533 4197 616 4259 petro
637 4191 734 4245 cordia
753 4190 809 4244 mei
825 4198 853 4245 et
864 4208 939 4260 porr
958 4207 1021 4246 meo
1044 4192 1075 4247 iri
1095 4189 1247 4260 stammam
1270 4190 1312 4242 ric
1334 4206 1386 4244 noe
1409 4190 1536 4244 timemur
1554 4196 1683 4259 mortem,
1709 4203 1782 4258 pace
1796 4192 1838 4240 eet
1855 4188 1939 4242 inree

238 4275 370 4330 seculum.
409 4275 597 4347 Hieronymo·
615 4275 644 4330 in
664 4275 743 4347 epiet.
763 4275 809 4331 ad.
827 4276 951 4335 Paulini
972 4278 1072 4334 Facite
1101 4283 1241 4330 contemto
1264 4277 1369 4348 dono,
1390 4284 1539 4347 peccatam
1564 4276 1637 4346 (ouo
1664 4279 1742 4330 Deve
1764 4272 1938 4345 offendite)

239 4360 387 4415 contemnit
406 4363 501 4416 omnio
515 4363 699 4432 praecentio,
719 4365 770 4433 poi
784 4379 814 4418 ee
832 4364 889 4420 cito
906 4366 998 4420 credit
1016 4383 1074 4419 mo·
1101 4377 1158 4414 oon
1175 4362 1310 4430 timemur,
1331 4365 1409 4432 qood
1423 4370 1465 4417 eet
1482 4378 1546 4416 vere
1565 4362 1718 4416 timendum
1735 4367 1763 4414 et
1773 4359 1849 4429 tyno
1859 4372 1937 4413 more
2033 4376 2036 4381 ·

238 4446 368 4505 riturum.
414 4448 591 4521 Arguetiuue
622 4449 652 4505 iu
680 4448 783 4506 Pealm.
819 4455 862 4508 88.
892 4467 980 4523 propa
1009 4451 1074 4507 flu:
1101 4448 1300 4503 commonitam
1320 4449 1456 4503 corrodit.

144 4557 147 4562 ⁴
242 4531 319 4596 orsio
335 4533 365 4587 io
382 4533 436 4589 too
453 4542 532 4589 terro
552 4544 658 4591 certum
672 4543 714 4592 eet
731 4536 790 4592 oiri
810 4538 909 4593 more!
925 4538 1076 4594 coeeidmo
1136 4541 1195 4595 483.
1232 4534 1337 4590 Eadem
1360 4532 1505 4590 meditatio
1523 4539 1566 4589 eet
1583 4532 1704 4588 ealutare
1720 4530 1938 4606 ἀντιφάρμακον

239 4619 333 4674 omnio
352 4621 465 4674 omnmo
481 4621 526 4676 eei
541 4621 613 4677 bono
630 4623 674 4678 vel
689 4623 963 4696 moiotoioreitoe,
979 4625 1024 4680 oet
1045 4623 1074 4677 in
1101 4641 1135 4681 ac
1169 4618 1396 4698 npnrpotoerrrdr
1427 4638 1446 4676 a
1471 4619 1616 4692 quibuerie
1641 4618 1765 4690 peccatis
1798 4616 1937 4674 hominem

239 4704 305 4776 r'peo
315 4704 442 4776 justitio,
466 4707 513 4761 oei
527 4708 560 4762 in
578 4709 645 4778 epea
664 4709 820 4779 r'miprritote
860 4710 937 4774 Quid
953 4711 1000 4766 tte
1016 4726 1075 4765 oer-
1100 4725 1241 4767 revocant.
1263 4707 1316 4765 sir.
1337 4714 1361 4777 7,
1382 4725 1407 4764 r.
1428 4712 1475 4764 td:
1496 4708 1661 4761 Memorare
1678 4704 1831 4758 noomeimo
1857 4703 1939 4771 (inter

238 4799 296 4847 tum
327 4799 368 4846 eat
395 4792 454 4846 eiri
484 4796 582 4849 moret
605 4796 780 4864 prosccietii
811 4796 884 4867 quid
913 4799 954 4852 rie
982 4798 1076 4868 trodio,
1101 4813 1174 4869 quae
1198 4794 1318 4868 primum
1344 4794 1435 4849 locum
1460 4791 1569 4847 obtinet
1588 4793 1681 4861 more),
1700 4798 1728 4844 et
1746 4791 1775 4843 im
1794 4797 1939 4845 oeternum

237 4878 308 4944 acie,
331 4879 403 4948 perid
423 4878 464 4932 eie
489 4881 633 4951 croetino,
658 4883 758 4943 merom.
796 4882 902 4953 Speras
918 4884 1075 4955 pecuniam,
1101 4902 1157 4938 noe
1170 4882 1312 4954 peccati«.
1348 4879 1536 4952 Hieronymo·
1560 4878 1597 4935 ad
1614 4877 1696 4948 cypr.
1715 4881 1780 4932 tom.
1802 4882 1826 4933 4.
1842 4892 1869 4946 p.
1889 4881 1938 4933 tt:

238 4964 374 5020 incertum
391 4972 448 5035 eet,
472 4982 512 5019 ore
524 4968 694 5039 proemiot,·
717 4986 817 5039 operor
835 4986 963 5039 errorem,
986 4971 1075 5025 iecer-
1101 4971 1243 5026 Memor
1262 4969 1362 5024 mortio
1380 4974 1453 5037 moe,
1472 4973 1498 5020 et
1514 4983 1572 5019 nom
1591 4963 1733 5037 peccatis.
1763 4961 1940 5035 Angoetinne

237 5058 297 5106 term
315 5059 368 5120 eet,
391 5069 430 5107 on
455 5051 597 5121 occipr'ee,
621 5054 666 5108 eei
686 5055 799 5124 qrmiem
816 5057 1076 5128 occipioe51peree
1100 5056 1150 5115 lib.
1169 5062 1192 5112 2.
1211 5057 1247 5112 de
1263 5054 1367 5111 (ienae
1382 5058 1479 5108 eontra
1493 5049 1671 5107 Manicheeoe
1690 5065 1715 5106 o.
1729 5053 1778 5106 te:
1796 5048 1881 5102 Nitii
1896 5048 1939 5104 eie
2001 5042 2005 5051 “

231 5138 329 5209 filice,
354 5138 492 5193 incertum
508 5145 563 5207 eet,
588 5156 626 5193 oe
643 5148 808 5196 monentur.
843 5143 915 5197 Noti
930 5151 1007 5211 ermt,
1035 5143 1076 5196 ie·
1101 5151 1215 5199 revocat
1242 5143 1367 5196 hominen
1393 5157 1413 5194 o
1426 5140 1565 5209 peccctie,
1594 5136 1831 5207 quemadmodem
1849 5135 1939 5190 immi·

238 5231 345 5279 certam
362 5233 412 5295 eet,
432 5243 470 5279 on
487 5225 600 5292 ninom
615 5226 718 5295 vicunt,
734 5227 870 5283 incertam
888 5236 937 5300 ert,¹
957 5246 996 5284 oo
1007 5245 1074 5300 pro-
1101 5232 1193 5286 nmtr'r
1222 5231 1320 5285 mortio
1349 5228 1491 5300 copitatro.
1520 5226 1548 5280 in
1576 5223 1680 5295 epeoul.
1712 5225 1845 5294 peccator
1863 5238 1888 5279 c.
1908 5227 1940 5278 t:

237 5310 344 5380 ficiunt,
362 5329 401 5366 cn
421 5311 561 5382 deficient
601 5311 949 5384 Qeoooopoeteoerterie,
965 5316 1075 5372 incerto
1104 5318 1181 5383 Quid
1198 5325 1240 5374 eet
1257 5318 1289 5373 ie
1306 5317 1383 5373 ormi
1401 5315 1534 5383 reiectio,
1558 5312 1636 5381 mrod
1651 5310 1791 5365 homimem
1807 5316 1941 5378 provocet

238 5398 342 5461 omnio,
365 5398 430 5454 eoin
449 5416 524 5453 more
542 5406 629 5454 mmm
667 5399 785 5470 Pooper
811 5416 850 5472 er,
872 5402 1008 5457 mntem
1027 5410 1076 5468 eet,
1095 5404 1221 5476 fecilior
1244 5405 1286 5458 od
1318 5401 1365 5457 eoi
1388 5402 1548 5456 cutodiom
1584 5404 1610 5451 et
1642 5411 1748 5452 mecm
1769 5394 1942 5465 inieutite‘m

239 5500 277 5538 oe
295 5483 437 5555 ditarem
461 5486 607 5555 indoctus,
631 5485 768 5542 teroem
785 5495 841 5559 eet,
859 5504 899 5544 err
914 5489 1075 5560 erudierim
1103 5490 1308 5562 expedionem,
1337 5489 1381 5542 ed
1408 5487 1586 5542 eoomdotem
1605 5484 1636 5539 im
1659 5483 1759 5538 timon
1781 5479 1843 5535 Dei
1855 5481 1942 5551 m
1955 5480 2050 5528 “ml

230 5569 562 5645 remmom
586 5574 911 5649 mmmmm.
947 5573 1077 5632 veterae»
1104 5566 1986 5653 mmmmm-‘emm‘
