4074 6022
845 293 897 349 DE
914 293 1054 349 MORTE.
1731 303 1790 360 315

93 449 141 504 ita
165 464 276 522 quoquc
294 449 433 505 Pontifioii
460 467 511 521 per
533 467 612 505 suam
636 449 871 504 canonizationem
890 465 932 503 re·
958 452 1092 520 mrjueque
1117 452 1162 506 rei
1183 469 1271 505 causa
1294 455 1376 506 eleum
1395 454 1537 508 advocare
1556 459 1640 520 ateste
1661 451 1792 504 inuocare

93 536 193 592 ferunt
212 536 356 592 defunctos
374 538 403 592 in
418 554 562 592 numerum
584 543 740 591 sanctorum
755 536 791 590 ab
804 535 932 590 omnibus
960 538 1116 602 debeamus,
1134 554 1169 592 ne
1188 539 1338 603 faciamus,
1358 546 1389 600 ut
1410 540 1489 592 mimi
1505 539 1604 606 solem,
1623 546 1649 592 et
1668 544 1793 607 optemus

94 622 323 678 invocandomm.
365 622 444 679 Sicut
472 623 575 679 ethnici
604 630 713 692 praeter
744 639 830 676 unum
860 640 933 676 sum·
959 641 978 676 α
999 624 1101 678 Libere
1127 625 1195 692 (vini
1219 626 1282 693 deo)
1307 644 1426 695 aquam,
1449 645 1468 679 a
1487 625 1622 694 lpmplis
1647 624 1793 694 (aquarum

94 726 176 765 mum
193 708 285 764 Deum
305 710 438 781 plurimos
456 710 584 765 colebant
604 709 776 772 mediatores,
794 724 845 778 per
863 725 933 779 quos
959 708 1075 778 deabus)
1099 711 1200 766 einrcrn¹
1238 712 1283 764 Ita
1301 728 1412 782 queque
1429 710 1568 766 Pontificii
1585 710 1655 764 alios
1673 715 1792 774 sanctos,

95 796 138 849 ad
156 796 234 851 illum
252 796 305 852 sihi
320 797 461 868 parabant
476 813 636 862 accessum,
657 797 707 865 qui
723 795 759 847 at
777 795 932 848 hominibus
959 795 1020 849 ahie
1038 796 1202 866 praeficiunt
1219 798 1376 852 nationibus
1397 815 1430 852 ac
1449 797 1611 869 provinciis.
1640 797 1709 850 alios
1728 795 1792 849 aliis

95 882 246 947 auferrmt
264 884 428 937 dmiderma
446 890 474 936 et
492 884 533 936 ad
549 899 595 936 ees
612 882 755 945 referrent
771 881 932 953 impetrato,
959 881 1088 947 urbibus,
1116 884 1184 937 alios
1212 884 1274 939 aliis
1297 884 1407 954 templis
1433 892 1462 939 et
1486 883 1610 947 sacellis,
1638 883 1705 937 alios
1730 881 1791 937 aliis

96 972 133 1020 ut
158 966 193 1022 de
220 969 274 1024 illis
297 969 420 1040 loquitur
438 970 613 1040 Augustinus
637 967 684 1023 lib.
707 973 731 1023 8.
756 966 791 1022 de
809 967 859 1022 civ.
880 965 934 1021 Dei
958 969 1033 1023 vitae
1058 970 1220 1041 generibus,
1247 973 1315 1026 alios
1339 972 1402 1026 aliis
1430 970 1532 1025 morbis
1549 970 1694 1038 curandis,
1724 969 1793 1024 alios

98 1070 163 1125 cap.
183 1060 223 1110 21.
242 1057 292 1128 qui
307 1062 441 1125 tanesiam
457 1055 622 1108 internrmtii
640 1062 666 1108 et
683 1054 850 1124 iruerpretes
869 1053 933 1106 trine
959 1053 1021 1107 ahie
1047 1054 1190 1111 beneficiis
1220 1057 1408 1120 conferendis,
1430 1057 1499 1111 ahos
1524 1055 1587 1110 aliis
1612 1056 1692 1109 malis
1715 1072 1792 1110 aver-

97 1142 210 1202 serrent
235 1143 387 1212 petitiones
416 1148 543 1209 nostrae,
573 1142 639 1193 inde
658 1141 799 1204 referrent
816 1142 933 1194 merum
959 1141 1050 1195 tendis
1074 1145 1116 1210 (ut
1139 1143 1308 1199 ostendimus
1331 1144 1456 1214 superius
1484 1161 1510 1214 q.
1535 1144 1586 1211 5.),
1610 1143 1679 1196 adeo
1702 1150 1733 1196 ut
1757 1142 1793 1195 de

96 1229 255 1299 suppetias,
273 1231 341 1299 quia
361 1229 470 1283 meritis
490 1229 646 1282 hominihus
661 1228 822 1296 superiores
834 1233 933 1293 meent,
959 1227 1105 1282 Pontificia
1116 1229 1277 1283 idololatria
1288 1248 1343 1285 nen
1362 1231 1450 1284 solum
1468 1229 1596 1300 usurpari
1616 1229 1703 1298 possit
1719 1228 1789 1282 illud

95 1319 133 1368 ut
160 1314 233 1370 idem
261 1312 384 1387 loquitur
412 1315 461 1371 lib.
489 1315 576 1386 ejusd.
606 1330 670 1385 cap.
688 1319 729 1370 22.
755 1312 857 1384 quibus
887 1311 929 1365 uti
959 1312 1149 1384 propheticum
1173 1315 1276 1371 Jerem.
1302 1322 1331 1384 2,
1358 1334 1383 1370 v.
1411 1321 1451 1371 28.
1479 1323 1508 1370 et
1530 1332 1592 1385 cap.
1619 1320 1665 1375 tl,
1691 1332 1716 1367 v.
1747 1320 1790 1369 13:

96 1400 251 1456 debeamus
274 1401 417 1456 advocatis
440 1408 467 1456 et
491 1401 628 1471 patronis,
659 1402 708 1469 qui
726 1402 768 1454 od
786 1401 853 1453 aeos
867 1414 934 1467 per·
961 1400 1118 1453 Secundum
1141 1417 1286 1454 numerum
1303 1402 1446 1455 civitatum
1464 1410 1575 1455 tuarum
1594 1409 1675 1454 erant
1692 1401 1737 1453 dii
1752 1401 1794 1453 tui

92 1489 197 1552 serent
219 1503 319 1558 preces
345 1489 486 1541 hominum
518 1497 545 1542 et
574 1489 640 1543 inde
665 1488 706 1540 aa
729 1486 853 1539 hemines
882 1484 932 1537 im·
959 1487 1056 1550 Juda,·
1080 1486 1128 1542 sed
1148 1488 1232 1541 etiam
1251 1487 1288 1541 eb
1308 1487 1505 1543 incrementum
1523 1494 1551 1542 et
1569 1487 1787 1542 additamentum

89 1582 221 1643 patrato,
241 1590 312 1643 quoe
328 1582 461 1644 perremt,
478 1577 510 1627 ut
530 1573 653 1644 loquitur
671 1572 719 1626 lib.
738 1571 827 1641 ejusd.
847 1587 871 1626 c.
893 1575 932 1626 te.
959 1571 1102 1643 subjungi,
1120 1575 1270 1626 reuredum
1282 1591 1426 1627 numerum
1438 1575 1603 1643 templerum
1615 1582 1642 1627 et
1655 1573 1791 1626 altarium

95 1661 147 1731 qui
173 1677 236 1715 cum
260 1661 316 1715 sint
338 1660 421 1715 amici
440 1660 506 1724 Dei,
536 1660 608 1713 votis
632 1665 660 1714 et
686 1657 934 1728 supplicationibus
959 1666 1071 1712 tuorum
1099 1667 1164 1712 sunt
1195 1660 1241 1711 dii
1264 1659 1323 1728 tui,
1358 1660 1424 1729 quia
1451 1660 1480 1713 in
1507 1661 1604 1714 eadem
1624 1660 1692 1715 urbe
1717 1658 1792 1713 aliud

95 1747 270 1816 colerentur,
298 1755 329 1801 ut
359 1747 499 1801 bominum
530 1763 632 1799 causas
663 1747 744 1814 apud
775 1760 934 1813 supremum
961 1743 1095 1815 templum
1116 1751 1307 1800 consecratum
1326 1750 1368 1800 est
1387 1746 1541 1816 Stephane,
1570 1745 1646 1799 aliud
1665 1745 1794 1798 Jehanni

96 1832 193 1883 Deum
221 1834 406 1902 adjuvarent,
435 1837 468 1886 ut
491 1831 588 1887 Celsus
618 1831 693 1901 apud
718 1829 867 1901 Origenem
895 1833 934 1884 te·
962 1831 1120 1900 Baptistae,
1133 1831 1210 1886 aliud
1220 1831 1345 1900 Mariae,
1357 1832 1433 1886 aliud
1443 1830 1550 1885 (liliano
1560 1833 1688 1888 stoacio
1697 1831 1793 1886 eodem

98 1923 197 1973 statim
222 1918 266 1973 Ac
288 1919 356 1974 tales
379 1918 542 1974 mediatores
569 1916 777 1973 constituebant
801 1915 934 1985 duplices,
961 1916 1390 1987 templealiudaltareestunius,
1404 1917 1702 1986 aliudalteriussancti,
1715 1917 1794 1986 quiu-

98 2003 231 2060 videlicet
256 2011 315 2059 tum
339 2005 499 2068 daemones,
529 2021 584 2075 quo
608 2005 717 2059 nomine
742 2003 937 2057 intellexerunt
962 2003 1017 2056 imo
1043 2003 1159 2072 quilibet
1187 2002 1355 2072 peculiarem
1377 2002 1430 2056 sibi
1447 2002 1526 2075 eligit
1537 2010 1692 2073 patronum,
1712 2020 1794 2074 quom

99 2091 259 2162 spirituales
286 2092 433 2156 essentiam
462 2099 521 2146 tum
545 2092 661 2159 enom,
690 2107 741 2160 per
761 2105 830 2161 ques
856 2087 935 2143 intel·
962 2089 1120 2145 ardentiore
1144 2095 1207 2144 voto
1232 2098 1260 2145 et
1276 2090 1410 2159 peculiari
1428 2091 1504 2145 cultu
1522 2096 1681 2158 veneratur,
1709 2095 1741 2143 ut
1760 2107 1794 2144 cx

10 2191 83 2232 ,rm
98 2177 228 2232 lexerunt
253 2176 359 2232 animm
386 2177 584 2249 acorporibus
603 2183 760 2247 separatas,
792 2191 864 2246 quae
882 2174 935 2227 vir-
963 2176 1041 2245 praxi
1065 2181 1181 2232 constat
1218 2175 1296 2232 Neve
1320 2177 1472 2247 quidquam
1491 2177 1556 2231 huic
1582 2177 1792 2248 comparationis

98 2269 189 2318 tutem
227 2264 366 2334 quandam
397 2262 533 2328 habeant,
562 2279 618 2332 qua
649 2267 714 2333 post
747 2267 861 2316 mortem
892 2277 936 2314 res
962 2263 1084 2318 membro
1103 2263 1189 2330 desit,
1216 2263 1385 2331 notandum,
1419 2263 1493 2334 quod
1513 2263 1662 2318 Salmeron.
1689 2262 1791 2317 diserte

98 2349 236 2405 humanas
259 2349 288 2404 in
313 2349 396 2405 fidem
416 2366 566 2421 curamque
593 2365 671 2403 suam
688 2348 823 2420 recipiant
855 2353 882 2401 et
902 2346 935 2399 iis
963 2350 1065 2404 scribat
1088 2349 1159 2418 disp.
1181 2356 1204 2405 i.
1228 2354 1257 2403 in
1277 2355 1300 2406 1.
1318 2349 1389 2404 'Ih'm
1412 2355 1436 2404 2.
1463 2367 1527 2421 pag.
1546 2356 1603 2406 464.
1627 2349 1791 2416 gentiles-in

98 2435 236 2506 praesint,
266 2436 401 2490 referente
433 2434 552 2491 Eusebia
579 2435 625 2489 lih.
653 2441 692 2491 13.
720 2434 755 2489 de
779 2441 936 2505 praeparat.
962 2454 1062 2491 senen
1077 2453 1217 2505 peccasse,
1235 2439 1312 2506 qued
1324 2439 1653 2503 diuersesteneticierum
1666 2445 1795 2490 auctores

98 2540 198 2594 evang.
228 2539 289 2592 cap.
316 2528 341 2578 7.
370 2521 521 2575 Credamus
551 2523 639 2590 igitur
663 2521 774 2594 (inquit)
800 2520 936 2582 Hesiodo,
963 2523 1084 2577 celerent
1109 2532 1135 2577 et
1155 2525 1329 2592 invocarent,
1354 2527 1407 2579 sed
1423 2525 1500 2593 qued
1514 2530 1646 2578 tenorem
1665 2542 1720 2577 nen
1740 2540 1795 2576 me·

95 2617 249 2680 postquam
276 2608 360 2662 aurei
392 2608 504 2678 poneris
526 2609 650 2662 hommes
680 2607 784 2662 nonar·
804 2613 882 2672 sumt,
917 2621 937 2656 a
963 2611 1048 2663 ritum
1071 2611 1235 2664 eehibebant
1259 2609 1333 2671 illis,
1363 2610 1413 2679 qui
1437 2629 1493 2665 non
1518 2618 1598 2663 erant
1616 2610 1660 2663 dii
1675 2626 1725 2662 nee
1744 2628 1794 2663 na·

98 2695 197 2749 multis
226 2694 351 2748 hemines
378 2694 516 2763 angustiis
548 2695 685 2749 semideos
702 2695 796 2758 factos
813 2690 937 2746 liberere
963 2703 1043 2764 tura,
1062 2712 1112 2750 nee
1134 2696 1364 2768 participatione.
1401 2695 1480 2752 Sicut
1503 2695 1605 2751 ethnici
1627 2713 1690 2751 suos
1715 2695 1794 2751 divos

98 2782 315 2851 mortaliumque
345 2781 467 2835 emnium
497 2798 555 2836 esse
591 2782 720 2835 erutedes
750 2774 935 2840 distendamus,
964 2781 1098 2852 divasque
1118 2799 1136 2837 a
1155 2783 1271 2837 diversis
1290 2783 1371 2847 locis,
1399 2781 1428 2836 in
1447 2781 1548 2853 quibus
1567 2781 1743 2852 colebantur,
1766 2788 1795 2838 et

99 2886 134 2921 aa
171 2869 201 2922 in
234 2877 377 2938 posterum
411 2868 494 2938 quasi
532 2870 601 2922 dees
631 2867 753 2921 selemiae
787 2880 934 2934 emumqus
962 2868 1115 2923 adiversis
1133 2867 1284 2936 beneficiis,
1304 2885 1376 2939 quae
1390 2867 1427 2922 ab
1438 2868 1505 2938 ipsis
1517 2866 1661 2937 petebant,
1679 2868 1794 2924 diversis

98 2954 282 3008 adorabimus
299 2962 493 3022 monumente,·
513 2954 647 3009 similiter
665 2954 750 3006 etiam
766 2968 868 3020 amnes,
885 2950 935 3022 qui
962 2953 1196 3024 appellationibus
1227 2955 1459 3023 denominabant,
1489 2953 1562 3009 unde
1586 2953 1698 3025 Jupiter
1725 2955 1794 3010 alias

97 3041 249 3110 praeclare
286 3042 427 3108 erieerrrnt,
466 3058 577 3112 queque
613 3041 697 3094 mode
731 3039 836 3092 mortui
862 3044 935 3104 eunt,
962 3040 1107 3095 dicebatur
1140 3040 1258 3109 Jupiter
1290 3042 1543 3111 Agamemnonius,
1582 3040 1650 3094 alias
1679 3041 1795 3112 Jupiter

99 3128 308 3183 honorabimus.
358 3128 403 3182 Ita
431 3144 541 3198 quoque
569 3124 709 3180 Pontificii
739 3141 789 3194 per
820 3122 933 3195 angelos
960 3128 1130 3197 Apmnpius,
1168 3127 1235 3181 alias
1266 3129 1382 3196 Jupiter
1415 3126 1537 3196 Celeus,
1575 3127 1645 3182 alias
1678 3129 1795 3198 Jupiter

100 3221 128 3269 et
150 3213 257 3269 animm
282 3220 440 3269 sanctorum
459 3214 655 3268 defunctorum
673 3220 807 3284 tanquam
826 3211 933 3264 media·
964 3215 1059 3279 Ultor,
1086 3213 1155 3268 alias
1182 3215 1338 3284 Veiupitsr,
1369 3214 1438 3268 alias
1459 3214 1574 3285 Jupiter
1593 3215 1716 3267 Latialis
1739 3222 1793 3272 etc.

99 3306 174 3353 teres
198 3301 404 3354 intercessionis
426 3300 462 3354 ad
487 3299 578 3354 Deum
602 3299 631 3352 in
653 3297 783 3369 precibus
808 3296 862 3350 sibi
888 3313 933 3351 ac·
960 3301 1035 3357 June
1055 3299 1200 3355 dicebatur
1217 3301 1286 3354 alias
1305 3302 1384 3354 June
1403 3301 1525 3368 Lucina,
1554 3299 1622 3355 alias
1641 3300 1720 3353 June
1741 3301 1792 3355 sa-

99 3387 254 3442 cedendum
281 3405 341 3444 esse
365 3392 504 3455 statuunt,
537 3386 612 3441 unde
629 3403 677 3441 sos
703 3394 734 3439 ut
752 3385 805 3439 Dei
829 3384 933 3438 amicos
961 3388 1070 3454 ternio,
1100 3387 1169 3441 alias
1192 3388 1270 3441 June
1297 3388 1401 3440 Curitis
1425 3394 1476 3442 etc.
1505 3387 1545 3441 ita
1567 3403 1678 3458 quoque
1701 3387 1793 3442 Ponti·

100 3480 127 3528 et
150 3472 212 3528 Dee
234 3474 372 3543 proximos
398 3473 542 3539 invocant,
571 3479 603 3526 ut
625 3489 722 3542 preces
743 3487 777 3525 ao
800 3477 867 3525 vota
883 3486 934 3524 sua
959 3472 1029 3528 ficiis
1047 3474 1080 3527 B.
1097 3472 1186 3544 Virgo
1211 3472 1280 3526 alias
1305 3477 1348 3526 est
1375 3472 1478 3526 Maria
1504 3474 1688 3542 miraculosa,
1718 3473 1786 3527 alias

99 3560 134 3613 ad
151 3559 244 3614 Deum
270 3566 298 3614 et
317 3558 457 3614 Christum
480 3575 531 3628 per
555 3557 780 3613 intercessionem
798 3554 932 3622 deferant,
963 3561 1061 3613 Morio
1074 3560 1186 3629 pepuli,
1205 3557 1273 3612 alias
1285 3557 1587 3627 MorioLaurentana,
1606 3559 1676 3614 alias
1690 3560 1792 3613 Maria
1806 3571 1881 3614 1an
1899 3572 1943 3616 stt.

100 3645 196 3700 aDeo
220 3662 284 3699 vero
309 3652 337 3699 et
355 3644 465 3701 Christo
485 3645 541 3698 suis
563 3644 667 3700 meritis
687 3643 820 3698 auxilium
838 3648 867 3695 et
886 3640 932 3696 be·
961 3647 1142 3716 Oetinqensis.
1177 3648 1204 3698 2.
1233 3645 1354 3698 Ratione
1380 3647 1468 3708 medi,
1494 3664 1576 3716 quem
1601 3645 1725 3701 incultu
1744 3647 1792 3700 ad·

99 3731 199 3787 neficia
230 3732 282 3786 sibi
312 3731 441 3787 referant.
477 3732 556 3788 Sicut
585 3730 687 3785 ethnici
721 3729 842 3784 diversas
872 3744 933 3798 pro
959 3733 1062 3788 hibent
1087 3732 1198 3786 Ethnici
1227 3731 1351 3787 demiror
1379 3750 1444 3788 suos
1470 3732 1600 3788 colebant
1625 3750 1675 3804 per
1702 3733 1792 3788 batto·

99 3820 206 3873 vincias
237 3819 362 3874 diversis·
384 3819 564 3889 assignabant
589 3817 726 3887 patronis,
766 3822 864 3869 contm
893 3815 933 3868 di·
958 3821 1047 3891 logias
1071 3826 1142 3874 teste
1158 3819 1267 3874 Christo
1283 3818 1379 3876 Matth
1407 3826 1437 3889 t,
1462 3839 1485 3876 v.
1513 3827 1536 3875 l.
1561 3826 1590 3876 et
1616 3826 1639 3877 8.
1660 3820 1733 3876 idem
1753 3822 1793 3874 sa

99 3923 194 3961 versos
220 3906 330 3961 morbos
355 3906 471 3959 diversis
502 3903 700 3974 Supplicttbanl
723 3902 790 3970 diis,
819 3899 934 3954 divertit
959 3907 1037 3961 ciunt
1068 3903 1223 3969 Pontifieii,
1253 3912 1284 3959 ut
1314 3911 1451 3961 testantur
1480 3906 1597 3977 rosaria,
1628 3906 1657 3959 in
1690 3905 1791 3977 quibus

100 3994 175 4047 vitae
210 3993 328 4047 statibus
360 3993 481 4046 diversos
512 3989 712 4061 praeficiebant
743 3987 934 4055 auxiliatores,
956 3997 1036 4060 juxta
1067 4009 1210 4046 numerum
1241 3991 1449 4063 sphaerularum
1476 3992 1651 4047 minutiorum
1674 3993 1793 4046 recitant

100 4079 203 4134 Graeci
230 4078 302 4134 enim
328 4078 458 4133 celebant
475 4078 642 4144 Palladem,
668 4075 802 4146 Aegyptii
827 4073 933 4139 Osirin,
959 4077 1138 4133 salutationes
1167 4078 1309 4149 angelicas
1336 4085 1384 4147 50,
1413 4085 1441 4132 et
1468 4079 1618 4132 secundum
1647 4095 1791 4132 numerum

100 4164 247 4236 Babylonii
279 4165 397 4233 Belum,
426 4164 520 4219 Latini
549 4165 686 4225 Mortem,
716 4159 842 4215 Thessali
869 4159 933 4213 etn‘-
960 4163 1168 4233 sphaerularum
1199 4164 1458 4234 grandiuscularum
1487 4163 1680 4218 minutioribus
1708 4163 1790 4218 inter-

99 4268 209 4315 rOMmt
228 4250 308 4322 Tyrii
326 4251 476 4304 Herculem
495 4255 547 4306 ete.
566 4249 654 4303 ventis
673 4252 802 4317 praeerat
818 4246 932 4313 Aeolus,
957 4251 1094 4319 jectarum
1113 4249 1259 4304 Orationes
1277 4248 1438 4303 Dominicas
1457 4249 1588 4320 quinque.
1620 4248 1732 4303 Ethniei
1750 4249 1791 4302 di·

100 4338 169 4392 mari
202 4339 350 4407 Neptunus
380 4346 406 4390 et
435 4339 539 4403 Versus,
571 4336 657 4406 sylvis
687 4334 800 4401 Satyri,
830 4332 932 4394 Fauni,
960 4338 1001 4390 vis
1027 4337 1084 4390 suis
1104 4335 1282 4391 exstruebant
1300 4335 1398 4389 altaria
1414 4341 1443 4390 ct
1460 4335 1576 4406 templa,
1609 4334 1792 4389 instituebant
1866 4340 1868 4346 ⁴

100 4427 246 4493 Dryades,
271 4426 418 4494 Napaeae,
437 4422 577 4477 montibus
596 4423 730 4490 Oreades,
753 4418 844 4474 fluviis
863 4418 933 4471 Nai·
958 4422 1014 4485 illis
1032 4422 1118 4481 festa,
1142 4421 1341 4492 nuncupabant
1357 4427 1436 4485 vota,
1462 4421 1629 4477 dedicabant
1646 4422 1791 4493 imagines,

99 4514 170 4566 odes
199 4518 250 4566 ete.
283 4512 377 4564 vinum
400 4510 516 4566 enabat
543 4511 686 4570 Bacchea,
720 4508 815 4576 fruges
840 4506 933 4571 Cares,
958 4509 1148 4564 accendebant
1166 4508 1325 4579 lampadas,
1352 4506 1552 4578 praeficiebant
1576 4507 1716 4573 flamines,
1744 4507 1791 4562 ho·

100 4605 181 4669 prata
208 4603 236 4651 et
262 4597 355 4652 hortos
385 4599 492 4663 Flora,
522 4597 614 4667 ignem
648 4596 728 4648 Vesta
754 4601 806 4646 etc.
836 4597 933 4646 contra
958 4595 1095 4650 norahant
1120 4593 1216 4648 suffitu
1239 4601 1268 4649 ct
1292 4593 1476 4649 odoramentis
1502 4601 1569 4662 etc.;
1597 4593 1670 4648 idem
1696 4595 1726 4648 in
1744 4594 1792 4649 ho·

99 4689 206 4754 pestem
242 4684 423 4738 invocabatur
456 4683 660 4751 Aesculapius,
698 4686 795 4734 centra
832 4675 1053 4774 febrimlnorem
1078 4688 1235 4734 sanctorum
1250 4678 1410 4734 Pontificius
1434 4680 1536 4749 iacere,
1562 4680 1626 4734 viva
1641 4681 1734 4750 praxis
1752 4687 1806 4735 te·

100 4771 223 4837 Februa,
257 4778 352 4825 conus
384 4767 491 4823 fistulas
522 4772 621 4821 Castor
644 4772 696 4821 etc.
727 4766 828 4830 literati
865 4783 932 4836 sup·
960 4773 1063 4828 statur,
1089 4765 1184 4820 confer
1207 4783 1279 4837 quae
1302 4766 1337 4820 de
1362 4766 1440 4819 cultu
1460 4765 1611 4838 imaginum
1632 4766 1791 4821 dictasunt

100 4855 244 4926 plicabant
264 4858 423 4922 Mineruae,
441 4855 538 4909 musici
557 4871 590 4907 ac
607 4853 706 4907 medici
722 4853 843 4921 Phoebe,
862 4869 931 4906 mer·
960 4860 1038 4911 tract.
1069 4855 1103 4908 ‹le
1131 4852 1193 4923 lege
1221 4849 1249 4925 ξ.
1276 4858 1317 4908 81.
1355 4850 1434 4907 Sicut
1460 4852 1562 4906 ethuici
1596 4853 1651 4907 alia
1678 4853 1793 4907 denaria

100 4949 208 4998 catores
227 4942 392 5005 Mercurio,
413 4940 560 4996 bellatores
582 4939 681 5012 Marti,
700 4944 844 4992 venatores
861 4939 933 4991 Dia·
960 4939 1020 4993 aliis
1051 4938 1204 4994 offerebant
1234 4939 1320 5001 divis,
1351 4946 1449 5009 utpote
1477 4940 1650 5009 Aescaelapie
1678 4940 1793 5010 gallum,

100 5047 168 5099 nae,
195 5029 267 5084 fabri
293 5029 432 5092 Vulcano,
462 5035 587 5096 pastores
606 5027 684 5079 Pani
702 5032 729 5077 et
746 5025 829 5091 Pali,
861 5040 934 5077 ama·
960 5027 1151 5095 Proserpinae
1177 5025 1275 5080 bovem
1296 5031 1349 5079 etc.
1379 5026 1420 5080 sic
1443 5024 1582 5080 Pontificii
1602 5027 1726 5080 Antonio
1752 5025 1793 5080 os·

101 5125 174 5170 tores
198 5115 305 5182 Veneri,
339 5129 492 5185 puerperae
523 5113 633 5166 Juneni
660 5119 712 5168 etc.
742 5111 806 5165 vide
830 5109 933 5164 Lilium
960 5114 1054 5166 ierunt
1071 5128 1193 5181 porcum,
1213 5112 1343 5166 Martiae
1363 5128 1495 5182 anserem,
1519 5114 1581 5166 Vite
1601 5112 1718 5183 gallinas
1739 5118 1792 5169 stc.

102 5203 249 5257 Giraldum
276 5203 304 5256 in
332 5218 414 5272 opere
440 5202 475 5255 de
502 5200 555 5253 diis
580 5199 720 5270 gentium,
747 5197 935 5267 Augustinum
960 5198 1055 5253 confer
1075 5197 1205 5253 Ursinum
1229 5198 1258 5250 in
1281 5198 1425 5267 stupendis
1446 5197 1539 5268 templ.
1568 5196 1667 5252 tescit.
1684 5216 1710 5267 p.
1732 5202 1790 5253 336.

102 5289 149 5344 lib.
169 5295 195 5345 t.
219 5289 254 5343 de
279 5289 354 5342 civit.
375 5288 429 5343 Dei
450 5304 511 5358 cap.
533 5291 580 5341 22:
607 5285 728 5338 Dicebat
761 5283 864 5352 Varro,
893 5283 935 5335 ita
961 5289 989 5339 et
1014 5301 1090 5354 seqq.
1124 5284 1161 5337 Et
1187 5282 1254 5352 quid
1283 5282 1397 5336 multis?
1427 5289 1534 5337 constat
1559 5300 1590 5337 ex
1616 5282 1791 5339 Theodoreto

100 5392 159 5430 esse
180 5375 277 5427 utilem
297 5375 480 5442 cognitionem
500 5376 630 5437 mmmm,
655 5373 682 5424 ri
698 5371 824 5437 sciatur,
850 5387 933 5438 ααανα
959 5370 1006 5425 lib.
1028 5375 1051 5426 8.
1070 5369 1105 5423 de
1123 5386 1181 5423 cur.
1198 5368 1297 5423 Graec.
1315 5368 1407 5424 effect.
1427 5369 1457 5422 in
1474 5368 1537 5438 fine,
1557 5369 1663 5438 templa
1675 5371 1791 5423 meum

100 5463 216 5533 quisque
246 5463 313 5515 detes
340 5463 396 5514 eim
415 5469 465 5514 aut
482 5466 651 5530 potestatem
674 5459 774 5512 habeat
798 5456 933 5525 cujusque
960 5457 1105 5526 gentilium
1133 5456 1202 5509 elim
1232 5471 1366 5509 conamen
1396 5456 1487 5520 fuisse
1500 5456 1547 5537 dn
1580 5456 1686 5526 templu
1717 5475 1791 5512 mar·

99 5551 151 5608 rei.
186 5550 234 5602 Ea
253 5566 285 5603 ee
313 5548 400 5613 enim,
429 5548 535 5616 inquit,
556 5547 712 5616 poterimus
737 5545 826 5612 seire,
854 5560 934 5614 quun
960 5552 1064 5612 symm,
1093 5558 1126 5597 ex
1152 5558 1207 5612 qne
1231 5542 1344 5598 tandem
1362 5558 1510 5613 progressu
1530 5543 1661 5615 temporis
1679 5544 1793 5616 tactum,
