4104 6014
231 256 289 317 tlt
832 247 954 308 LOCUS
971 249 1174 308 VICESIMUS
1197 244 1345 308 SEXTUS

227 413 253 459 et
285 407 423 459 semideos
456 416 638 471 roccaersmt,
660 409 801 461 beataum
833 408 944 460 insulas
969 421 1063 474 seque·
1091 423 1152 459 rum
1171 406 1216 460 vel
1234 406 1381 476 impiarum
1399 406 1560 460 distinctum
1578 422 1612 459 ae
1630 402 1777 460 diversum.
1825 410 1850 457 5.
1871 396 1926 456 Rs·

227 499 335 544 strasse
355 494 421 561 (quo
439 491 523 562 etiam
542 492 682 562 pertinent
698 492 790 562 campi
801 491 891 562 Elysii
910 490 1064 560 poetarum)
1091 492 1228 560 spondeat
1253 508 1318 546 vero
1341 491 1463 546 Paraeus
1482 490 1608 546 lesuitae
1634 489 1764 551 Becano,
1794 488 1843 560 qui
1862 487 1926 541 libr.

226 577 417 645 improborum
447 586 540 630 autem
569 579 715 631 animabus
742 578 831 631 laeum
850 579 930 645 apud
954 578 1063 640 inferos
1091 575 1126 630 de
1142 594 1226 648 purg,
1244 576 1420 632 Calvinistar.
1439 597 1461 632 c.
1484 585 1505 633 1.
1524 594 1557 632 ex
1579 576 1693 631 Calvino
1712 576 1822 646 probat,
1848 571 1924 644 quod

227 663 387 729 impiorum,
405 663 435 714 in
453 680 507 730 qua
527 664 613 716 etiam
632 664 759 716 cruciari
776 664 913 730 macedam
930 678 1064 715 commen·
1090 664 1226 731 statuerit,
1245 663 1357 715 animas
1368 664 1512 731 justorum
1531 665 1561 716 in
1584 665 1615 717 V.
1636 665 1666 717 Τ.
1682 681 1739 716 nan
1751 663 1845 714 statim
1858 667 1925 728 post

227 748 283 800 tati
298 754 371 810 sunt,
393 747 529 816 Sisyphus
547 749 678 801 videlicet
704 757 729 801 et
750 749 887 801 Tantalos
904 757 930 800 et
949 748 1063 801 Iriones
1090 750 1163 802 hanc
1188 750 1274 802 sitam
1292 751 1428 818 migrasse
1445 750 1476 801 in
1494 749 1615 811 coelum,
1651 751 1704 803 sed
1723 747 1877 802 delituisse
1896 746 1927 796 in

227 842 254 887 et
285 835 390 900 Tityos.
441 841 465 888 4.
493 834 537 888 De
565 835 744 888 Manichaeis
775 835 860 888 refert
892 832 1064 903 Epiphanius
1090 837 1213 902 quodam
1243 852 1356 888 carcere
1391 845 1417 888 et
1446 836 1552 895 Christi
1579 836 1747 889 redemtoris
1775 834 1927 885 adventum

227 917 274 974 lib.
300 924 322 972 2.
343 923 409 972 tom.
437 924 462 974 2.
487 918 563 975 haer.
589 925 630 973 66.
658 920 733 989 quod
751 919 914 986 statuerint,
947 919 1065 980 animas,
1090 929 1271 991 erspectasse.
1319 920 1366 977 Sic
1393 922 1465 975 eninr
1496 922 1592 976 scribit
1618 921 1647 975 in
1664 916 1926 991 psychopaunycb:

228 1021 299 1072 qssae
316 1005 424 1057 erroris
442 1004 527 1071 hujus
546 1013 640 1057 sectae
659 1005 844 1072 counitionem
873 1005 989 1071 hahent,
1020 1020 1064 1054 as·
1091 1008 1151 1059 Nec
1178 1010 1271 1061 ricinus
1297 1010 1438 1062 euidenter
1466 1009 1614 1077 apostolus
1640 1009 1742 1061 Petrus
1770 1006 1883 1059 animas
1909 1023 1927 1056 a

228 1091 304 1142 sumi
322 1090 353 1142 in
379 1090 493 1157 lunam,
521 1108 582 1144 cum
601 1091 699 1144 lucida
725 1093 838 1144 animae
857 1091 976 1144 essentia
996 1089 1065 1142 easi-
1090 1102 1178 1146 morte
1196 1103 1223 1146 et
1241 1111 1300 1146 esse
1318 1103 1344 1146 et
1363 1095 1455 1147 uicere
1474 1097 1609 1157 ostendit,
1630 1113 1693 1147 cum
1711 1093 1815 1160 tradit,
1846 1090 1926 1145 Chri·

228 1183 298 1240 stat,
322 1183 496 1244 quapropter
524 1178 611 1229 etiam
634 1177 732 1229 lunam
749 1193 898 1245 aupescere
926 1184 952 1229 et
971 1178 1066 1228 decre
1090 1184 1162 1230 stum
1180 1179 1239 1247 his,
1269 1181 1319 1248 qui
1335 1180 1365 1232 in
1384 1197 1498 1232 carcere
1517 1189 1612 1241 erant,
1643 1178 1787 1247 spiritibus
1809 1176 1928 1246 praedi·

228 1277 305 1314 scere
336 1279 371 1314 ac
404 1263 541 1328 deficere,
577 1264 645 1314 dum
681 1262 813 1331 impletur
847 1263 883 1314 ab
918 1262 1065 1313 animabus
1091 1281 1187 1332 casae,
1204 1282 1255 1317 nec
1272 1266 1421 1334 spiritibus
1444 1269 1528 1320 modo
1542 1267 1657 1334 piorum
1677 1265 1869 1317 remarionem
1885 1264 1928 1315 ad

229 1364 333 1410 ewam,
352 1349 402 1415 qui
419 1347 450 1400 in
467 1349 624 1416 cognitione
644 1348 855 1402 incredulitatis
872 1350 955 1401 istius
980 1347 1064 1400 mori·
1090 1350 1226 1414 salutem,
1258 1353 1310 1405 sed
1327 1351 1477 1419 impiorum
1494 1369 1601 1420 quoqne
1621 1351 1766 1420 spiritibus
1783 1348 1926 1412 confusio·

228 1440 322 1486 untur.
372 1435 487 1487 Deinde
517 1436 628 1487 eaedem
648 1453 667 1487 a
697 1435 775 1502 lerna,
802 1436 910 1487 minore
934 1433 1065 1486 uidelicet
1091 1451 1152 1487 nem
1158 1457 1169 1504 ,·
1192 1443 1220 1489 et
1245 1442 1356 1505 postea:
1380 1438 1439 1489 Nec
1464 1454 1529 1490 uero
1553 1439 1670 1490 miretur
1692 1437 1853 1507 quisqwm,
1884 1435 1926 1486 in·

227 1519 334 1588 scapha
351 1520 465 1587 depleri
479 1528 504 1571 et
520 1520 550 1572 in
562 1520 650 1572 solem
663 1521 769 1572 aemmi
784 1527 867 1587 atque
879 1520 910 1572 in
920 1519 1064 1571 beatorum
1091 1520 1171 1573 cludi
1197 1538 1310 1575 carcere
1344 1530 1456 1575 sanctas
1491 1531 1605 1591 patres,
1643 1523 1693 1591 qui
1726 1519 1926 1573 redemtionem

228 1605 352 1659 secedam
386 1606 500 1673 deponi.
548 1606 725 1675 Augustinus
751 1605 787 1658 de
813 1604 889 1658 haer.
917 1604 953 1658 ad
972 1603 1064 1668 Quod·
1095 1606 1199 1658 Christi
1216 1608 1405 1674 aspectabant.

228 1690 316 1749 vultd.
341 1690 416 1744 haer.
440 1696 488 1746 46:
520 1692 688 1744 Manichaei
718 1693 828 1745 animae
857 1691 958 1755 bonas,
994 1707 1065 1758 quas
1128 1695 1185 1746 166.
1221 1695 1247 1748 6'.
1266 1693 1414 1759 Pontificii
1431 1694 1551 1761 quiaque
1569 1693 1723 1746 animarum
1750 1689 1929 1761 receptacula

228 1785 339 1830 rement
369 1777 404 1829 ab
435 1777 593 1829 animarum
624 1779 766 1830 malarum
801 1784 923 1830 naturae
959 1776 1065 1829 seilicet
1090 1774 1237 1829 fabricant.
1276 1781 1300 1832 1.
1323 1779 1491 1848 Infernum,
1519 1778 1547 1831 in
1566 1795 1648 1848 quem
1667 1778 1801 1848 ablegant
1819 1776 1928 1830 animas

89 1879 155 1921 1111.
169 1879 215 1922 18³.
228 1863 596 1917 contrariaecommiatione
610 1863 784 1928 liberandae,
804 1863 873 1930 ejus.
894 1864 974 1930 cujus
989 1863 1066 1913 Dens
1092 1860 1232 1916 hominum
1249 1869 1371 1919 extreme
1388 1864 1549 1934 impiorum,
1574 1864 1621 1934 qui
1640 1863 1848 1926 incredulitate,
1875 1863 1925 1915 im-

230 1956 279 2016 est,
299 1963 358 2001 esse
377 1956 498 2000 naturae
516 1954 567 2000 stc.
587 1949 728 2017 quidquid
745 1950 869 2016 undique
888 1947 935 2012 (ab
962 1947 1066 1999 anima·
1093 1947 1230 2018 patientia
1248 1957 1276 2003 et
1294 1950 1469 2019 gravioribus
1485 1956 1583 2003 contra
1600 1949 1797 2003 conscientiam
1817 1948 1926 2003 delictis

229 2035 292 2101 bus)
314 2041 458 2102 pingatur
485 2019 615 2100 luminis,
643 2051 697 2102 per
724 2037 864 2102 quasdam
884 2050 977 2099 naues,
995 2049 1065 2102 quus
1091 2034 1150 2086 sive
1180 2034 1303 2103 peccatis
1335 2034 1499 2089 mortalibus
1531 2051 1565 2088 ex
1599 2033 1651 2087 hac
1682 2035 1740 2088 vita
1776 2034 1925 2090 decedunt.

230 2137 287 2172 esse
316 2120 413 2171 lunam
441 2127 466 2171 et
483 2119 570 2172 solem
595 2119 706 2186 uolunt,
734 2137 820 2186 regno
848 2119 907 2171 Dei
932 2126 1065 2185 mnauam
1093 2121 1120 2174 2.
1141 2120 1355 2188 Purpatorium,
1374 2119 1483 2174 inferno
1494 2119 1657 2189 proximum,
1673 2121 1700 2173 in
1713 2119 1788 2190 quod
1800 2121 1927 2189 relegant

226 2206 356 2275 propriis
374 2206 487 2258 sedibus
503 2204 597 2258 reddi.
638 2203 715 2264 Quae
734 2205 832 2257 itidem
851 2221 936 2258 nares
954 2205 989 2256 de
1008 2203 1067 2255 Dei
1092 2204 1198 2258 animas
1217 2221 1319 2259 eorum.
1340 2205 1388 2275 qui
1409 2204 1532 2258 nondum
1550 2205 1632 2273 plene
1650 2221 1668 2258 a
1684 2206 1808 2275 peccatis
1832 2206 1924 2260 renia-

228 2292 386 2345 suhstantia
411 2308 488 2359 para
502 2290 652 2360 perhibent
663 2291 840 2358 fabricatas.
883 2287 978 2343 Affine
1001 2288 1066 2342 huic
1091 2288 1165 2342 libus
1184 2290 1296 2361 purgati
1316 2296 1390 2358 sunt,
1409 2289 1526 2343 necdum
1545 2308 1596 2360 pro
1616 2291 1815 2360 temporalibus
1828 2293 1925 2362 poenis

231 2377 355 2446 opinioni
375 2375 446 2430 illud
467 2375 640 2429 ethnicorum
660 2375 812 2439 somnium,
836 2392 893 2445 quo
913 2376 1019 2430 animas
1038 2375 1067 2428 in
1091 2380 1268 2443 peccatorum
1297 2375 1420 2446 perfecte
1448 2375 1660 2444 satisfecerunt,
1692 2376 1721 2430 in
1749 2376 1806 2432 fide
1832 2385 1926 2432 tamen

232 2463 350 2517 aetheris
376 2477 409 2514 ac
433 2459 576 2514 stellarum
597 2464 724 2514 naturam
740 2461 830 2516 redire
851 2461 1064 2515 arbitrabantur.
1092 2458 1195 2514 Christi
1213 2478 1246 2515 ex
1264 2460 1317 2515 hac
1336 2461 1394 2515 rita
1413 2461 1606 2524 discesserunt,
1626 2460 1681 2514 illis
1699 2462 1807 2516 tamdiu
1819 2463 1849 2517 in
1859 2481 1925 2534 pur·

231 2546 381 2604 Suetonius
402 2550 536 2600 memoret
552 2545 587 2599 de
602 2546 672 2600 lulli
685 2545 812 2601 Caesaris
825 2548 927 2613 anima,
944 2546 1019 2617 quod
1037 2546 1065 2599 in
1090 2547 1198 2618 gatorio
1234 2547 1391 2600 sudandum
1429 2552 1570 2613 statuunt,
1615 2546 1703 2601 donec
1748 2555 1925 2617 penestarum

230 2631 338 2687 stellam
357 2630 485 2684 crinitam
504 2629 589 2683 fuerit
606 2637 722 2688 mumts.
1090 2632 1207 2686 maculis
1225 2632 1350 2703 purgatis
1372 2632 1434 2702 puri
1450 2638 1477 2686 st
1496 2632 1592 2685 mundi
1605 2632 1634 2685 in
1647 2632 1754 2687 coelum
1767 2633 1924 2690 subvolent.

269 2723 325 2774 165.
362 2724 385 2771 5.
404 2717 527 2770 Lnthero
545 2723 640 2771 nostro
658 2716 759 2772 tribuit
779 2716 903 2770 Perseus
921 2718 950 2769 in
968 2731 1065 2770 comm.
1089 2720 1118 2773 3.
1149 2719 1275 2771 Limtum
1306 2734 1473 2785 praecorum,
1504 2717 1549 2771 cui
1581 2717 1726 2788 assignant
1749 2721 1856 2773 animas
1884 2720 1925 2774 in·

231 2823 254 2860 c.
278 2809 320 2860 42.
350 2800 420 2858 Gen.
449 2802 501 2857 col.
536 2807 613 2858 2012.
643 2801 718 2873 quod
751 2819 892 2856 commune
922 2804 1066 2871 quoddam
1090 2802 1198 2857 fantum
1227 2819 1283 2856 non
1308 2801 1527 2872 baptisatorum,
1558 2801 1621 2873 qui·
1638 2809 1751 2873 propter
1780 2814 1926 2874 peecatum

230 2889 438 2959 receptaculum
464 2893 584 2950 statuat,
613 2887 642 2942 in
670 2887 744 2957 quod
771 2895 829 2942 tam
855 2889 962 2958 piorum
982 2904 1065 2959 quarn
1090 2887 1214 2958 originis,
1228 2887 1257 2940 in
1277 2902 1333 2958 quo
1350 2888 1456 2957 absque
1469 2887 1598 2957 baptismi
1612 2889 1734 2943 remedio
1747 2889 1927 2944 decesserunt

230 2976 376 3046 impiorum
408 2973 518 3035 animae
550 2982 615 3042 post
645 2981 759 3028 mortem
798 2981 1003 3045 congregentur
1038 2980 1066 3028 st
1087 2991 1182 3043 poena
1201 2976 1312 3037 damni,
1344 2990 1398 3026 non
1420 2980 1512 3028 tamen
1530 2989 1628 3027 sensus
1656 2975 1685 3028 in
1703 2973 1755 3029 hac
1774 2976 1845 3030 cella
1860 2976 1926 3031 aab

229 3078 318 3134 usque
335 3060 372 3114 ad
387 3059 487 3129 judieii
505 3059 579 3114 diem
599 3059 628 3113 in
656 3075 689 3114 eo
707 3066 898 3123 enerventur,
918 3066 1066 3130 propterea
1090 3067 1219 3114 terranea
1242 3059 1414 3124 afficiantur,
1447 3060 1552 3113 exclusi
1579 3077 1596 3114 a
1621 3061 1731 3131 gaudiis
1757 3062 1841 3126 cosli,
1869 3080 1926 3118 non

231 3148 307 3219 quod
333 3147 362 3200 in
384 3161 483 3199 comm.
507 3161 531 3198 c.
555 3150 597 3199 25.
624 3150 652 3198 et
675 3151 718 3200 42.
736 3145 807 3200 Gen.
834 3146 951 3202 scribat:
986 3145 1066 3198 Sicut
1091 3152 1184 3200 tamen
1202 3145 1321 3214 subjecti
1339 3145 1434 3214 poenis
1452 3144 1560 3201 inferni.
1596 3145 1707 3200 Dicitur
1724 3145 1839 3213 limbus,
1859 3149 1928 3219 quia

232 3235 298 3307 5:313
316 3233 477 3301 sepulcrum
494 3248 635 3284 commune
656 3240 695 3285 est
708 3232 769 3298 piis
788 3240 814 3285 ct
840 3233 948 3300 impiis,
976 3231 1065 3284 itaet
1092 3238 1135 3286 est
1154 3231 1233 3302 quasi
1254 3248 1304 3286 ora
1323 3236 1352 3285 et
1372 3231 1530 3286 extremitas
1551 3231 1689 3301 quaedem
1708 3232 1821 3301 inferni,
1854 3235 1927 3290 sicut

231 3305 332 3394 '³5qu,
365 3325 394 3372 et
411 3321 524 3387 postea:
553 3317 638 3370 Recte
655 3318 743 3384 igitur
760 3316 829 3370 hacc
848 3316 1065 3385 distinerentur,
1091 3317 1193 3371 limbus
1222 3317 1384 3372 vestimenti.
1434 3324 1458 3372 1.
1478 3319 1606 3371 Limbum
1621 3327 1752 3388 patrum,
1785 3320 1814 3374 in
1842 3338 1925 3391 quem

229 3407 272 3459 ita
296 3413 326 3456 nt
350 3404 509 3472 sepulcrum
526 3403 563 3455 sit
580 3403 673 3468 locta,
703 3404 733 3454 in
752 3419 806 3470 quo
824 3419 928 3470 capus
945 3418 1063 3470 ossaque
1092 3403 1271 3457 introducunt
1294 3404 1401 3456 animas
1427 3402 1646 3471 patriarcharum
1678 3410 1706 3458 et
1724 3406 1846 3459 omnium
1864 3424 1926 3461 san·
1940 3427 2008 3468 1111.
2023 3429 2051 3471 nt

231 3494 438 3546 demortuorum
474 3491 665 3544 reconduntur
699 3497 775 3542 certo
812 3497 950 3558 tempore,
987 3496 1065 3542 certa
1091 3494 1198 3542 storum
1216 3487 1249 3541 V.
1269 3486 1303 3544 T.
1334 3494 1399 3541 ante
1432 3487 1534 3542 Christi
1565 3488 1602 3541 ad
1632 3489 1733 3545 inferos
1763 3491 1925 3547 descensum

229 3593 354 3647 persona
377 3585 402 3629 ct
418 3576 497 3644 loco,
531 3575 625 3629 scheol
651 3583 743 3629 autem
760 3592 901 3627 commune
923 3577 1065 3644 quoddam
1091 3576 1310 3640 demortuorum,
1345 3590 1414 3643 quas
1439 3575 1468 3627 in
1495 3573 1548 3627 hac
1577 3574 1677 3629 cellula
1694 3593 1812 3646 poenam
1831 3577 1925 3632 damni

230 3663 437 3733 receptaculum
457 3678 513 3714 non
531 3678 681 3730 corporum
698 3668 820 3727 tantum,
840 3661 893 3712 sed
913 3667 938 3712 et
955 3660 1063 3713 anima·
1090 3661 1270 3730 temporalem
1307 3659 1471 3713 sustinuisse
1506 3667 1646 3725 asserunt,
1691 3662 1778 3717 donec
1816 3667 1925 3733 peccati

230 3768 308 3816 rum,
331 3746 381 3800 nbi
398 3763 492 3801 omnm
512 3748 615 3800 mortui
642 3752 856 3814 conprendatur.
903 3743 1065 3815 Responde·
1091 3745 1234 3817 originalis
1265 3744 1361 3799 debito
1391 3761 1441 3814 per
1458 3743 1560 3798 Christi
1587 3753 1702 3801 mortem
1731 3748 1865 3803 dissoluto
1892 3766 1925 3805 ex

231 3849 307 3888 mus:
341 3837 363 3887 1.
382 3831 521 3886 Lutherus
549 3831 578 3884 in
608 3830 670 3884 aliis
697 3829 764 3884 locis
791 3829 936 3884 manifeste
960 3830 1065 3900 asserit,
1091 3849 1125 3887 es
1152 3830 1287 3885 liberatae
1317 3830 1354 3883 ad
1388 3830 1546 3884 fruitionem
1585 3832 1711 3887 coelestis
1745 3833 1926 3889 beatitudinis

231 3920 338 3975 animas
358 3917 466 3987 piorum
486 3915 523 3970 ab
542 3916 649 3986 angelis
669 3914 810 3970 transferri
840 3917 870 3968 in
885 3917 1066 3987 paradisum,
1092 3918 1169 3972 fuere
1194 3916 1383 3982 introductae,
1411 3933 1473 3968 cum
1492 3915 1616 3970 Christus
1639 3919 1675 3971 ad
1692 3918 1795 3974 inferos
1813 3920 1926 3975 descen-

232 4004 379 4075 impiorum
398 4019 463 4058 raro
477 4001 586 4055 detrudi
604 4003 635 4053 in
646 4002 798 4069 infernum,
816 4005 849 4054 ut
862 4001 891 4054 in
905 4002 1066 4071 quaestione
1092 4003 1186 4057 disset.
1225 4000 1339 4056 Catech.
1364 4001 1440 4055 Trid.
1467 4020 1495 4072 p.
1522 4008 1563 4057 56.
1590 4003 1708 4058 Sonmm
1727 4006 1756 4058 in
1775 4006 1926 4065 demonstr.

237 4091 272 4146 de
290 4094 509 4159 ψυχοπαννυχίᾳ
528 4085 691 4141 videbimus.
731 4093 755 4141 2.
778 4087 960 4157 Nequaquam
981 4087 1066 4158 igitur
1091 4087 1169 4156 relig.
1191 4085 1293 4140 Christ.
1314 4085 1362 4140 lib.
1383 4092 1504 4141 211151.
1525 4093 1549 4142 3.
1569 4104 1591 4141 c
1616 4096 1654 4143 15.
1677 4097 1727 4144 etc.
1759 4094 1782 4144 5.
1804 4090 1927 4161 Ocelum,

238 4191 383 4230 commune
413 4173 526 4244 aliquod
551 4177 580 4224 et
605 4170 795 4224 indistinctum
818 4171 971 4225 animarum
991 4190 1065 4229 rece-
1092 4173 1121 4225 in
1152 4172 1227 4242 quod
1258 4171 1364 4225 animas
1394 4177 1553 4225 sanctorum
1581 4172 1616 4226 ab
1649 4173 1776 4229 omnibus
1804 4178 1926 4245 peccatis

232 4262 376 4331 ptaculum
395 4259 500 4322 statuit,
519 4258 547 4310 in
566 4275 621 4327 quo
640 4265 774 4326 utraeque
790 4257 958 4326 conjunctim
978 4276 1065 4330 usque
1093 4258 1174 4328 plene
1192 4265 1328 4328 purgatas
1346 4257 1503 4310 admittunt.
1557 4256 1632 4312 Ordo
1654 4258 1762 4312 illarum
1782 4262 1926 4334 contigna-

232 4347 269 4401 ad
290 4346 427 4415 judicium
456 4349 649 4410 asserventur,
679 4342 728 4397 sed
756 4360 807 4412 per
826 4341 919 4399 scheol
936 4343 1068 4416 intelligit
1091 4342 1196 4397 honum
1212 4343 1296 4411 juxta
1312 4341 1474 4397 Pontificius
1492 4341 1556 4395 talis
1574 4349 1633 4397 est:
1659 4344 1797 4412 Infernas
1814 4345 1843 4401 in
1860 4347 1922 4418 ipso
1959 4343 1962 4346 ⁴

231 4449 400 4486 communem
423 4431 565 4484 homimem
587 4435 653 4496 post
675 4437 790 4481 mortem
815 4430 1004 4482 conditionem
1031 4448 1065 4482 ac
1092 4435 1181 4482 terrae
1201 4435 1297 4481 centro
1313 4429 1420 4496 positus
1439 4435 1494 4493 est,
1527 4426 1592 4480 huic
1609 4429 1761 4497 proximum
1786 4442 1922 4500 pnrpato·

202 4566 204 4571 .
230 4517 389 4570 animarum
420 4532 434 4567 e
465 4530 584 4584 corpore
612 4514 642 4565 in
668 4529 756 4565 nouas
782 4514 863 4566 sedes
883 4517 1065 4582 transmiara·
1090 4514 1174 4578 dum,
1191 4513 1265 4583 quod
1288 4518 1330 4567 est
1347 4511 1516 4582 contignatio
1538 4513 1616 4583 quasi
1635 4514 1776 4580 secunda;
1795 4517 1843 4571 illa
1862 4535 1926 4574 eon·

230 4602 346 4668 tionem,
377 4600 430 4656 hoc
454 4608 497 4655 est
520 4605 609 4654 status
635 4599 816 4652 mutationem
842 4600 970 4654 omuibus
992 4617 1065 4655 com·
1091 4600 1187 4669 tiguus
1214 4604 1257 4652 est
1282 4598 1383 4650 limhm
1400 4598 1558 4663 infantum,
1589 4599 1633 4652 cui
1659 4601 1781 4670 proxime
1802 4603 1925 4672 superin-

231 4701 342 4742 munem
368 4685 474 4740 ratione
498 4686 611 4739 termini
631 4704 650 4738 a
668 4702 737 4752 quo,
770 4701 826 4737 non
848 4690 941 4740 autem
958 4683 1198 4739 rationecumbit
1228 4683 1330 4737 limbus
1357 4691 1486 4751 pmrum,
1523 4685 1570 4753 qui
1604 4684 1686 4739 hodic
1718 4687 1860 4742 translatis
1897 4689 1925 4741 in

231 4773 345 4827 urmini
374 4775 415 4824 ad
445 4789 532 4841 quem.
585 4777 610 4825 3.
633 4770 675 4827 Ut
699 4771 739 4823 sic
764 4770 931 4826 descendere
953 4744 1197 4847 flhhattlicoslum
1229 4785 1246 4823 a
1277 4767 1388 4822 Christo
1426 4769 1551 4838 patribus
1586 4787 1698 4839 prorsus
1734 4789 1838 4827 vacuus
1875 4781 1924 4828 est.

230 4858 300 4913 nihil
331 4856 408 4911 aliud
437 4856 490 4926 ipsi
515 4857 552 4910 sit
578 4873 661 4926 quam
691 4861 794 4910 statum
823 4862 852 4910 et
878 4857 1064 4911 conditionem
1090 4855 1291 4925 Compendium
1311 4855 1484 4926 theologicae
1504 4857 1629 4912 veritatis
1648 4859 1764 4922 asserit,
1786 4861 1927 4914 Christum

232 4951 401 4998 mortuorum
421 4942 528 5006 subire,
555 4958 627 5011 quae
645 4941 755 5012 phrasis
772 4959 828 4995 non
846 4948 956 4997 tantum
976 4943 1064 5009 malis,
1092 4942 1268 4995 descendisse
1303 4943 1346 4992 ad
1382 4941 1494 4994 limbum
1527 4951 1644 5011 patrum
1679 4952 1706 4997 ct
1734 4962 1799 4998 suos
1829 4963 1864 4999 ee
1895 4963 1928 5001 eo

232 5027 281 5084 sed
302 5029 386 5083 etiam
407 5027 487 5082 bonis
506 5026 652 5093 tribuitur,
670 5026 741 5082 Gen.
757 5032 807 5095 37,
832 5044 857 5078 v.
879 5033 920 5083 35.
940 5043 1000 5096 cap.
1022 5014 1236 5092 lisls‘berasse,
1256 5027 1351 5095 sicque
1368 5026 1513 5094 infernum
1531 5030 1722 5096 momordisse,
1740 5032 1808 5098 quia
1817 5039 1928 5100 partem

231 5130 257 5171 r.
277 5119 319 5171 38.
338 5130 362 5169 c.
388 5119 437 5181 41,
464 5129 490 5170 v.
521 5118 562 5168 29.
598 5111 662 5167 lob.
692 5119 743 5180 21,
769 5131 795 5168 v.
826 5118 865 5168 13.
894 5112 993 5167 Psalm.
1023 5120 1064 5181 55,
1090 5129 1140 5167 seu
1158 5112 1250 5166 bolum
1271 5114 1307 5165 de
1325 5113 1439 5175 inferno
1457 5113 1622 5181 alsmlait,
1645 5123 1758 5182 partem
1777 5131 1843 5169 cero
1862 5116 1928 5170 reli·

231 5217 257 5253 v.
286 5205 326 5255 16.
364 5205 388 5256 4.
407 5197 630 5253 ludeGesnerus
649 5198 720 5268 disp.
741 5202 779 5252 11.
799 5198 828 5252 in
845 5197 923 5254 form.
936 5199 1065 5255 concord.
1093 5200 1194 5267 querit.
1232 5197 1308 5249 Pars
1329 5200 1401 5250 enim
1420 5199 1519 5251 ablata
1537 5207 1577 5251 est
1591 5201 1766 5266 paradisus,
1792 5201 1842 5268 qui
1860 5202 1928 5255 olim

230 5285 270 5341 th.
290 5289 331 5340 50.
345 5283 494 5354 distinguit
511 5283 584 5337 inter
599 5283 808 5354 receptaculum
828 5284 1022 5337 commorandi
1038 5291 1066 5339 et
1092 5291 1155 5338 erat
1172 5282 1281 5351 limbus,
1295 5300 1369 5352 pars
1385 5285 1487 5337 relicta
1505 5292 1545 5337 cst
1560 5288 1762 5353 purgatorium
1781 5304 1843 5339 cnm
1860 5288 1929 5341 reli·

232 5369 414 5435 mansamdi,
447 5368 584 5438 posterius
609 5368 687 5422 bonis
706 5375 734 5421 et
751 5367 831 5422 malis
854 5383 999 5422 commune
1024 5375 1067 5422 est
1093 5369 1157 5438 qais
1179 5369 1289 5428 inferni
1312 5371 1432 5425 exedris.
1482 5367 1596 5423 Cateeh.
1621 5367 1702 5425 Rom.
1730 5369 1749 5426 1.
1778 5376 1809 5424 51
1816 5389 1823 5423 :
1858 5372 1928 5425 Tria

233 5473 267 5515 ae
285 5455 491 5522 indistinctum,
526 5451 603 5524 prius
622 5469 687 5507 vero
704 5454 813 5509 ratiorm
832 5454 987 5508 animarum
1005 5453 1065 5524 pia-
1095 5462 1159 5506 sunt
1178 5455 1337 5516 inferorum
1348 5454 1544 5523 receptacula,
1563 5455 1702 5523 infernus,
1720 5458 1929 5524 purpatorium,
