4104 6014
235 311 296 370 268
823 307 947 367 LOCUS
964 303 1170 365 vlcusfflus
1187 304 1334 365 SEXTUS

232 458 369 516 beneficia
384 462 433 518 illa
460 462 556 520 aDeo
575 463 739 534 impetrant,
765 465 814 522 sed
839 465 941 520 0100000
968 461 1065 519 eadem
1095 458 1285 526 Bonifacium,
1308 462 1392 519 Hasai
1415 461 1621 525 Elisabetham,
1648 460 1761 539 Misnici
1781 461 1933 528 Donatum,

233 546 393 603 conferendi
421 549 532 620 ipsimet
563 555 628 604 sunt
662 551 799 609 instructi.
858 558 881 608 2.
915 548 1067 607 Sanitatem
1095 546 1195 602 Bavari
1210 548 1431 622 Wolffgangnm,
1450 549 1590 604 Austriaci
1604 547 1775 616 Florianum,
1793 546 1933 602 Carinthii

237 633 408 704 corporalem
426 652 476 705 per
493 635 644 691 medicinas
664 655 810 709 corporeas
829 637 938 693 efficere
958 635 1068 689 divinae
1094 632 1263 705 Rupertnm,
1290 635 1404 690 Borussi
1432 635 1594 704 Albertum,
1619 634 1766 689 Pomarani
1785 633 1931 700 Othonem,

235 720 387 791 sapientiae
406 721 530 790 placuit;
556 722 606 777 sed
631 724 705 793 quod
729 725 838 779 animae
855 724 1001 778 sanitatem
1018 736 1069 791 por
1096 718 1179 774 Suevi
1207 720 1365 775 Conradnm
1395 728 1447 778 etc.
1493 720 1729 792 Magdeburgensi
1758 720 1932 791 episcopatui

234 812 345 861 sanctos
363 807 510 862 defunctos
526 810 607 865 nobis
626 810 750 865 conferre
768 810 851 874 velit,
871 810 905 865 de
925 826 958 864 eo
979 808 1067 861 altum
1098 806 1257 873 praefectus
1268 813 1328 862 erat
1340 807 1494 873 Mauritius,
1513 806 1742 862 Halberstadensi
1763 806 1932 878 Stephanus,

233 894 263 947 in
292 892 442 963 Scripturis
481 895 591 950 divinae
623 896 774 950 voluntatis
811 895 988 951 internuntiis
1027 853 1291 964 estASalzburgcnai
1331 893 1521 964 Ruprechtus,
1559 892 1755 965 Herbipolensi
1796 892 1932 962 Cilianns,

233 979 381 1036 silentium.
427 987 451 1036 3.
479 981 622 1051 Scriptura
652 982 766 1037 unicum
792 981 932 1038 Christum
959 980 1067 1035 animae
1096 978 1296 1052 Bambergensi
1316 980 1455 1036 Hauricns
1474 990 1525 1036 etc.
1567 969 1657 1036 Roma
1682 980 1813 1035 tutelares
1832 980 1933 1036 habuit

233 1073 342 1120 nostrae
369 1068 505 1120 medicum
524 1068 643 1138 juvandi
664 1073 773 1139 promta
797 1070 938 1124 voluntate
963 1075 991 1122 et
1009 1065 1068 1120 cffi-
1095 1071 1225 1134 patronos
1236 1066 1350 1120 Petrum
1364 1071 1393 1121 et
1401 1066 1528 1135 Paulum,
1540 1065 1728 1121 Mediolanum
1744 1066 1930 1131 Ambrosium,

233 1151 378 1207 ascissima
417 1158 555 1224 potestate
596 1153 761 1209 instructum
803 1154 885 1210 nobis
929 1153 1067 1225 proponit,
1094 1150 1208 1206 Colonia
1232 1152 1390 1223 Agrippina
1410 1159 1465 1208 tres
1484 1153 1594 1224 Magos,
1623 1151 1754 1209 Ursulum
1783 1159 1812 1208 00
1845 1159 1929 1209 11000

233 1236 379 1307 11000100,
404 1256 430 1291 v.
453 1245 492 1294 12.
520 1239 645 1310 00100010
669 1239 717 1294 1110
741 1240 838 1295 0011000
856 1240 892 1294 00
911 1244 1067 1294 sanctorum
1094 1238 1237 1309 Virgines,
1268 1239 1398 1311 Augusta
1421 1239 1630 1295 vindelicorum
1650 1239 1790 1307 Ulricum,
1821 1239 1932 1294 Lutetia

234 1341 313 1395 opem
334 1324 468 1397 confugit,
486 1326 522 1380 de
539 1326 732 1396 recuperanda
746 1327 855 1381 animae
873 1326 993 1380 sanitate
1011 1341 1068 1380 cer·
1096 1323 1279 1394 Genesaram,
1328 1323 1545 1397 Argentoratum
1591 1324 1720 1394 Otiliam,
1765 1326 1931 1398 Brunswiga

233 1417 279 1465 tus
303 1427 364 1466 esse
389 1411 499 1482 nequit,
528 1429 589 1466 cum
616 1413 651 1466 de
676 1412 786 1467 illorum
816 1429 869 1483 ope
896 1411 1069 1482 imploranda
1096 1410 1230 1466 Autorem
1250 1417 1303 1466 000.
1356 1413 1383 1465 A
1409 1411 1502 1465 nautis
1531 1410 1713 1467 invocabatur
1744 1412 1875 1468 Nicolaua
1904 1419 1933 1467 00

234 1496 342 1552 nullum
353 1497 381 1550 in
392 1496 543 1568 Scripturis
556 1503 646 1553 exstat
664 1499 834 1562 mandatum,
853 1499 887 1553 de
899 1498 1017 1553 00010000
1032 1497 1068 1552 ab
1095 1496 1322 1568 christophorus,
1348 1514 1365 1551 a
1391 1498 1522 1553 studiosis
1540 1497 1694 1569 Gregorius
1719 1505 1747 1554 00
1772 1497 1931 1566 Catharina,

235 1584 289 1638 illis
302 1582 479 1654 impetranda
497 1584 575 1638 nulla
593 1585 747 1657 promissio.
781 1591 805 1641 4.
818 1585 878 1641 Nec
890 1583 999 1653 herbas,
1017 1599 1069 1636 nec
1097 1599 1113 1637 a
1129 1583 1283 1654 pictoribus
1301 1585 1403 1649 Lucas,
1422 1601 1440 1639 a
1459 1584 1574 1640 medicis
1592 1584 1704 1640 (1000000
1720 1592 1748 1641 00
1768 1585 1930 1656 Damiauus,

236 1670 374 1726 medicum
408 1670 508 1725 herbas
533 1676 787 1740 contemperantiam
814 1677 842 1724 et
859 1674 1069 1742 praeparantem
1096 1689 1113 1726 a
1140 1670 1346 1741 jurisconsultis
1382 1671 1447 1739 Ivo,
1482 1687 1499 1725 a
1524 1671 1661 1742 theologis
1697 1671 1873 1743 Augustinus
1903 1678 1932 1728 et

236 1756 330 1812 divino
363 1762 510 1826 propterea
542 1756 646 1812 honore
676 1755 828 1827 afficimus,
859 1755 935 1828 quod
960 1755 1070 1810 illorum
1095 1756 1230 1823 Thomas,
1248 1755 1284 1810 ab
1303 1756 1442 1828 equitibus
1465 1755 1616 1828 Georgius,
1642 1756 1763 1812 afabris
1782 1757 1928 1830 Eulogius,

239 1859 323 1913 opera
341 1850 370 1898 et
388 1841 540 1897 ministerio
557 1843 708 1913 corporalis
728 1844 832 1899 sanitas
850 1842 931 1898 nobis
948 1841 1069 1896 restitui·
1096 1860 1113 1897 a
1129 1841 1267 1897 sutoribus
1284 1841 1442 1913 Crispinus,
1469 1858 1487 1896 a
1512 1843 1664 1898 sartoribus
1690 1843 1882 1911 Gntmannus,
1912 1860 1930 1899 a

236 1935 298 1998 tur,
322 1929 362 1983 ita
381 1945 490 2000 quoque
518 1929 678 1990 000001οο0
700 1936 793 1985 esseut
811 1929 904 1984 divino
924 1927 1069 1999 religiosae
1095 1928 1188 2000 figulis
1206 1926 1329 1995 Gnarus,
1359 1928 1571 1983 avenatorihus
1589 1928 1768 1993 Eustachium
1800 1947 1817 1985 a
1844 1947 1929 1986 mere·

236 2015 404 2071 adorationis
432 2015 509 2070 cultu
534 2017 734 2087 prosequendi,
768 2015 791 2070 si
816 2017 861 2072 001
886 2016 1003 2070 maxime
1019 2031 1070 2085 per
1095 2015 1210 2069 tricibus
1232 2013 1303 2069 Afra
1322 2020 1350 2069 et
1368 2014 1536 2086 Magdalena
1556 2023 1607 2070 eto.
1645 2014 1747 2071 Contra
1765 2016 1929 2088 grandinem

235 2101 298 2158 illos
321 2103 350 2157 in
377 2103 496 2158 sanitate
520 2102 630 2158 animae
654 2102 802 2158 efficienda
816 2104 895 2158 Deua
922 2102 1067 2159 nobiscum
1096 2099 1300 2155 invocabantur
1323 2099 1465 2155 iohannes
1490 2105 1519 2156 et
1536 2100 1655 2170 Paulus,
1682 2110 1779 2156 contra
1800 2102 1931 2157 incendia

236 2196 340 2262 ageret.
381 2196 405 2245 5.
427 2189 457 2242 Si
484 2188 610 2245 defuncti
633 2190 722 2245 sancti
744 2207 778 2245 ea
808 2190 910 2245 0100000
935 2189 1070 2246 beneficia
1095 2187 1168 2258 ignis
1182 2186 1296 2258 Agatha
1311 2193 1339 2241 et
1348 2186 1503 2255 Florianus,
1524 2192 1622 2241 contra
1635 2188 1730 2242 vitium
1743 2188 1929 2259 corruptelam

99 2272 392 2347 '‘initi-spiritualia
414 2275 551 2346 largiendi
580 2281 644 2329 sunt
664 2275 806 2340 instructi,
834 2293 890 2346 qua
913 2274 1015 2330 herbae
1032 2275 1069 2329 ad
1096 2273 1238 2339 Urbanus,
1258 2268 1355 2328 cohtra
1372 2271 1528 2342 rubiginem
1545 2273 1678 2341 Jodocus,
1697 2280 1793 2329 contra
1809 2274 1930 2329 bruchos

236 2361 406 2432 corporalem
442 2363 589 2416 sanitatem
626 2367 727 2432 agunt,
773 2376 944 2432 0000000000
977 2360 1069 2428 fuerit,
1095 2361 1229 2431 Magnus,
1265 2366 1362 2414 contra
1396 2366 1502 2430 pestem
1538 2360 1717 2416 Sebastianus
1752 2367 1780 2416 et
1808 2360 1930 2427 Rochus,
1943 2354 2051 2398 illm-l

236 2447 354 2519 singulis
382 2447 486 2501 sanctis
514 2446 683 2517 singularem
715 2452 743 2502 00
777 2448 918 2518 propriam
947 2447 1068 2518 aliquam
1094 2452 1191 2502 000000
1210 2445 1316 2501 febrem
1336 2445 1509 2509 Petronella,
1539 2453 1637 2502 contra
1663 2464 1798 2503 venenum
1825 2447 1929 2503 101100-

236 2535 367 2589 010000000
386 2550 445 2588 essa
472 2532 617 2600 collatam,
643 2531 716 2587 siout
735 2531 823 2588 herba
845 2532 988 2603 quaelibet
1013 2549 1069 2586 non
1095 2549 1144 2587 nes
1156 2532 1336 2603 Evangelista
1358 2539 1385 2586 et
1399 2530 1568 2586 Benedictus
1581 2531 1676 2600 abbas,
1694 2539 1791 2587 contra
1805 2533 1929 2589 dentium

234 2619 417 2676 universalem
436 2619 557 2689 aliquam
575 2618 704 2673 virtutem
724 2624 822 2674 000000
838 2636 933 2674 omnes
952 2617 1069 2683 morbos,
1095 2618 1203 2674 dolores
1234 2618 1397 2689 Apollonia,
1429 2625 1527 2672 000000
1559 2618 1700 2672 oculorum
1734 2619 1802 2674 vitia
1833 2618 1929 2685 Otilia,

237 2706 286 2762 sed
304 2705 474 2776 peculiarem
493 2711 522 2759 00
540 2705 680 2775 propriam
703 2710 800 2760 contra
818 2714 895 2760 certa
913 2705 1068 2761 morborum
1094 2711 1191 2760 contra
1219 2704 1329 2760 morbos
1378 2702 1572 2774 pudendorum
1613 2704 1797 2776 Apollinaris,
1834 2713 1931 2762 contra

234 2808 338 2865 genera
360 2791 475 2848 obtinet.
517 2789 586 2845 Illae
609 2807 676 2863 ergo
699 2793 816 2847 virtutes
843 2797 1001 2847 sanctorum
1021 2805 1070 2846 aut
1094 2792 1232 2847 calculum
1260 2790 1399 2859 Liberius,
1423 2798 1520 2845 contra
1542 2790 1634 2863 ignem
1660 2807 1768 2846 0000000
1790 2794 1931 2849 Antonius

235 2873 317 2934 erunt
335 2876 438 2943 linitae,
460 2881 510 2932 aut
527 2876 661 2935 infinitae.
698 2877 834 2934 Neutrum
851 2878 995 2933 commode
1015 2876 1070 2931 dici
1095 2886 1146 2935 etc.
1199 2876 1342 2933 Contracti
1373 2877 1542 2933 invocabant
1568 2877 1793 2951 Wolffgangum,
1823 2881 1931 2937 calcqu

234 2970 335 3035 potest.
382 2962 445 3018 Non
475 2963 567 3034 prius,
597 2964 664 3034 quia
686 2968 861 3035 sequeretur,
892 2963 1070 3019 miraculosus
1095 2964 1253 3020 laborantes
1266 2964 1418 3030 Liborium,
1431 2963 1601 3019 daemoniaci
1614 2963 1778 3034 Romanum,
1789 2966 1932 3038 epileptici

234 3049 297 3105 illas
314 3051 472 3105 sanationes
487 3049 637 3120 procedere
661 3066 679 3105 a
695 3049 798 3105 virtute
815 3049 907 3113 finita,
931 3067 994 3104 cum
1015 3050 1070 3104 sint
1096 3051 1285 3121 Valentinum,
1303 3050 1408 3122 captivi
1427 3049 1632 3115 Leonhardum,
1650 3066 1803 3122 puerperae
1820 3053 1931 3126 Marga-

236 3138 351 3193 effectus
384 3137 494 3191 virtutis
532 3134 664 3205 infinitae,
695 3135 826 3191 videlicet
856 3136 979 3207 divinae,
1017 3153 1068 3192 nec
1095 3143 1185 3192 retam
1213 3144 1264 3193 eto.
1312 3138 1450 3191 Anserum
1481 3152 1549 3190 cura
1567 3137 1812 3193 commendabatur
1838 3137 1930 3210 Gallo,

236 3224 388 3297 posterius,
418 3222 485 3295 quia
513 3227 691 3292 0000000000,
725 3222 818 3292 plures
848 3238 908 3278 esse
945 3222 1068 3278 infinitas
1095 3225 1186 3278 ovium
1204 3223 1379 3290 Wendelino,
1404 3239 1538 3296 equorum
1557 3222 1685 3293 Eulogio,
1701 3223 1785 3279 boum
1801 3225 1929 3298 Pelagio,

235 3311 352 3366 virtutes
376 3326 439 3364 cum
466 3308 550 3363 unica
572 3315 682 3362 tantum
705 3309 742 3363 sit
764 3308 874 3364 infinita
897 3310 999 3375 virtus,
1024 3311 1068 3364 vi·
1094 3326 1239 3381 porcorum
1250 3310 1381 3378 Antonio,
1393 3310 1466 3383 ignis
1479 3309 1607 3366 Floriano
1622 3317 1676 3364 etc.
1706 3313 1789 3366 2.Εο
1803 3312 1926 3382 scripta.

238 3399 338 3454 delicet
357 3397 460 3452 divina.
493 3396 524 3450 Si
542 3395 687 3452 obvertere
704 3397 799 3463 velint,
817 3415 902 3452 unam
920 3414 980 3452 0000
997 3398 1068 3452 dioi-
1095 3397 1181 3453 Gabr.
1204 3396 1265 3451 Biel
1284 3397 1347 3451 1000.
1372 3402 1411 3452 32.
1436 3396 1466 3450 10
1485 3413 1546 3452 can.
1565 3397 1638 3453 miss.
1668 3398 1752 3451 etiam
1771 3398 1800 3451 in
1817 3399 1926 3452 sanatis

235 3503 302 3539 nam
321 3485 461 3548 infinitam
477 3483 621 3552 uirtutem,
648 3500 721 3552 quae
736 3501 790 3553 per
813 3486 939 3539 diuersas
956 3494 1068 3539 sanctos
1093 3501 1188 3538 oerum
1218 3499 1278 3538 esse
1311 3483 1379 3538 dicit
1409 3483 1485 3538 siluri
1517 3482 1719 3553 Virgilianunr,
1751 3502 1806 3538 non
1833 3485 1928 3538 omnia

236 3571 424 3627 diversimode
448 3589 479 3626 aa
509 3577 632 3631 0000000,
661 3577 691 3622 ut
717 3570 748 3623 in
774 3571 940 3626 Petronalia
970 3580 1068 3626 contra
1092 3587 1240 3640 possumus
1254 3586 1355 3636 omnes,
1373 3572 1402 3624 00
1413 3568 1506 3624 addit:
1528 3570 1592 3622 Non
1606 3569 1786 3623 enimomnia
1801 3571 1928 3624 omnibus

228 3658 353 3727 febrem,
372 3658 402 3710 in
415 3657 573 3725 Apollonia
585 3663 684 3710 contra
703 3657 817 3712 dolores
837 3659 960 3712 dantium
981 3667 1008 3712 et
1025 3661 1068 3712 sic
1096 3658 1166 3710 data
1184 3658 1332 3720 00000001
1351 3656 1458 3710 01100001
1475 3657 1587 3710 011000·οα
1607 3640 1783 3725 receperusit,
1803 3662 1834 3709 ut
1851 3659 1929 3724 quod

236 3753 451 3813 consequentem
491 3743 703 3813 respondemus,
745 3742 799 3798 hac
834 3736 941 3800 ratione
978 3747 1067 3801 deseri
1094 3744 1192 3796 scribit
1214 3741 1325 3797 Gsrson
1346 3745 1530 3798 domatione
1553 3743 1774 3811 etauioreejus
1792 3761 1865 3797 num.
1887 3746 1927 3797 77.

235 3831 403 3903 propositam
433 3828 656 3894 similitudinem,
688 3829 755 3899 quia
781 3829 897 3886 cuilibet
922 3830 1069 3887 herbarum
1094 3831 1137 3885 lit.
1154 3850 1179 3900 p.
1194 3831 1235 3882 ad
1252 3829 1375 3898 aliquem
1391 3840 1553 3884 sanctorum
1570 3837 1597 3883 te
1614 3837 1758 3883 convertas
1768 3847 1824 3898 pro
1837 3846 1927 3884 raeces·

235 3917 331 3991 generi
350 3924 393 3971 est
411 3933 462 3970 sua
481 3915 594 3987 propria
610 3915 705 3985 010000,
723 3933 773 3987 per
791 3934 875 3988 quam
893 3917 929 3972 ad
948 3919 1069 3988 corporis
1095 3916 1224 3970 sitatibus
1237 3916 1403 3986 quibuslibet
1416 3915 1605 3984 sublevandis,
1625 3916 1670 3971 oei
1679 3933 1735 3986 pro
1748 3917 1929 3984 impetranda

236 4006 349 4060 humani
369 4004 516 4059 sanitatem
536 4001 635 4057 efficax
653 4008 702 4067 est,
720 4003 789 4058 alias
809 4004 954 4074 quodlibet
971 4004 1069 4060 herba·
1095 4003 1214 4072 speoiab
1233 4004 1470 4072 quadampratio,
1488 4021 1544 4072 pua
1562 4002 1731 4056 caminensi
1750 4011 1850 4056 sancta
1864 4005 1928 4073 pri·

236 4109 297 4147 rum
316 4108 404 4162 genus
430 4089 466 4144 ad
494 4088 633 4160 quoslibet
656 4089 766 4145 morbos
784 4089 909 4146 adhiberi
929 4098 1023 4161 posset
1036 4107 1069 4145 ac
1095 4090 1257 4157 ciiepiaturn
1282 4091 1426 4158 procidam
1451 4092 1552 4143 donum
1579 4090 1719 4159 receps'aae
1745 4099 1926 4144 memoratur.

235 4181 312 4234 10000
331 4178 444 4233 daretur
463 4176 528 4231 trito
546 4176 587 4230 illi
603 4174 762 4246 proverbio:
1096 4177 1259 4230 Diuisionea
1284 4176 1357 4229 anim
1378 4176 1537 4244 gratiarum
1560 4184 1636 4241 sunt,
1663 4177 1734 4229 01000
1752 4177 1843 4229 tradit
1859 4195 1928 4246 apo-

291 4264 392 4319 samos
410 4265 504 4319 nescio
522 4263 593 4333 qnid
611 4263 747 4317 00001000
765 4263 859 4317 macic
877 4267 999 4333 quando.
1095 4263 1199 4332 salon
1226 4264 1303 4332 quod
1320 4278 1415 4315 aarum
1436 4269 1477 4315 est
1501 4264 1603 4315 nedum
1626 4264 1662 4316 de
1686 4262 1856 4332 uiatoribus,
1877 4266 1930 4316 scd

109 4346 222 4441 tin-53³⁰
273 4356 330 4408 353.
366 4349 515 4414 Quaeritur
533 4355 558 4406 5.
589 4350 637 4402 An
656 4350 748 4402 sancii
765 4351 894 4415 defuncti
911 4351 1068 4419 01000000-
1097 4351 1181 4404 etiam
1198 4350 1233 4403 dc
1253 4348 1350 4412 100010,
1370 4349 1421 4401 sub
1440 4366 1495 4417 quo
1513 4355 1641 4418 respectu
1660 4348 1736 4401 canit
1753 4347 1875 4402 ecclesia
1892 4350 1929 4401 de

107 4409 224 4504 1101001000-
237 4439 316 4493 sides
335 4455 369 4491 ac
388 4438 586 4506 gubernatores
610 4452 704 4489 rerum
722 4435 921 4505 humanarum,
949 4439 1066 4506 cumpri·
1097 4436 1220 4505 paralitici
1236 4443 1411 4502 sanctorum,
1440 4452 1496 4488 non
1525 4443 1566 4488 000
1591 4435 1716 4490 inuentus
1746 4433 1848 4488 nmilia
1873 4434 1929 4489 illi.

108 4508 182 4599 2332,
236 4524 291 4576 0010
327 4522 461 4575 0001000·αο
505 4523 535 4574 in
570 4523 653 4575 terris
689 4521 859 4575 militantis?
921 4521 1070 4578 Affirmant
1095 4521 1183 4575 Andr.
1201 4520 1345 4575 Fabricius
1363 4520 1392 4575 in
1410 4520 1535 4578 hermon.
1554 4519 1670 4575 consess.
1690 4518 1929 4591 Augustartll:

107 4606 392 4671 1011000··Ρο00111011,
423 4613 456 4661 ut
486 4613 564 4676 patet
595 4610 619 4659 1.
644 4624 676 4661 en
708 4607 802 4676 000001.
843 4606 967 4679 Singulis
996 4610 1069 4665 enim
1097 4609 1153 4661 Hic
1191 4616 1345 4678 opnoscunt
1378 4607 1507 4678 singulae
1544 4607 1766 4660 Christianorum
1803 4608 1930 4675 regiones

107 4673 224 4764 ᾗᾞω
238 4693 340 4749 sanctis
363 4693 505 4763 proprium
534 4710 615 4748 sunm
641 4693 785 4764 assignant
810 4709 922 4758 munus,
947 4695 1015 4765 quin
1041 4703 1070 4752 00
1092 4695 1253 4765 peculiares
1272 4711 1337 4747 suos
1353 4702 1498 4763 patronos,
1516 4694 1607 4749 Italia
1626 4695 1741 4747 Petrum
1759 4694 1930 4765 etPouiuna

107 4767 182 4859 :2⁰22
237 4776 980 4850 0000100000100110,00010011000000011000,000010
999 4797 1069 4835 mor·
1100 4780 1225 4835 &aecio
1260 4780 1406 4835 Andr-com
1437 4786 1488 4836 etc
1540 4779 1690 4835 Salmeron.
1728 4779 1797 4852 disp.
1836 4787 1859 4835 1.
1899 4780 1929 4836 10

237 4865 281 4921 bis
302 4872 331 4921 et
347 4863 503 4919 actionibus
523 4880 570 4919 000
594 4864 679 4920 001001
702 4865 767 4919 deos
785 4865 920 4936 quosdam
938 4867 1070 4923 tutelares
1100 4874 1122 4923 1.
1140 4867 1210 4922 'lim
1230 4873 1253 4922 2.
1273 4876 1339 4924 tom.
1360 4874 1397 4923 15.
1418 4884 1482 4939 pag.
1503 4872 1566 4925 462:
1591 4867 1691 4922 Sancti
1709 4885 1766 4922 non
1786 4867 1928 4938 opitulan-
1970 4895 1977 4905 ·

239 4951 413 5024 praeficiunt.
462 4948 614 5005 Germania
641 4951 827 5006 venerabatur
855 4950 1006 5007 Martinam
1043 4906 1084 5009 eti
1097 4963 1143 5008 tur
1165 4955 1292 5008 omnibus
1318 4954 1491 5024 acqualiter,
1514 4973 1580 5009 nam
1604 4961 1667 5008 sunt
1691 4954 1798 5024 aliqui,
1828 4956 1878 5024 qui
1901 4956 1932 5009 in

241 5037 394 5111 Georgium
413 5035 639 5107 Cataphractum,
655 5037 792 5109 Hispania
809 5038 956 5103 Jacobum,
977 5018 1085 5113 Gallia}
1098 5042 1265 5111 quibusdam
1291 5040 1500 5094 necessitatibus
1520 5040 1706 5111 peculiariter
1734 5058 1814 5112 opem
1833 5042 1931 5104 ferunt

238 5124 405 5181 Michaiilem
441 5129 470 5178 00
507 5123 687 5193 Dionysium,
729 5123 856 5196 Ungaria
890 5116 1124 5218 Ludovicum„ct
1144 5127 1199 5181 aiii
1217 5129 1317 5196 etiarn,
1342 5127 1442 5196 quibas
1460 5128 1490 5180 in
1508 5127 1562 5181 iac
1582 5128 1641 5181 uita
1662 5128 1696 5181 ob
1717 5136 1834 5197 accepta
1852 5129 1931 5182 bene-

237 5210 355 5269 Polonia
379 5208 562 5274 Stanislaum,
587 5207 727 5264 Moscovia
753 5209 913 5275 Nicolaum,
942 5210 1086 5281 Helvetia,
1097 5215 1164 5277 ficia
1196 5212 1376 5282 particulari
1416 5213 1528 5267 ratione
1564 5211 1729 5268 auxiliandi
1762 5215 1932 5270 tenebantur.

235 5297 370 5370 virginem
405 5295 521 5351 Mariam
547 5296 576 5350 in
602 5294 765 5366 Nigrioaute
789 5297 870 5367 sylva
899 5299 1175 5354 eremitarumiHinc
1193 5299 1320 5369 Hispani
1340 5300 1528 5368 peculiariter
1553 5300 1647 5353 colunt
1670 5300 1818 5366 Jacobum,
1845 5300 1932 5355 Seba-

236 5385 328 5439 locum
349 5383 512 5452 habentem,
542 5382 649 5456 Anglia
674 5382 809 5439 Thomam
841 5391 870 5440 et
898 5382 1221 5461 Gregorium,{stianun
1257 5386 1404 5450 Lusitani,
1442 5385 1567 5439 Romani
1596 5386 1711 5439 Petrum
1745 5396 1771 5440 00
1800 5387 1934 5457 Paulum,

239 5470 332 5528 Scotia
367 5471 524 5540 Andream,
555 5470 689 5526 Bohemia
725 5470 936 5542 wenceslaum,
973 5464 1264 5566 Sueciail‘iorantini
1282 5473 1440 5527 Johonnem
1464 5471 1641 5542 Baptismus,
1676 5473 1771 5526 Veneti
1790 5475 1934 5535 Marcum,

237 5557 386 5629 Brigittam
405 5562 456 5614 etc.
493 5557 595 5614 Franci
613 5556 742 5615 colebant
756 5556 909 5623 Cilianum,
934 5556 1072 5630 Thuringi
1103 5560 1239 5615 &nenses
1274 5558 1431 5628 iirpinen,
1466 5554 1550 5628 Galli
1579 5559 1763 5627 Dionysium,
1798 5559 1936 5614 Germani
