4104 6014
190 357 252 417 250
762 355 883 414 Locus
902 352 1108 415 monemus
1125 354 1273 413 SEXTUS

189 503 254 561 lam
271 522 336 560 vero
352 507 451 563 Eccius
471 509 499 563 in
518 509 855 581 ench.c.15.disputat,
881 512 912 564 in
935 511 968 568 V.
987 510 1017 564 T.
1031 507 1087 593 lilii
1124 510 1212 581 igitur
1253 527 1309 565 non
1346 528 1454 582 semper
1494 516 1577 567 erunt
1610 510 1737 567 benevoli
1772 509 1877 566 media·

189 610 246 646 non
268 594 367 660 faiam
399 604 582 666 praeceptam
613 605 773 652 sanctornm
810 598 1132 663 invocationem,¹tores,
1183 602 1211 652 et
1255 614 1305 667 per
1346 614 1516 669 consequens
1562 615 1615 654 nec
1661 595 1807 651 invocandi
1848 601 1881 650 ut

53 679 398 749 xvn1.³o.qaiapopaluc
416 682 559 736 Jndaicns
583 684 711 752 alioquin
729 692 791 737 erat
803 699 963 753 propenens
981 685 1022 736 ad
1046 682 1220 740 mediatores.

189 767 392 834 idololatriam,
409 776 436 821 et
456 771 523 837 qnia
537 779 635 839 potres
655 780 737 824 eram
755 772 785 824 in
798 771 883 826 limbo
897 773 1019 824 nondam
1081 773 1140 826 ³16.
1175 774 1202 823 3.
1227 770 1299 832 Quia
1318 778 1409 823 tanna
1428 771 1600 836 Aupststinva
1618 770 1667 826 lib.
1687 771 1722 822 de
1738 786 1809 822 cura
1821 785 1880 836 pro

191 853 271 907 beati.
297 853 400 908 Sueten
413 854 442 908 in
453 863 523 925 part.
542 862 565 911 3.
578 856 676 911 'iham
689 875 716 930 q.
730 863 770 912 52.
783 857 852 927 disp.
866 861 982 913 ttseot
997 863 1019 911 l.
1045 863 1124 910 mort.
1144 873 1206 925 cap.
1228 858 1270 912 13.
1288 858 1408 926 soponit,
1428 858 1463 909 de
1484 858 1640 926 capnitione
1658 854 1777 925 propris
1796 854 1877 908 dicto

188 956 216 1010 p.
235 945 299 996 524:
324 943 361 995 ln
384 943 415 997 V.
439 943 470 996 T.
494 946 570 1013 qnod
589 945 693 1014 aliquis
719 946 824 999 directe
850 943 1021 997 invocaverit
1044 941 1109 994 ideo
1126 943 1292 1013 responderi
1316 958 1414 1012 posse,
1432 944 1509 1011 quod
1525 943 1670 996 Abrabam
1687 948 1714 994 et
1734 940 1829 994 Israe'l
1854 948 1880 994 et

187 1035 299 1082 sanctos
317 1031 475 1096 defunctos,
491 1038 522 1082 vt
535 1049 592 1101 pro
607 1049 637 1086 se
653 1040 776 1100 orarent,
792 1048 933 1100 nunqnam
951 1030 1019 1097 leqi·
1044 1026 1099 1078 alii
1120 1033 1219 1095 patres
1252 1026 1279 1081 V.
1308 1027 1339 1083 T.
1367 1045 1423 1080 nan
1452 1028 1628 1096 copnoverint
1653 1035 1783 1097 posteros
1814 1043 1880 1079 snos

189 1131 258 1170 nivo.
300 1113 482 1169 Beliarminns
500 1116 602 1187 ipsein
619 1118 711 1172 verbis
725 1117 809 1187 paulo
827 1123 891 1170 ante
908 1131 1019 1185 praece·
1044 1112 1180 1182 viventes,
1205 1114 1273 1182 qttio
1301 1115 1425 1166 nondum
1453 1114 1529 1167 beati
1553 1121 1635 1167 erant
1660 1121 1686 1166 st
1710 1111 1881 1166 adaraliter

188 1198 322 1254 dentibus
341 1198 367 1271 ξ
386 1201 525 1272 Atqueex
544 1202 587 1256 his
600 1209 667 1265 etc„
687 1203 790 1273 inquit:
811 1202 845 1257 Si
861 1201 1020 1269 indicerent
1045 1199 1149 1251 mortui
1164 1215 1221 1251 non
1236 1199 1339 1267 sciam,
1370 1200 1440 1267 qaid
1463 1201 1584 1252 viventes
1607 1206 1704 1268 apant.
1740 1197 1778 1253 Et
1794 1196 1880 1268 paulo

186 1286 280 1338 sancti
296 1303 369 1340 nova
384 1288 564 1357 revelatione,
582 1307 638 1343 non
654 1298 748 1358 posset
765 1290 852 1343 reddi
867 1289 944 1342 ratio
963 1295 1019 1342 tam
1045 1292 1122 1338 ante:
1148 1285 1284 1338 Patribus
1301 1286 1331 1339 in
1350 1286 1435 1339 limbo
1451 1304 1507 1340 non
1531 1286 1590 1352 fait
1607 1286 1754 1339 ordinarie
1771 1283 1878 1338 revela-

185 1371 283 1439 facile,
301 1389 351 1423 cnr
368 1373 461 1426 sancti
478 1391 553 1427 nano
569 1375 730 1429 invocantur
748 1382 774 1428 ct
792 1382 857 1428 arete
870 1376 1019 1428 aduentam
1043 1378 1115 1435 tum,
1143 1373 1214 1440 qaid
1230 1372 1275 1424 itio
1298 1373 1445 1439 opobatur,
1467 1373 1535 1441 qaia
1554 1374 1678 1426 nondam
1695 1378 1776 1426 erant
1794 1371 1877 1437 beati,

188 1455 294 1510 C'bristi
323 1476 376 1512 non
414 1460 620 1516 invocarentur.
675 1465 800 1516 Becanns
832 1461 862 1515 in
899 1461 1018 1531 append.
1045 1475 1110 1511 nam
1128 1459 1169 1510 ad
1187 1460 1347 1527 perfectam
1370 1459 1567 1513 beatitudinem
1588 1460 1713 1531 partinet
1739 1458 1812 1512 seire
1832 1473 1875 1522 aa,

186 1540 255 1612 disp.
274 1543 309 1598 da
327 1551 438 1616 purgat.
460 1545 566 1603 Calvia.
591 1563 618 1616 p.
640 1552 686 1603 65:
712 1549 749 1600 In
776 1548 807 1601 V.
830 1549 860 1600 T.
880 1565 1019 1617 niaqrsom
1045 1560 1116 1612 qaas
1134 1545 1176 1597 ad
1191 1560 1221 1597 se
1235 1544 1386 1612 pertinent,
1407 1554 1433 1598 ct
1449 1547 1604 1615 praecipat
1623 1562 1665 1614 aa,
1682 1561 1753 1614 qaae
1765 1544 1879 1610 sociarit

186 1629 316 1698 lepirnus,
344 1633 421 1701 qaod
438 1632 544 1700 aliquis
561 1633 710 1686 nicomiam
726 1634 833 1688 directe
849 1635 1018 1688 invocaverit
1045 1632 1087 1683 ad
1115 1630 1246 1683 bonorem
1277 1639 1303 1684 et
1339 1632 1470 1700 gloriam.
1527 1631 1634 1686 Eodem
1663 1631 1745 1686 modo
1777 1631 1879 1701 exeipit

187 1723 298 1770 candos
324 1717 355 1770 in
372 1717 457 1771 limbo
481 1720 659 1785 eminenter,
687 1720 756 1789 qnia
778 1721 926 1775 ordinaris
946 1721 1018 1774 nibil
1044 1714 1196 1788 Gregorius
1222 1716 1257 1771 de
1276 1715 1406 1772 Valentia
1437 1718 1467 1771 in
1493 1719 1588 1788 script.
1616 1718 1679 1773 adr.
1703 1717 1878 1774 Haerbrand.

186 1812 372 1871 cognoverant
394 1821 427 1858 ec
454 1806 599 1875 peculiari
626 1808 685 1862 Des·
709 1809 886 1862 revelatione.
931 1814 955 1864 e,
975 1807 1017 1862 Ex
1043 1802 1268 1873 Respondemus:
1294 1809 1315 1859 l.
1334 1802 1404 1857 haec
1424 1804 1550 1874 exceptio
1566 1811 1705 1875 repugnat
1720 1804 1822 1875 priori,
1848 1810 1879 1858 ut

187 1889 283 1946 eedem
321 1890 548 1961 interpretatione
577 1893 731 1966 colligitur,
764 1893 954 1949 Abrahamum
990 1898 1019 1948 et
1044 1890 1230 1959 ostendimue3
1268 1895 1292 1947 t.
1318 1891 1415 1945 eadem
1438 1908 1551 1961 prorsus
1577 1891 1651 1945 tollit
1673 1890 1878 1946 invocationem

185 1975 316 2031 Isratilem
343 1995 411 2048 erga
439 1985 563 2048 posteros
589 1997 653 2035 suos
677 1979 763 2035 fuisse
789 1980 911 2035 duriores
930 1985 959 2034 et
977 1980 1017 2034 in·
1045 1983 1203 2030 sanctorum
1234 1976 1263 2030 in
1295 1975 1331 2033 V.
1356 1976 1388 2034 T.
1414 1994 1476 2032 cum
1508 1985 1602 2032 tamen
1627 1977 1813 2032 Bellarminus
1845 1995 1877 2031 ex
1891 1982 1969 2024 xum.
1984 1983 2017 2024 4⁰-

186 2058 360 2116 humaniores
383 2079 466 2132 quam
494 2064 585 2134 ipsum
604 2064 702 2121 Deum.
748 2066 812 2121 Jam
837 2082 902 2120 vero
923 2067 1017 2121 Ponti·
1044 2061 1124 2115 dietis
1152 2061 1186 2118 V.
1212 2060 1244 2117 Τ.
1269 2062 1385 2117 eandem
1410 2063 1553 2119 adstruere
1576 2063 1697 2128 [aborsu
1738 2068 1761 2118 3·
1780 2062 1878 2117 eadem

185 2143 241 2200 ficii
261 2146 324 2202 ideo
341 2148 471 2204 invocant
492 2156 616 2216 sanctos,
642 2152 708 2223 quia
728 2152 792 2206 illos
819 2169 886 2225 erga
910 2170 940 2207 se
957 2170 1018 2221 pro.
1043 2147 1140 2202 nititur
1159 2146 1309 2218 hypothesi
1328 2148 1363 2203 do
1382 2149 1467 2205 limbo
1493 2157 1611 2221 patrum,
1630 2151 1710 2221 eujus
1727 2149 1877 2204 falsitatem

185 2232 326 2302 pensiores
345 2244 458 2305 sperant
475 2234 681 2309 eorundemque
695 2238 891 2293 intercessione
910 2238 1016 2292 aditum
1043 2234 1171 2305 superius
1203 2235 1457 2293 demonstravimus.
1513 2238 1559 2294 Sic
1591 2255 1658 2308 ergo
1677 2237 1877 2293 concludimus.

185 2317 222 2371 ad
243 2317 335 2374 Mum
360 2321 414 2376 sibi
441 2322 567 2393 patefieri
592 2323 756 2388 existimant.
794 2330 818 2379 6.
836 2323 1017 2394 Consequens
1044 2319 1140 2374 Sancti
1165 2320 1199 2377 V.
1218 2298 1260 2376 Ti
1272 2321 1470 2392 ignoraverunt
1493 2330 1596 2378 statum
1618 2322 1784 2392 viventium,
1810 2339 1878 2394 ergo

185 2403 277 2474 fuerit,
297 2406 358 2462 illos
378 2424 480 2474 omnes,
501 2409 529 2464 in
548 2426 797 2481 quornmpersona
813 2410 912 2465 Esaias
928 2411 1016 2480 loqui·
1043 2407 1126 2462 etiam
1155 2408 1243 2462 sancti
1268 2408 1303 2466 N.
1323 2408 1356 2464 T.
1383 2410 1502 2466 eundem
1530 2411 1669 2481 ignorant.
1715 2409 1799 2464 Ratio
1826 2416 1878 2476 est,

183 2495 241 2555 tur,
269 2491 356 2549 fnisse
388 2494 516 2566 indignos
537 2504 695 2551 sanctorum
722 2515 790 2552 cura
808 2504 837 2553 et
860 2497 1015 2554 dilectione.
1044 2494 1110 2564 quia
1129 2510 1201 2547 unus
1219 2494 1347 2566 idemque
1367 2501 1411 2551 est
1426 2497 1580 2551 animarum
1602 2497 1710 2566 piarum
1727 2512 1745 2550 a
1764 2512 1878 2567 corpore

183 2578 224 2631 At
246 2576 300 2632 hoc
325 2580 379 2634 dici
405 2582 516 2651 nequit,
547 2583 613 2654 quia
634 2583 732 2637 Esaias
765 2600 794 2638 se
824 2583 913 2655 ipsum
932 2585 1015 2638 etiarn
1042 2587 1232 2648 separatarum
1255 2587 1350 2636 status
1377 2583 1406 2636 in
1433 2587 1550 2654 utroque
1581 2589 1754 2637 testamento.
1803 2588 1826 2637 t.
1847 2580 1878 2636 si

183 2662 279 2719 humili
311 2665 483 2722 confessione
511 2667 626 2723 insolvit
662 2685 695 2724 ac
721 2669 750 2724 in
782 2686 902 2740 persona
930 2670 1015 2723 totius
1042 2675 1134 2736 patres
1159 2666 1193 2722 V.
1212 2667 1244 2725 T.
1274 2667 1336 2723 ideo
1362 2685 1418 2723 non
1442 2674 1634 2741 cognoverunt
1661 2677 1787 2741 posteros
1812 2684 1877 2723 suos

184 2749 317 2806 ecclesiae
344 2758 423 2821 orat,
450 2753 479 2806 in
508 2770 564 2824 qua
591 2762 666 2810 certo
692 2755 785 2810 adhue
810 2754 898 2828 aliqui
928 2762 1015 2824 erant,
1042 2753 1179 2814 viventes,
1209 2753 1276 2824 quia
1301 2753 1426 2808 nondum
1452 2760 1533 2809 erant
1551 2755 1641 2824 beati,
1670 2754 1720 2810 sed
1746 2755 1775 2809 in
1792 2753 1877 2809 limbo

184 2853 253 2907 quos
273 2838 362 2892 sancti
380 2845 556 2894 contemnere
574 2846 603 2895 et
626 2841 772 2911 repudiare
791 2859 846 2896 nou
867 2841 1014 2898 debebant.
1043 2838 1136 2893 adhuc
1153 2838 1312 2905 constituti,
1331 2855 1502 2910 consequens
1521 2841 1624 2910 fuerit,
1643 2840 1705 2895 illos
1725 2857 1778 2895 neo
1797 2847 1877 2896 uatu-

184 2929 208 2981 t.
229 2923 397 2996 sequeretur
421 2925 518 2993 etiam,
544 2943 626 2998 possa
651 2927 830 2998 gravissimos
855 2934 1016 2999 peccatores
1041 2924 1145 2988 taliter,
1164 2941 1217 2979 nec
1242 2942 1276 2979 ex
1300 2926 1503 2994 supernaturali
1523 2926 1691 2981 revelatione
1701 2932 1875 2997 posterorum

183 3011 243 3068 sina
266 3010 464 3067 mediatoribus
484 3014 586 3068 sanctis
607 3018 684 3068 recta
707 3013 743 3067 ad
762 3013 853 3068 Deum
874 3014 1015 3079 accedere,
1042 3017 1145 3065 statum
1170 3011 1313 3082 cognitum
1339 3010 1477 3069 habuisse.
1522 3011 1578 3067 Cur
1602 3029 1668 3084 ergo
1697 3012 1736 3067 ad
1768 3012 1876 3083 reliqua

184 3098 256 3153 sicut
275 3105 385 3154 orantes
412 3098 465 3154 hoe
489 3099 550 3154 loco
567 3098 684 3156 iaciunt.
718 3098 819 3170 vAtqui
843 3114 1016 3170 consequens
1043 3096 1078 3153 V.
1095 3096 1131 3154 T.
1153 3096 1243 3161 dicta,
1267 3113 1338 3168 quae
1357 3099 1461 3153 sanctis
1481 3097 1620 3154 defunctis
1638 3098 1767 3153 notitiam
1784 3114 1876 3153 rerum

183 3183 253 3239 illud
279 3184 433 3259 Pontificiis
458 3193 568 3240 sanctos
594 3186 760 3241 mediatores
784 3186 1015 3241 constituentibus
1042 3181 1222 3237 humanarum
1243 3183 1392 3256 derogant,
1412 3184 1595 3240 Bellarminus
1615 3185 1779 3255 respondet,
1801 3183 1878 3256 quod

184 3268 355 3327 adversmur.
392 3277 415 3330 8,
436 3256 612 3343 Sequeretur,
631 3290 666 3329 ne
683 3272 774 3343 ipsum
793 3271 905 3343 qnidam
924 3272 1014 3326 Deum
1042 3270 1205 3340 accipienda
1222 3271 1277 3324 sint
1297 3271 1332 3326 de
1348 3271 1452 3326 notitia
1473 3274 1612 3325 dnntarat
1631 3271 1781 3326 natinalit
1799 3278 1884 3326 certa.

183 3354 267 3412 hosce
286 3362 397 3412 orantes
414 3375 526 3413 curasse
541 3364 569 3413 et
586 3359 732 3429 audivisse,
753 3359 908 3429 quosenim
927 3361 1015 3414 sancti
1041 3356 1131 3411 sancti
1150 3355 1184 3412 V.
1203 3356 1308 3410 Tuon
1326 3356 1416 3411 minus
1437 3374 1522 3429 quam
1539 3356 1682 3412 Abraham
1699 3363 1728 3412 et
1739 3355 1829 3411 Israiil
1847 3356 1877 3411 in

183 3447 316 3513 tanquam
335 3443 464 3515 indignos
492 3461 584 3499 amore
608 3451 636 3500 et
652 3462 719 3500 cura
744 3462 795 3500 sua
820 3451 934 3516 propter
951 3462 1014 3515 pec·
1041 3441 1125 3496 limbo
1150 3441 1263 3496 fueram
1288 3448 1316 3497 et
1341 3459 1390 3511 per
1416 3459 1587 3515 consequens
1605 3445 1640 3498 ab
1659 3444 1736 3499 omni
1753 3459 1876 3513 prorsas

183 3533 246 3583 cate
263 3529 415 3598 repellunt,
434 3530 487 3585 illis
504 3530 592 3586 multo
612 3531 700 3604 magis
719 3531 811 3600 Deus,
830 3531 878 3602 qui
897 3538 939 3586 est
952 3531 1015 3603 ipsa
1041 3528 1154 3599 speciali
1172 3544 1264 3583 rerum
1281 3528 1461 3583 humanarum
1481 3531 1581 3584 notitia
1600 3529 1724 3585 exclusi?
1755 3536 1779 3585 5.
1796 3530 1874 3594 Quae

179 3614 289 3685 justitia
309 3621 337 3668 et
355 3615 428 3685 ignis
448 3632 620 3681 consumens,
639 3617 774 3674 nascitur.
811 3616 899 3686 Atqui
918 3634 1013 3672 conse·
1041 3615 1111 3669 haec
1136 3622 1179 3669 est
1204 3614 1354 3669 desultoria
1376 3615 1488 3682 levitas,
1515 3616 1590 3688 quod
1617 3616 1670 3672 hoc
1689 3617 1749 3686 ipso
1765 3615 1794 3669 in
1813 3616 1873 3670 loco

183 3716 272 3772 quens
292 3700 361 3755 illud
382 3700 514 3756 affirmari
533 3702 642 3774 nequit,
666 3719 729 3758 cum
745 3710 861 3770 constet,
881 3702 966 3757 serias
985 3708 1014 3757 et
1040 3700 1224 3755 Beliarminus
1242 3699 1329 3760 addit.
1348 3707 1377 3755 et
1395 3703 1565 3756 naturaliter
1584 3705 1688 3756 mortni
1703 3720 1760 3756 non
1775 3703 1874 3765 sciant,

182 3785 311 3842 ardentes
328 3787 396 3841 istas
416 3804 511 3858 preces
526 3788 587 3843 Deo
604 3788 690 3844 fuisse
708 3797 810 3860 gratm
841 3796 865 3846 9.
880 3789 910 3846 si
926 3788 1015 3843 sancti
1041 3787 1112 3855 qnid
1126 3788 1244 3841 viventes
1267 3788 1374 3856 apantt
1417 3785 1448 3842 Si
1473 3788 1558 3843 rerba
1577 3787 1754 3858 prophetica,
1780 3788 1873 3841 Abro-

182 3877 249 3927 tunc
284 3872 433 3927 noluerunt
467 3880 640 3944 posterorum
677 3892 788 3929 suorum
824 3875 1014 3930 Israiilitarum
1040 3873 1105 3926 bom
1121 3872 1237 3926 amavit
1263 3890 1314 3926 noo
1341 3881 1367 3927 ct
1388 3872 1482 3927 lsrael
1504 3875 1619 3941 ipnorot
1637 3892 1702 3939 nos,
1732 3889 1765 3928 eo
1791 3891 1874 3929 sensu

182 3976 276 4014 curam
306 3975 391 4031 egere
414 3964 443 4013 et
463 3960 579 4015 miseriis
599 3977 693 4015 eorum
711 3960 799 4031 affici,
822 3961 892 4016 iliud
909 3961 1014 4016 factum
1042 3957 1236 4029 intelligenda,
1260 3959 1335 4030 quod
1360 3959 1429 4030 ipsis
1447 3966 1544 4028 utpote
1569 3959 1599 4013 in
1617 3958 1701 4014 limbo
1717 3959 1875 4014 constitutis

182 4053 224 4100 est
241 4052 354 4115 propter
374 4046 561 4101 conditionem
576 4046 698 4118 aliquam
716 4047 760 4102 vel
779 4046 809 4102 in
824 4047 891 4119 ipsis
903 4048 1014 4113 mactis,
1041 4061 1096 4099 non
1119 4045 1269 4111 reveletur,
1298 4045 1366 4115 quid
1390 4045 1516 4099 interris
1537 4054 1651 4114 agatur,
1671 4046 1800 4116 quodque
1819 4046 1872 4115 ipsi

182 4131 226 4186 val
251 4130 280 4184 in
307 4131 441 4186 israelitis
468 4131 612 4186 orandbns
634 4132 802 4188 haerentem.
851 4134 932 4189 Prior
958 4152 1014 4190 non
1042 4137 1140 4202 utpote
1168 4148 1186 4185 a
1210 4129 1340 4186 beatifica
1359 4130 1411 4186 Dei
1432 4131 1539 4186 risione
1567 4132 1671 4187 exclusi
1690 4150 1746 4187 non
1761 4132 1875 4187 videant

182 4222 277 4287 potest
296 4235 356 4273 esse
374 4219 429 4274 alia
448 4237 532 4290 quam
551 4219 724 4290 ignorantia,
748 4220 822 4290 quod
842 4220 905 4276 ideo
921 4220 1015 4276 nolue-
1041 4219 1134 4272 omnia
1157 4218 1186 4271 in
1204 4218 1279 4286 Deo,
1302 4217 1399 4289 utique
1423 4234 1479 4272 non
1502 4219 1591 4273 solum
1615 4219 1785 4273 rratrtroliter
1804 4217 1874 4272 illud

182 4303 238 4356 rint
254 4319 349 4357 curam
366 4312 537 4374 posterorum
555 4321 653 4376 agere,
673 4306 739 4376 quia
757 4308 928 4378 ignorarunt,
946 4307 1013 4378 quid
1041 4303 1184 4370 nesciunt,
1212 4304 1261 4358 scd
1288 4305 1373 4358 etiam
1399 4321 1432 4358 sc
1451 4304 1580 4365 beatifica
1598 4305 1705 4358 visione
1723 4313 1749 4358 et
1768 4305 1874 4360 revela·

181 4388 211 4444 in
236 4389 399 4461 particulari
422 4391 477 4446 illis
500 4391 646 4463 obtigerin
685 4393 820 4462 posterior
842 4411 898 4448 non
924 4402 1016 4463 potest
1041 4391 1116 4443 done
1134 4389 1203 4444 illud
1228 4406 1283 4443 nou
1307 4389 1411 4445 habent
1434 4390 1586 4462 cognitum.
1629 4390 1667 4445 Et
1691 4390 1826 4459 vicissim,
1851 4389 1874 4444 si

180 4491 241 4531 esse
271 4475 327 4529 alia
356 4492 439 4545 quam
471 4477 638 4549 indignitas,
675 4478 750 4548 quod
780 4479 844 4534 ideo
877 4479 1015 4535 noluerint
1042 4475 1207 4530 naturaliter
1238 4475 1373 4530 duntaxat
1404 4477 1547 4539 nesciunt,
1587 4493 1653 4548 ergo
1683 4493 1717 4531 ex
1745 4476 1875 4532 beatifica

180 4578 276 4617 eoram
300 4577 396 4616 cunm
425 4577 525 4632 agere,
550 4564 616 4634 quia
637 4580 731 4620 amore
758 4571 786 4620 et
811 4582 880 4620 cura
907 4566 1015 4636 indigni
1041 4561 1145 4616 risione
1186 4563 1231 4616 vel
1266 4579 1339 4617 nova
1384 4563 1551 4618 revelatione
1588 4563 1729 4634 cognitum
1762 4562 1874 4619 habent

181 4654 269 4704 mant
307 4647 337 4704 Si
355 4646 433 4717 prius
452 4647 591 4703 Pontifioii
611 4649 745 4717 dixerint,
763 4659 920 4706 sanctornm
938 4653 1014 4706 inro-
1041 4656 1066 4706 6.
1085 4649 1239 4704 Antithesis
1257 4654 1348 4704 textus
1369 4667 1424 4704 non
1436 4658 1529 4722 potest
1543 4652 1619 4706 inani
1640 4652 1688 4706 illo
1700 4651 1874 4724 subterfugio

181 4733 318 4789 ostionem
336 4732 498 4802 evenant,
536 4734 558 4788 si
583 4736 728 4804 posterius,
758 4737 842 4791 etiam
859 4736 936 4792 Deus
955 4737 1014 4807 ipse
1042 4734 1077 4790 de
1102 4736 1223 4789 naturali
1250 4736 1423 4806 ignoratione
1449 4736 1533 4791 eludi.
1581 4739 1703 4793 Attends
1729 4740 1764 4792 de
1788 4741 1874 4809 coslo,

182 4826 297 4891 propter
317 4817 433 4875 eandem
451 4819 646 4890 indignitatem
660 4823 802 4877 lsraiilitas
821 4830 930 4878 orantes
949 4841 966 4878 a
983 4841 1014 4879 ss
1040 4827 1101 4876 orat
1118 4822 1250 4889 ecclesie,
1273 4830 1299 4877 et
1322 4824 1387 4878 vide
1413 4826 1448 4877 de
1467 4825 1627 4880 tabdocvlo
1645 4833 1693 4878 tao
1712 4833 1821 4893 sancto,
1844 4836 1874 4881 tn

181 4907 331 4978 rejecisset
382 4910 423 4961 10.
442 4904 472 4960 si
499 4906 587 4960 sancti
611 4908 653 4962 illi
679 4909 828 4964 noluerunt
843 4916 1013 4980 posterorum
1041 4909 1113 4962 enim
1137 4915 1224 4977 poter
1251 4917 1346 4964 noster
1372 4927 1415 4978 es,
1446 4911 1592 4966 Amabam
1621 4911 1736 4966 nesciuit
1765 4930 1816 4966 nos
1849 4921 1874 4966 ct

181 5010 292 5048 suorum
312 5008 407 5047 cunm
433 5009 529 5063 agere,
556 4999 605 5048 aut
628 5011 741 5065 prorsus
767 5013 822 5050 non
839 4995 917 5051 fuere
935 4996 1013 5051 invo-
1040 4993 1134 5047 lacet
1166 4995 1308 5063 ignorauit
1336 5012 1402 5066 nos,
1439 5004 1470 5049 ta
1500 4997 1624 5050 Domine
1660 5006 1744 5068 pater
1773 5006 1873 5068 nocta,

178 5079 270 5143 cendi,
288 5085 338 5133 aut
355 5095 406 5149 per
423 5079 602 5133 mediatorem
623 5097 750 5136 occasus
766 5081 865 5136 fuisset
883 5082 919 5136 sd
938 5082 1013 5151 ipsos
1039 5083 1181 5134 redenstor
1212 5090 1320 5143 noster,
1351 5100 1370 5135 a
1395 5083 1488 5137 seculo
1516 5084 1569 5137 boc
1598 5091 1638 5138 est
1664 5103 1762 5140 nomen
1786 5096 1873 5144 taam.

180 5165 338 5234 parandus,
363 5165 430 5236 quia
459 5166 559 5221 iratum
579 5166 704 5236 judicem
730 5167 836 5238 absque
861 5168 1013 5223 mediatore
1039 5165 1093 5220 Hic
1122 5174 1196 5222 certe
1226 5166 1344 5240 quilibet
1380 5168 1470 5236 ridet,
1496 5169 1621 5224 absolute
1653 5177 1681 5226 et
1712 5172 1875 5244 simpliciter

180 5267 261 5307 nemo
280 5252 436 5323 compellat
468 5252 495 5308 si
515 5251 601 5323 prius,
621 5252 744 5322 persistit
755 5262 849 5308 nostra
863 5255 1012 5323 sententia3
1039 5252 1132 5319 asseri,
1152 5255 1226 5325 quod
1243 5255 1395 5324 Abraham,
1414 5255 1502 5311 lsraiil
1516 5264 1545 5310 et
1565 5256 1664 5327 reliqui
1684 5259 1772 5312 sancti
1791 5259 1827 5315 V.
1840 5259 1873 5315 T.

180 5338 203 5392 si
220 5338 367 5409 posterius,
387 5339 452 5393 novi
468 5344 626 5394 sanctornm
644 5339 808 5395 mediatores
826 5341 1012 5396 constituendi
1038 5346 1141 5395 statum
1167 5342 1317 5396 viventium
1343 5342 1372 5396 in
1399 5344 1480 5397 terris
1502 5345 1641 5414 ignorent.
1685 5351 1708 5399 t.
1735 5346 1874 5401 Accurate

179 5430 268 5481 cunt
326 5430 365 5482 lt.
404 5426 435 5480 Si
467 5426 611 5482 Abraham
642 5434 670 5481 et
704 5426 791 5482 lsrael
827 5444 860 5483 eo
890 5435 1013 5499 tempora
1039 5426 1170 5490 observa,
1212 5426 1354 5482 Israelitas
1393 5429 1422 5482 in
1466 5428 1594 5499 precibus
1638 5432 1695 5486 suis
1727 5438 1875 5503 propterea

179 5511 328 5567 noluerunt
346 5528 441 5567 curam
458 5529 543 5585 agera
565 5520 753 5584 posterorum,
772 5515 957 5583 metuendum,
977 5531 1013 5570 na
1039 5513 1178 5568 aeonem
1196 5514 1233 5568 ad
1252 5513 1344 5570 Deum
1362 5531 1423 5569 sese
1440 5523 1613 5585 convertere,
1639 5519 1705 5588 qnia
1722 5517 1776 5590 ipsi
1794 5521 1874 5589 igno-

180 5598 255 5657 idem
273 5597 347 5653 αἰιαιι
367 5597 512 5656 defunctos
532 5608 642 5658 unctos
660 5600 753 5659 adhuc
771 5598 854 5657 hodia
871 5601 1008 5673 obtingat,
1038 5608 1141 5672 raram,
1158 5602 1363 5675 quaeintarris
1380 5610 1523 5675 geruntur.
1554 5605 1595 5662 nt
1612 5606 1785 5664 dnatnralis
1803 5609 1872 5665 dun·
