4104 6014
925 266 975 322 os
994 266 1132 326 usare.
1631 227 1635 234 ⁴
1801 270 1840 327 re

143 427 227 479 mode
244 426 362 494 impleri
375 433 498 495 posuerat.
533 424 631 477 Orines
651 425 720 493 ejrss,
737 432 844 495 pecten,
858 423 983 487 indusio,
1009 421 1094 493 huius
1118 422 1227 493 generis
1252 423 1363 495 scripta.
1410 422 1510 478 lohan.
1535 420 1675 477 Tetaeiius
1696 418 1841 488 indulgen·

143 519 246 580 emus,
263 513 372 580 peprla,
391 512 514 580 Joseplsi
527 512 659 580 crepidas
676 520 702 564 et
721 512 831 578 calipos
849 527 983 564 veneran-
1009 507 1109 561 tiaram
1142 509 1292 564 scrutarius
1328 516 1356 564 et
1385 513 1543 563 aeruscator
1568 504 1744 570 Pontificius,
1778 521 1839 559 cum
1855 506 1981 550 XVII-1¹8·

143 606 200 654 tier.
237 598 394 652 Michaelis
412 599 580 669 arctanpeli
591 599 682 670 papio
700 605 727 651 et
744 599 865 666 clypeus,
885 597 983 665 meilis
1010 592 1131 648 devectis
1148 595 1177 648 in
1191 595 1320 649 Misniam
1339 602 1368 650 et
1385 595 1516 665 expositis
1540 594 1598 648 suis
1615 590 1755 646 mercibus
1774 607 1841 661 quo·

143 703 214 738 usus
232 685 325 738 estin
345 685 539 738 monomachia
565 702 627 738 cum
651 684 775 749 Salano,
802 702 822 736 a
841 684 983 736 Tauronem·
1010 681 1074 734 dam
1106 681 1135 735 in
1165 681 1298 751 oppidulo
1324 681 1547 749 concionaretur,
1580 696 1634 749 quo
1665 678 1753 749 magis
1781 693 1841 731 sese

142 769 223 823 silas
255 778 441 826 ostentantem.
500 770 642 823 Jolannis
677 770 827 838 Baptistae
861 765 1165 835 amputihominibus
1179 767 1400 831 commendaret,
1430 766 1570 837 promisit,
1594 765 1742 819 allaturum
1757 781 1788 818 se
1804 762 1840 816 ed

81 852 130 896 ¹¹⁷·
144 855 296 918 Ambiani,
329 856 363 908 id
399 856 491 926 speum
530 857 641 909 incolae
676 856 819 910 lobannis
854 850 1190 922 Anpelicilmeridianam
1214 853 1373 908 concionem
1402 853 1544 924 egregium
1571 851 1702 923 quiddam
1727 850 1762 905 de
1780 848 1842 903 reli-

144 941 230 994 etiam
255 958 285 994 se
311 941 413 995 haltere
437 941 568 1009 jactant,
601 941 712 1012 occiput
742 941 878 1009 Melitae,
908 939 1082 1009 illudiquiis
1099 956 1133 994 ae
1148 939 1282 1009 imprimis
1294 940 1515 1009 pulcherrimam
1528 956 1652 1008 pennam
1675 935 1842 1002 erchanpeli

143 1027 239 1095 ipsum
267 1028 353 1081 etiam
382 1029 569 1091 Nemorosae,
601 1027 736 1080 maxillae
754 1028 815 1095 ejus
850 1014 1178 1093 Vesontii,¹Miclsailis,
1208 1044 1292 1094 quam
1321 1027 1368 1080 illi
1398 1026 1528 1080 diabolus
1551 1027 1581 1078 in
1608 1024 1704 1077 duello
1728 1039 1761 1075 eu
1783 1021 1841 1073 alis

144 1113 208 1166 alia
220 1130 297 1182 pars
314 1112 454 1181 Parisiis,
480 1114 613 1167 auriarda
632 1114 789 1180 Amostae,
814 1114 897 1175 frons
922 1129 983 1164 mera
1011 1113 1156 1177 evulserit,
1192 1128 1252 1166 esse
1281 1118 1502 1166 monstraturum.
1556 1110 1685 1165 Aderant
1720 1106 1842 1182 quidam,

144 1198 289 1267 capillitio
308 1200 339 1252 in
350 1200 504 1268 Hispania,
524 1199 690 1253 Nouioduni
707 1200 791 1252 aiom
809 1217 881 1268 pars
899 1214 983 1267 quae-
1011 1196 1113 1269 quibus
1133 1196 1210 1251 fraus
1228 1197 1387 1265 subolebat,
1410 1201 1579 1268 quapropter
1602 1193 1843 1263 cibum-capiente

144 1287 214 1338 darn
251 1286 361 1352 mapnis
397 1286 561 1339 ceremoniis
596 1285 697 1353 ulique
742 1261 1073 1352 commorutratur,icum
1099 1284 1242 1338 sacerdote
1266 1284 1403 1351 Teteelio,
1425 1299 1488 1337 cum
1513 1282 1536 1335 is
1560 1298 1576 1335 a
1599 1289 1676 1352 tergo
1701 1280 1841 1334 vasculum

143 1371 329 1425 nihilominus
362 1373 470 1425 Ranae
501 1372 639 1438 inteprum
669 1379 755 1440 caput
788 1372 817 1424 in
848 1370 987 1439 Sploestri
1012 1386 1075 1423 cam
1091 1386 1184 1439 penna
1200 1369 1228 1423 in
1243 1369 1385 1439 periclinio
1398 1369 1519 1438 positum
1531 1368 1653 1430 haberet,
1674 1366 1715 1419 illi
1726 1366 1841 1420 eandem

145 1458 278 1510 coenolio
301 1458 455 1526 reperitur,
475 1457 619 1510 trosleium
639 1457 700 1525 ejus
722 1456 858 1510 &nenses
876 1456 985 1522 labent,
1012 1456 1076 1509 inde
1111 1455 1283 1511 suffurantur
1319 1464 1347 1510 et
1381 1473 1432 1526 pro
1469 1471 1504 1510 ea
1538 1453 1671 1509 carbones
1707 1453 1842 1522 ingenmt

149 1543 266 1611 dipitas,
284 1560 339 1611 queo
359 1543 496 1596 Christum
516 1545 749 1612 commonstravit,
773 1543 985 1607 Vesontiiunus,
1013 1541 1126 1596 Minime
1163 1542 1215 1596 hoc
1250 1542 1392 1597 Tetaelius
1430 1540 1607 1606 advertebat,
1647 1539 1697 1594 sed
1732 1544 1844 1607 arrepto

152 1629 273 1682 Tolosae
290 1629 355 1681 item
378 1647 467 1692 unus,
496 1630 629 1696 Lupduni
657 1647 765 1700 qreoquc
795 1648 881 1693 unus,
906 1629 986 1696 apud
1012 1628 1124 1683 vasculo
1155 1629 1212 1683 doli
1244 1629 1353 1683 nescius
1383 1645 1417 1683 uc
1447 1627 1535 1699 probe
1562 1633 1643 1697 patus
1662 1627 1691 1679 in
1710 1624 1844 1694 templum

148 1715 298 1782 Bituripes
315 1733 402 1779 unus,
426 1715 593 1769 Florentiae
610 1733 682 1769 unus
702 1724 727 1768 et
742 1732 835 1784 prope
854 1717 985 1769 Marcum
1011 1714 1191 1784 properabat,
1225 1717 1344 1786 pecunia
1373 1732 1452 1770 senes
1478 1720 1664 1769 emanaturas.
1710 1712 1753 1766 Ibi
1777 1726 1844 1781 ergo

148 1803 179 1854 in
208 1803 280 1854 aede
305 1801 449 1855 Jotannu
481 1802 624 1866 Fortuiti;
652 1802 742 1855 calcei
784 1803 832 1871 joes
860 1801 987 1855 Parisiis
1012 1818 1096 1854 unum
1124 1802 1299 1856 mendacium
1326 1819 1359 1856 ex
1385 1801 1440 1855 alio
1462 1817 1597 1855 consuens
1628 1805 1657 1854 et
1687 1799 1722 1854 de
1753 1814 1845 1869 penna

149 1887 245 1940 asltuc
269 1888 380 1940 residui
410 1895 484 1941 sunt.
528 1889 636 1942 Romae
662 1889 745 1942 uestis
771 1890 833 1957 ejus
857 1890 893 1942 de
914 1888 987 1957 pelis
1011 1887 1155 1941 Michaiilis
1184 1887 1255 1942 mira
1288 1887 1452 1958 praedicans
1481 1902 1611 1957 magnam
1644 1884 1720 1955 apud
1750 1900 1844 1939 omnes

149 1973 323 2027 camelorum
342 1974 458 2037 visitur,
474 1981 505 2027 ut
525 1981 550 2026 ct
569 1973 676 2040 altare,
696 1990 783 2043 super
800 1992 854 2042 quo
874 1992 934 2027 eum
955 1973 986 2025 in
1013 1974 1154 2029 inauditae
1172 1975 1212 2027 rei
1241 1974 1474 2043 exspectationem
1500 1972 1719 2043 incredibileque
1738 1971 1844 2026 deside·

150 2077 245 2114 memo
277 2076 375 2113 orasse
407 2062 534 2114 tradunt.
589 2060 728 2115 Aoinione
761 2062 893 2130 pladius,
930 2077 984 2131 quo
1012 2061 1084 2114 rium
1102 2061 1259 2128 concitavit,
1275 2077 1308 2115 ac
1317 2062 1377 2131 jam
1396 2060 1512 2114 decurso
1526 2066 1650 2128 tempore
1669 2064 1698 2112 et
1708 2057 1845 2128 prehenso

144 2147 483 2216 percenseamus
505 2146 661 2201 Gerrnania
676 2155 770 2202 storea
789 2147 816 2201 ei
831 2147 983 2214 substrata,
1012 2146 1135 2215 vasculo,
1146 2148 1215 2215 lem,
1230 2146 1328 2218 inquit,
1340 2146 1443 2212 infolio
1456 2162 1516 2212 epo,
1531 2145 1603 2215 quid
1615 2143 1680 2211 epil
1699 2145 1845 2215 eripiebam

149 2233 267 2300 aliaque
283 2232 372 2286 multa
389 2236 425 2287 de
441 2234 573 2287 «ledonem
598 2235 734 2302 Baptista
751 2234 858 2302 passim
876 2239 985 2287 exstare
1011 2233 1097 2301 volu,
1116 2234 1273 2298 auditores,
1295 2251 1417 2303 pennam
1440 2231 1594 2285 Miclalilis
1616 2230 1844 2299 conspiciendam

148 2320 302 2385 finpstntur.
351 2319 433 2372 Petri
467 2319 573 2372 mdam
605 2337 667 2373 aum
699 2320 801 2384 barda,
844 2320 984 2373 cerebram
1009 2321 1159 2389 praebere,
1184 2329 1214 2373 at
1232 2321 1326 2373 arraei
1347 2327 1374 2372 et
1398 2337 1455 2390 pro
1478 2312 1534 2371 illa
1561 2316 1697 2370 cardones
1722 2316 1844 2384 arripui,

151 2405 239 2476 (quod
259 2410 384 2475 opertum
404 2403 534 2460 Genevae
551 2403 737 2473 adorabatur,
761 2405 811 2460 sed
830 2422 893 2459 cam
911 2422 986 2459 seru·
1014 2406 1112 2477 quibem
1134 2406 1163 2460 S.
1175 2394 1346 2460 marentius
1360 2412 1400 2458 cet
1420 2412 1564 2459 crematus.
1596 2401 1692 2458 Wolff.
1710 2409 1781 2458 cent
1805 2408 1843 2459 lt.

150 2497 277 2546 tarentus
304 2489 441 2559 homiues,
470 2490 608 2561 pumicem
625 2490 811 2560 invenerunt),
834 2492 935 2545 sellam
960 2501 985 2545 et
1013 2509 1040 2561 p.
1060 2498 1101 2547 95.
1140 2492 1209 2547 Cam
1227 2491 1430 2547 ecclesiasticae
1447 2490 1609 2560 disciplinae
1627 2489 1699 2544 ratio
1716 2484 1844 2544 aPome·

150 2586 254 2631 catera
275 2578 472 2647 episcopalem,
492 2579 593 2646 altare,
610 2579 755 2646 eludium,
774 2579 910 2642 lacalmn,
929 2579 986 2632 cal·
1013 2595 1126 2633 morano
1157 2577 1296 2648 descripta
1319 2583 1347 2632 et
1372 2594 1389 2631 a
1411 2582 1509 2631 senatu
1533 2577 1693 2648 populoque
1711 2575 1844 2629 Brunsui·

152 2681 223 2730 ceos,
244 2672 371 2718 catenam
389 2672 416 2718 et
435 2664 608 2732 colurneam,
633 2665 731 2735 quibus
757 2664 896 2733 altipatus
915 2673 986 2727 erat,
1014 2664 1087 2718 censi
1117 2665 1272 2734 approbata
1301 2672 1330 2719 et
1361 2671 1474 2735 recepta
1504 2670 1590 2732 esset,
1619 2661 1846 2717 convellebantur

155 2751 252 2803 anania
270 2750 339 2803 lzaec
359 2757 385 2803 et
405 2751 468 2804 alia
485 2766 514 2803 se
532 2752 632 2804 latire
649 2751 826 2820 gloriantur,
851 2760 987 2805 ettamen
1013 2767 1075 2804 mox
1094 2757 1192 2806 senatu
1209 2751 1367 2822 populoque
1385 2758 1497 2805 auctore
1515 2766 1548 2804 ex
1567 2748 1723 2820 praecipuis
1735 2748 1845 2817 templis

154 2838 391 2905 corpusejusuua
404 2853 465 2889 aem
473 2836 823 2906 PauliRomaescpultum
834 2846 882 2893 est.
906 2838 986 2893 Tolo-
1013 2835 1129 2907 altaria,
1161 2854 1233 2908 quae
1262 2837 1298 2890 ad
1330 2837 1451 2905 privatas
1479 2835 1576 2890 missas
1606 2834 1785 2890 celebrandas
1815 2835 1845 2888 in

153 2931 277 2976 calenses
294 2939 342 2976 see
360 2922 553 2990 apostolorum
577 2941 712 2993 corpore,
735 2925 866 2978 videlicet
884 2927 986 2977 utrius-
1014 2922 1140 2977 omnibus
1159 2924 1261 2993 passim
1280 2923 1390 2994 angulis
1408 2923 1521 2977 fuerant
1537 2927 1637 2977 erecta.
1671 2921 1714 2975 Ea
1732 2937 1762 2975 re
1781 2938 1844 2976 cam

154 3025 205 3078 que
227 3009 345 3076 Jacoli,
363 3010 515 3077 Andreae,
535 3009 671 3074 Simonis,
688 3009 821 3079 Pltttppt
837 3018 863 3064 et
881 3011 987 3072 Judae,
1014 3009 1259 3078 superstitiosiores
1283 3010 1408 3080 plerique
1432 3027 1466 3065 ex
1491 3008 1618 3063 omnibus
1636 3007 1780 3062 ordinibus
1798 3023 1844 3061 ve·

153 3111 246 3148 secum
275 3111 333 3147 cese
360 3095 532 3162 ploriantur.
578 3095 720 3149 Muttlriac
746 3113 848 3165 corpus
872 3097 989 3151 Patauii
1014 3094 1158 3150 hementer
1184 3095 1404 3164 offenderentur,
1441 3111 1493 3149 nee
1524 3094 1664 3159 deessent,
1701 3094 1749 3164 qui
1780 3094 1844 3147 odio

154 3181 250 3244 aliud,
281 3181 364 3234 aliud
385 3182 508 3245 Romae,
534 3182 618 3235 aliud
649 3180 786 3250 Treuiris,
813 3183 988 3252 membraque
1015 3198 1110 3252 novae,
1129 3189 1162 3237 ut
1178 3182 1324 3251 vocabant,
1342 3183 1484 3237 doctrinae
1498 3181 1628 3251 frigidam
1645 3180 1845 3248 suffunderent,

155 3268 254 3337 aliqua
282 3268 353 3321 alibi
386 3269 488 3337 jacent.
543 3268 687 3322 Mattlraei
715 3285 817 3338 corpus
850 3269 988 3323 Salernae
1015 3267 1086 3322 fiunt
1104 3286 1253 3324 concursus
1273 3269 1414 3323 hominurn
1433 3269 1588 3339 ineptorum
1607 3275 1636 3321 et
1645 3266 1845 3337 superstitioni·

150 3356 276 3422 positum
294 3362 343 3420 est,
363 3362 456 3423 caput,
474 3355 618 3408 brachium
635 3361 661 3406 et
680 3372 744 3409 ossa
762 3357 902 3425 quaedam
920 3358 986 3409 l're-
1014 3355 1067 3409 bus
1087 3356 1261 3411 addictorum
1278 3358 1314 3411 ad
1340 3357 1444 3426 templa
1463 3367 1492 3412 et
1507 3355 1685 3423 coemeteria,
1702 3360 1731 3408 et
1748 3371 1845 3424 purum

156 3441 227 3494 ciris
246 3440 435 3497 inueniuntur.
478 3440 602 3494 ‘l’tomae
626 3458 729 3509 corpus
747 3443 909 3495 Ortlronnae
929 3459 989 3495 esse
1014 3442 1125 3506 aberat,
1153 3442 1297 3513 quominus
1323 3443 1359 3496 ad
1383 3443 1531 3496 tumultum
1555 3458 1598 3495 res
1624 3441 1845 3511 progrederetur.

155 3527 260 3590 ferunt.
291 3526 506 3580 Bartlsolomaei
523 3543 625 3595 eorpus
643 3527 786 3595 Neapoli,
806 3529 870 3580 item
883 3529 989 3582 Bonum
1014 3528 1055 3582 Eo
1073 3529 1264 3583 animadverso
1288 3527 1481 3599 saffraganeus
1498 3527 1631 3581 Matthias
1655 3527 1767 3581 natoue
1786 3526 1843 3579 Da·

156 3613 185 3664 in
205 3612 351 3681 temploei
365 3619 479 3665 sacrato
493 3621 519 3665 et
533 3619 621 3664 cutem
632 3613 710 3666 Pisis
727 3614 870 3667 macerari
885 3616 988 3669 dicum.
1014 3632 1080 3680 nus,
1111 3615 1159 3686 qui
1183 3616 1274 3685 patria
1304 3614 1402 3670 relicta
1426 3614 1613 3685 Brunsuigam
1644 3613 1781 3684 elegerat,
1817 3614 1846 3666 iu

157 3699 290 3751 Andreas
307 3697 391 3750 aram
409 3697 493 3750 aliud
510 3714 612 3766 corpses
629 3697 766 3766 Melplris,
784 3707 814 3752 ut
831 3708 857 3753 et
878 3701 989 3772 Pltilr'p·
1015 3719 1071 3773 qua
1087 3701 1224 3773 reliquum
1241 3702 1315 3756 vitae
1334 3701 1464 3772 exigeret,
1483 3701 1567 3772 inque
1580 3700 1729 3772 Aegidiani
1748 3701 1844 3771 templi

153 3801 208 3852 pus
229 3791 254 3836 et
273 3783 400 3836 Jacolrus
419 3783 512 3837 minor
529 3783 636 3848 labent,
655 3785 764 3838 Romae
783 3785 844 3840 cilio
865 3805 988 3858 corpora
1015 3805 1080 3843 area
1102 3795 1167 3859 post
1187 3788 1293 3843 obitum
1309 3788 1455 3852 humatus,
1482 3789 1505 3840 is
1524 3789 1638 3859 inquam
1667 3788 1780 3858 cognita
1798 3803 1846 3857 po·

152 3878 268 3940 practer
305 3870 464 3939 superiora.
520 3870 593 3923 Item
630 3870 728 3925 Simon
768 3880 794 3924 et
820 3873 917 3926 ladas
950 3876 991 3928 ad
1015 3875 1074 3946 puli
1105 3874 1309 3946 indignatione,
1341 3892 1423 3946 quam
1454 3881 1619 3945 conceperat
1654 3891 1687 3929 ex
1717 3874 1845 3928 altarium

158 3960 268 4010 Petrum
293 3957 377 4009 etiam
394 3957 496 4026 jacere
523 3956 666 4012 dicuntur.
702 3957 843 4011 Jotannis
861 3961 988 4027 Boanpe·
1017 3961 1211 4031 dissipatione,
1238 3961 1358 4015 accumit
1385 3961 1422 4015 ad
1446 3962 1580 4032 templum
1604 3961 1800 4016 Martinianum
1819 3967 1847 4013 et

157 4043 240 4096 lutae
258 4043 334 4095 calis
352 4048 378 4094 ct
397 4043 504 4094 Bomm
523 4050 548 4094 et
566 4044 723 4108 Bononiae,
741 4052 771 4098 ut
790 4045 875 4098 etism
896 4047 990 4100 tunica
1016 4047 1195 4118 Ludolphum
1235 4047 1409 4103 Petersinum
1454 4049 1571 4119 jamjam
1620 4048 1846 4102 concionaturum

158 4135 184 4181 et
203 4136 319 4181 caterae
336 4128 398 4195 ejus
417 4129 610 4181 ostenduntur.
640 4129 687 4181 De
701 4127 852 4199 Stephano,
872 4134 991 4197 Lazaro,
1016 4134 1172 4203 compellat,
1189 4133 1302 4203 indicat,
1321 4152 1351 4189 se
1371 4135 1588 4189 animadvertere
1608 4133 1703 4203 populi
1720 4132 1846 4187 offensio·

158 4215 261 4282 strapis,
297 4221 396 4277 Anna,
425 4214 543 4267 alariae
575 4213 695 4282 vireium
728 4213 861 4269 θεοιόκου
892 4226 990 4287 matre,
1016 4237 1079 4274 nem
1097 4236 1129 4274 ex
1149 4199 1338 4298 destrrsstioue
1362 4220 1492 4275 altarium
1516 4220 1594 4275 facta
1621 4226 1649 4274 et
1670 4218 1795 4287 inprimis
1813 4234 1846 4271 ex

158 4300 337 4367 Mapdalena
355 4300 463 4354 Lazari
487 4316 600 4367 sorore,
624 4302 724 4369 pueris
750 4303 939 4358 innocentibus
964 4314 990 4359 et
1015 4305 1193 4377 reliquiarum
1218 4314 1374 4362 mactatum
1399 4305 1598 4377 profanatione,
1622 4305 1658 4358 ad
1683 4320 1744 4359 eam
1761 4300 1845 4359 offen·

158 4388 225 4441 aliis
240 4387 428 4455 posteriorum
445 4395 567 4441 aetatum
582 4389 689 4442 saumis
704 4389 838 4458 plaustra
856 4391 990 4461 reliquia·
1016 4391 1120 4446 sionem
1138 4392 1291 4447 sanandam
1310 4409 1428 4463 peropus
1448 4408 1516 4459 esse,
1536 4399 1567 4446 ut
1584 4406 1720 4460 quaenam
1738 4397 1767 4444 et
1779 4407 1846 4461 qau-

157 4491 218 4526 rum
238 4490 267 4527 se
285 4474 386 4527 lubae
409 4475 525 4542 finpunt.
566 4476 643 4528 Neue
662 4476 817 4546 quidquam
836 4478 990 4546 desideres,
1016 4479 1056 4533 les
1085 4479 1150 4533 illae
1181 4479 1314 4549 reliquiae
1344 4479 1412 4548 sint,
1447 4478 1596 4548 unicuique
1627 4477 1696 4532 bene
1727 4486 1844 4541 constet,

158 4560 240 4612 etiam
271 4577 337 4611 ossa
358 4560 606 4629 patriarcharum,
638 4561 808 4626 Atralomi,
838 4562 937 4616 Isaaci
965 4572 991 4616 et
1017 4565 1091 4635 quod
1111 4580 1144 4618 ex
1163 4583 1193 4620 se
1211 4565 1272 4634 ipso
1288 4565 1391 4634 optime
1416 4563 1546 4635 cognosci
1564 4564 1659 4634 possit
1696 4563 1755 4618 Sibi
1774 4565 1845 4619 euim

157 4646 263 4699 lac-oli
284 4646 392 4699 Itomae
414 4646 456 4698 ad
473 4645 590 4703 Mariae
614 4667 700 4717 super
719 4648 880 4703 Mineruam
899 4666 990 4703 asser·
1017 4667 1035 4704 a
1054 4650 1184 4720 pontifice
1202 4651 1327 4707 Romano
1348 4669 1408 4706 esse
1431 4651 1533 4705 factem
1557 4657 1738 4721 potestatem,
1768 4652 1847 4723 qnid·

157 4732 222 4786 uari
233 4733 394 4801 perbibent,
421 4750 519 4787 arcam
543 4736 673 4798 foederis
690 4745 716 4790 et
732 4737 841 4807 stirpam
864 4737 990 4790 Aarortis
1018 4737 1084 4807 quid
1103 4736 1281 4791 ossiculorum
1304 4737 1376 4793 forte
1401 4743 1499 4791 nactus
1525 4743 1610 4807 esset,
1636 4738 1711 4808 quod
1734 4737 1846 4808 quidem

158 4819 188 4872 in
205 4819 348 4873 Jolrannir
367 4821 567 4874 Lateranensis
593 4825 679 4890 fauo,
704 4825 770 4878 dem
796 4827 826 4878 in
845 4825 991 4894 Hispania
1016 4823 1081 4878 haic
1104 4823 1144 4876 rei
1167 4822 1296 4877 idoneum
1319 4824 1472 4892 videretur,
1496 4823 1525 4877 id
1549 4840 1598 4894 pro
1622 4824 1745 4894 cujusvis
1764 4823 1848 4878 vellet

157 4907 187 4960 in
206 4907 276 4959 aede
301 4906 473 4975 Salvatoris,
498 4908 564 4960 item
586 4909 713 4964 Paruiis
737 4912 829 4965 adhuc
847 4929 991 4981 strperesse
1017 4908 1106 4964 sancti
1123 4907 1246 4978 reliquiis
1273 4914 1453 4964 consecraret
1495 4909 1538 4964 Ea
1561 4916 1699 4980 potestate
1718 4926 1748 4964 se
1766 4927 1846 4963 usum

158 4999 308 5059 nequatur.
355 4992 428 5047 Ossa
449 5002 552 5064 septem
569 5003 725 5064 martyrum
752 4998 990 5052 Maccahaeorum
1018 4994 1144 5066 plurimis
1175 4994 1203 5048 in
1233 4994 1302 5049 locis
1330 4994 1458 5064 porcina,
1491 4995 1637 5050 vervecina
1665 4995 1755 5050 aliave
1784 5012 1848 5050 ossa

159 5078 296 5132 Coloniae
319 5082 476 5134 ostendunt.
517 5079 619 5135 Confer
644 5083 795 5137 sacrarium
819 5084 990 5155 Coloniense,
1017 5081 1147 5138 carnibus
1172 5081 1261 5152 pridie
1288 5080 1452 5149 consumtis,
1483 5080 1617 5150 postridie
1646 5098 1697 5150 pro
1723 5081 1847 5154 reliquiis

159 5164 260 5220 librum
280 5163 420 5221 Gallicum
443 5167 477 5222 de
497 5165 620 5237 reliquiis
651 5175 822 5236 sanctorum,
850 5188 933 5241 quem
962 5171 991 5225 in
1017 5176 1174 5224 sanctorum
1204 5167 1363 5223 vendidisse
1393 5173 1422 5222 et
1444 5168 1473 5220 in
1497 5165 1632 5221 altaribus
1650 5167 1846 5229 recondidisse,

159 5251 290 5305 Latinum
330 5268 483 5306 sermonem
513 5252 649 5307 convertit
684 5251 817 5308 Nicolaus
851 5254 991 5311 Gallasius
1017 5257 1090 5311 idem
1117 5254 1186 5309 alios
1214 5254 1256 5308 sui
1286 5254 1340 5308 loci
1368 5262 1452 5325 atque
1480 5253 1585 5308 ordinis
1609 5253 1732 5308 homines
1754 5253 1848 5308 facere

161 5338 264 5409 quique
292 5339 402 5408 integer
435 5336 553 5393 habetur
588 5338 617 5391 in
653 5339 811 5394 centenario
850 5347 889 5398 16.
928 5344 990 5399 lect.
1017 5341 1207 5409 consuevisse,
1231 5357 1316 5410 seque
1340 5340 1430 5410 ipsum
1455 5340 1587 5409 pleraque
1610 5356 1643 5393 ex
1663 5339 1797 5395 altaribus
1813 5341 1848 5394 iis

160 5424 308 5480 memorab.
329 5422 436 5479 Wolffii
460 5440 525 5494 pag.
545 5430 602 5481 tel.
631 5425 770 5493 stupenda
787 5426 882 5495 templi
901 5429 991 5484 lesui·
1018 5443 1193 5483 consecrasse
1211 5434 1239 5481 et
1258 5425 1382 5497 reliquiis
1402 5427 1538 5496 ejusmodi
1556 5425 1668 5480 ditasse.
1704 5424 1848 5482 Hmirau·

160 5510 208 5564 tici
236 5510 272 5565 ab
290 5510 395 5567 Ursino
421 5515 554 5580 congesta
580 5517 650 5583 part
670 5514 694 5567 3.
721 5527 787 5582 pag.
807 5516 865 5567 35³.
891 5520 919 5567 et
944 5514 1000 5572 alia
1020 5519 1068 5569 des
1085 5519 1281 5585 praeterquam
1304 5514 1379 5584 quod
1403 5529 1436 5567 ex
1459 5512 1551 5567 animo
1576 5511 1681 5567 doleret
1703 5529 1721 5566 a
1745 5529 1775 5568 se
1798 5513 1847 5571 ad·
