4104 6014
204 211 263 269 148
790 198 914 257 LOCUS
933 196 1138 255 monemus
1156 197 1305 255 SEXTUS
1400 204 1402 209 '

200 364 264 427 pter
285 360 405 429 peccata
427 354 508 410 nobis
528 354 631 410 debitis
654 353 842 423 plenissimam
869 349 1051 431 satisfactio-1
1066 351 1196 405 Christus
1212 353 1435 416 satisfecitDeo
1454 350 1540 405 Patri
1560 349 1726 418 plenissime
1742 366 1799 418 pro
1815 356 1900 402 reatu

200 460 264 498 uem
280 443 340 498 Deo
358 441 504 512 praestitit,
523 441 552 494 id
571 439 646 511 quod
661 438 827 494 1515511155
841 453 921 507 poen.
935 432 962 509 ἕ.
978 440 1036 491 120.
1063 438 1164 505 eulpae
1192 446 1217 492 et
1235 455 1348 507 poenae
1377 436 1542 505 temporalis
1568 443 1593 488 et
1622 444 1751 488 aeternae
1777 436 1899 487 omnium

201 528 278 583 hisce
297 528 488 583 confirmatum
510 526 637 580 dedimus
655 524 831 595 argumentis.
876 528 898 577 l.
920 521 1037 577 Sublata
1057 531 1247 593 peceatomm.
1288 524 1416 592 Proque
1441 522 1526 592 igitur
1549 520 1629 574 nobis
1653 521 1699 574 vol
1716 521 1745 573 15
1763 521 1816 574 hac
1834 520 1900 583 sits,

153 673 159 686 ,
202 615 287 684 culpa
312 613 418 668 tollitur
442 612 568 668 debitum
598 611 717 665 luendae
746 625 854 679 poenae
880 625 914 662 cx
937 614 1037 662 natura
1062 608 1106 661 vel
1125 609 1154 662 in
1180 609 1342 680 purgatorio
1366 606 1614 661 satisfaciendum?
1637 621 1687 658 cur
1712 606 1821 660 animae
1840 606 1900 674 pio·

203 700 360 755 relatorum.
397 699 484 769 Atqui
503 697 628 753 Christus
646 696 676 750 in
697 713 727 750 se
744 694 857 749 sustulit
875 703 904 749 51
922 693 1037 748 55515111
1065 710 1126 746 rum
1145 711 1212 749 vera
1229 694 1285 749 fide
1302 694 1405 749 Christi
1431 692 1648 746 satisfactionem
1669 691 1897 762 amplectentium

201 791 320 856 5555515
336 791 431 839 555155
448 783 513 839 Ε55.
529 789 570 846 53,
584 799 609 837 v.
624 787 648 838 5,
667 781 768 836 bohen.
783 787 807 846 1,
824 797 849 833 v.
862 785 905 836 29.
925 785 947 837 1.
961 780 1036 833 Ρ515.
1062 779 1091 832 15
1117 781 1310 851 purgatorium
1337 777 1544 834 detruduntur?
1570 795 1619 831 cur
1638 778 1791 832 satisfactio
1810 779 1899 849 exigi·

205 878 237 937 2,
263 877 351 927 511.
394 869 469 940 Ergo
488 870 571 923 etiam
590 882 708 937 poenam
726 866 849 936 peccatis
867 865 968 919 nostris
988 863 1034 917 de·
1060 872 1107 919 tur
1132 883 1181 934 pro
1201 883 1248 935 eo,
1280 866 1355 936 quod
1381 863 1507 919 Christus
1532 864 1593 933 jam
1624 871 1690 918 ante
1719 864 1803 934 plene
1836 881 1899 935 per-

202 955 290 1010 bitam
309 955 338 1008 in
364 971 395 1009 se
421 953 564 1007 transtulit
587 959 615 1008 et
637 969 687 1022 per
710 968 880 1021 consequens
904 949 1036 1003 555515)
1061 951 1162 1006 solvit?

201 1040 321 1095 luendae
339 1056 445 1110 poenae
464 1038 671 1093 nos'liberavit
716 1043 740 1092 1.
757 1036 840 1107 Ipsae
858 1042 1036 1107 peecatorum
1097 1042 1157 1093 203.
1200 1037 1311 1107 Excipit
1342 1036 1534 1092 Bellarminus.
1584 1040 1605 1090 1.
1630 1035 1738 1089 Christi
1769 1039 1899 1090 meritum
1913 1045 1959 1084 xri

201 1133 357 1181 5551555555
376 1140 482 1195 poenae
501 1123 632 1178 dicuntur
653 1122 764 1177 Christo
785 1122 937 1191 impositae.
971 1121 1035 1174 Esa.
1062 1123 1169 1187 sufficit
1188 1125 1229 1175 art
1259 1139 1365 1175 onrnem
1397 1123 1511 1189 cuipam
1537 1129 1562 1174 et
1585 1138 1707 1191 paenam
1733 1122 1899 1188 tollendam,
1911 1105 1959 1197 {³:⁸⁶

203 1217 246 1279 53,
265 1229 288 1267 v.
308 1217 339 1265 4:
361 1210 866 1277 115155555155155515551511155.
886 1206 1035 1273 eastipatio
1063 1211 1116 1261 sed
1134 1217 1226 1262 tamen
1243 1209 1323 1261 debet
1343 1208 1502 1276 apph'cari,
1523 1216 1553 1260 ut
1571 1209 1608 1260 sit
1625 1209 1741 1276 efficax,
1768 1208 1898 1276 alioquin
1912 1208 1959 1274 Μ,

197 1299 282 1365 pacis
309 1306 422 1351 nostrae
451 1297 491 1362 (in
519 1295 605 1350 Hebr.
633 1294 843 1348 retributionum
868 1303 1036 1359 nostrarum,
1063 1311 1157 1348 omnes
1175 1295 1299 1347 homines
1316 1296 1505 1347 salvarentur.
1543 1293 1709 1361 Applicatio
1726 1294 1780 1346 iila
1796 1261 1959 1362 115155515ιὶ

201 1383 290 1437 idest
309 1399 382 1454 qnae
401 1381 482 1436 nobis
500 1388 559 1434 erat
577 1379 735 1443 tribuenda)
760 1397 845 1448 super
868 1398 937 1435 eum.
972 1379 1035 1433 Gal.
1063 1389 1142 1434 aetus
1161 1388 1274 1435 nostros
1296 1389 1323 1433 51
1347 1387 1534 1433 sacrarnenta.
1579 1379 1673 1433 Voluit
1697 1387 1789 1432 autem
1809 1385 1897 1450 Deus,
1910 1367 1959 1402 ‘'¹¹'‘

203 1474 228 1536 3,
246 1485 271 1524 v.
297 1474 341 1525 13:
361 1470 467 1522 Factus
485 1476 525 1521 est
540 1485 598 1535 pro
617 1469 695 1520 nobis
716 1466 830 1538 κατάρα,
850 1467 1037 1520 maledictum.
1062 1474 1093 1520 ut
1107 1475 1176 1537 post
1194 1466 1361 1535 baptismum
1376 1465 1635 1536 percontritiouem
1652 1474 1677 1518 et
1695 1466 1900 1531 confessionem

202 1555 288 1625 Atqui
310 1553 419 1610 nomine
434 1552 651 1617 maledictionis,
673 1570 756 1622 quam
774 1553 818 1608 lex
836 1551 918 1606 nobis
940 1567 1037 1620 pecca·
1064 1570 1126 1606 eum
1161 1553 1333 1606 absolutione
1374 1552 1532 1605 sacerdotis
1575 1551 1736 1621 applicetur
1770 1553 1900 1605 meritam

203 1639 311 1695 toribus
329 1641 525 1701 comminatur,
542 1654 649 1708 poenae
675 1639 841 1710 temporales
861 1646 890 1691 et
907 1645 1038 1692 aeternae
1065 1638 1173 1692 Christi
1202 1640 1243 1690 ast
1273 1638 1429 1692 tollendam
1456 1637 1584 1704 eulpam,
1609 1653 1666 1705 per
1695 1654 1782 1706 opera
1807 1644 1900 1691 autem

208 1725 393 1780 continentur.
432 1731 457 1779 ³.
478 1724 555 1779 ldem
575 1741 608 1778 ex
626 1725 740 1795 speciali
760 1741 909 1794 poenarum
928 1740 1038 1778 enume·
1063 1724 1262 1789 satisfactoria
1284 1724 1449 1794 applicatur
1466 1724 1508 1776 ad
1525 1723 1679 1776 tollendam
1692 1740 1815 1791 poenam
1833 1731 1899 1777 tem·

202 1811 326 1878 ratione,
353 1826 422 1879 quas
442 1808 568 1864 Christus
586 1816 700 1880 propter
719 1826 769 1864 nos
798 1810 925 1880 pertulit,
952 1809 1037 1863 mani·
1061 1809 1200 1878 poralem,
1217 1826 1284 1861 nam
1299 1826 1394 1877 poena
1412 1816 1529 1861 ueterem
1546 1816 1731 1862 eamnsutatur
1749 1811 1779 1862 in
1796 1817 1898 1878 tempo·

202 1895 312 1955 festum.
358 1896 422 1952 Ean.
445 1901 493 1963 53,
522 1914 547 1953 v.
574 1903 602 1950 5;
639 1896 823 1959 Vulneratus,
854 1897 969 1949 51151155
998 1904 1039 1950 est
1063 1894 1451 1964 ratemqaandoremittitur
1461 1893 1554 1962 cahra.
1583 1893 1770 1949 Salmeronius
1779 1902 1845 1950 tom.
1857 1901 1901 1951 11.

198 1989 320 2050 propter
341 1990 459 2051 peecata
486 1990 592 2035 nostra.
637 1980 699 2036 Gal.
719 1987 751 2050 3,
775 2000 801 2038 v.
825 1987 870 2037 13:
893 1983 1038 2039 Liberavit
1065 1982 1135 2052 disp.
1156 1988 1198 2038 25.
1225 1999 1253 2051 p.
1273 1986 1337 2036 220:
1365 1982 1450 2034 Mors
1469 1988 1495 2033 at
1517 1982 1634 2047 sanpus's
1653 1981 1760 2035 Christi
1774 2000 1832 2034 non
1850 1982 1902 2036 toi·

202 2086 254 2121 nos
274 2085 293 2120 a
310 2068 461 2122 maledicto
482 2068 562 2137 lepis.
598 2067 685 2123 Hebr.
704 2073 734 2136 2,
756 2085 781 2121 v.
802 2074 841 2123 14.
863 2087 882 2122 a
897 2075 1037 2137 potestate
1065 2069 1100 2123 iit
1118 2069 1199 2122 ilium
1217 2069 1323 2135 ipnem,
1348 2068 1400 2119 seri
1417 2068 1516 2134 potius
1543 2067 1570 2119 ei
1585 2066 1715 2120 virtrstem
1733 2068 1845 2135 tribuit,
1870 2077 1902 2122 at

205 2153 339 2208 Satanae.
374 2159 394 2208 1.
409 2152 507 2209 Τ5555.
529 2159 551 2215 1,
570 2171 595 2211 v.
617 2155 777 2209 laabim
796 2156 861 2208 liei.
893 2154 976 2208 Hose.
998 2159 1037 2222 13,
1061 2155 1153 2227 possit
1177 2155 1271 2209 delere
1293 2163 1414 2222 peecata
1438 2170 1487 2205 seu
1505 2171 1613 2224 poenas
1637 2156 1763 2222 peccatis
1781 2157 1901 2225 5551155,

203 2257 229 2293 r.
251 2247 291 2296 11.
310 2246 333 2296 1.
354 2238 415 2295 Cor.
436 2245 476 2302 15,
495 2254 522 2292 r.
541 2246 582 2294 55.
605 2245 647 2297 56.
666 2246 707 2294 51.
727 2258 746 2292 5
763 2248 852 2293 morte
869 2248 895 2293 et
914 2241 1037 2305 inferno.
1065 2242 1123 2294 nisi
1141 2241 1214 2294 enim
1232 2248 1303 2294 esset
1327 2240 1370 2292 uis
1387 2240 1535 2307 passionis
1556 2238 1662 2292 Christi
1684 2240 1900 2308 11111ρηί5555-

202 2326 283 2382 Rom.
302 2332 326 2392 8,
345 2344 371 2379 v.
393 2331 414 2381 1.
432 2343 452 2379 a
470 2327 650 2379 damnatione
671 2332 723 2379 cta
753 2325 841 2395 Atqui
858 2324 956 2379 harum
973 2341 1038 2395 poe·
1065 2327 1215 2391 manicata,
1233 2344 1290 2380 non
1304 2332 1449 2394 purpurat,
1462 2341 1569 2394 poenae
1585 2326 1658 2378 enim
1671 2326 1741 2380 ittae
1755 2329 1902 2395 patienter

203 2427 302 2467 narum
344 2411 490 2480 complexu
541 2410 665 2480 reliquae
710 2427 804 2466 omnes
854 2411 1037 2466 eontinentur.
1064 2414 1202 2467 toleratae
1224 2430 1281 2480 per
1310 2413 1475 2480 sanquinem
1504 2412 1610 2464 Christi
1642 2413 1756 2481 sapiant
1788 2414 1901 2466 animas

202 2504 228 2554 1.
248 2497 365 2554 «institia
394 2496 449 2551 Dei
480 2511 536 2549 non
557 2496 706 2567 permittit,
732 2496 806 2550 idem
825 2503 970 2567 peccatum
995 2496 1038 2550 bis
1063 2508 1189 2568 nostras,
1219 2507 1249 2551 ut
1282 2498 1343 2551 sine
1375 2498 1488 2551 macula
1515 2507 1674 2566 appareant
1702 2507 1767 2552 ante
1797 2501 1900 2554 Deum.

203 2583 302 2654 puniri
350 2581 416 2637 Jam
447 2598 513 2638 vero
530 2583 608 2638 Deus
636 2591 753 2652 peccata
777 2589 872 2637 nostra
895 2583 987 2653 puniit
1008 2584 1038 2636 in
1064 2584 1135 2654 Eph.
1160 2591 1184 2640 5.
1223 2583 1450 2654 Respondemus:
1486 2583 1565 2638 Haec
1587 2585 1679 2639 omnia
1714 2603 1803 2640 meras
1832 2588 1900 2657 peti·

202 2669 276 2725 Filio
295 2687 360 2735 suo,
385 2686 467 2738 quem
486 2676 600 2740 propter
616 2674 726 2724 nostras
745 2669 909 2740 iniquitates
925 2660 1038 2738 pereum
1063 2671 1153 2725 tiones
1167 2669 1296 2740 principii
1315 2670 1463 2724 continent.
1498 2669 1642 2740 Scriptura
1660 2672 1788 2743 nuspiam
1810 2675 1901 2740 docet,

202 2757 314 2810 5111155
334 2760 380 2820 53,
408 2774 433 2813 v.
454 2763 478 2812 1.
520 2755 596 2827 Ergo
617 2773 673 2809 non
697 2755 796 2825 puniet
819 2771 853 2809 es
870 2755 898 2810 in
916 2756 970 2826 piis
988 2773 1039 2826 per
1061 2774 1116 2829 per
1149 2773 1238 2825 opera
1268 2764 1366 2809 nostra
1400 2758 1598 2820 satisfactoria
1629 2757 1737 2811 Christi
1772 2760 1901 2812 meritum

203 2842 287 2898 iidem
305 2844 335 2896 in
355 2840 494 2896 Christum
514 2841 567 2898 sibi
587 2841 785 2911 5555551115115,
810 2842 858 2912 qui
875 2840 1038 2896 satisfactio·
1064 2843 1143 2896 nabis
1166 2842 1325 2913 applicari,
1353 2842 1402 2896 sed
1430 2842 1522 2897 media
1545 2842 1740 2916 applicationis
1766 2861 1799 2898 ex
1817 2851 1899 2915 parte

203 2927 247 2983 uis
264 2945 281 2982 5
297 2927 407 2982 Christo
426 2927 577 2998 praestitae
594 2927 662 2982 15511
682 2933 748 2981 5551
764 2927 920 2998 participes.
962 2928 1039 2981 Obii·
1064 2928 1120 2983 Dei
1138 2928 1236 2982 statuit
1253 2945 1314 2982 esse
1333 2928 1449 2982 verbum
1472 2929 1625 2999 evangelii,
1649 2930 1685 2983 ad
1712 2931 1788 3001 quod
1815 2934 1900 2986 etiam

202 3015 326 3084 nationis
349 3015 393 3068 eis
419 3013 529 3068 totlitur
552 3014 645 3067 soluta
673 3030 720 3080 eo,
746 3014 823 3081 quod
842 3014 972 3080 debatur,
999 3012 1039 3067 511
1064 3014 1185 3084 pertinet
1201 3013 1339 3069 absolutio
1359 3015 1511 3070 5555555115
1528 3031 1562 3069 55
1580 3023 1753 3071 sacramenta
1765 3017 1897 3087 baptismi

204 3100 353 3170 imperator
376 3101 405 3153 in
430 3099 515 3155 instit
537 3098 573 3153 55
598 3097 680 3152 55151.
697 3097 781 3167 oblig.
819 3105 841 3153 5.
858 3097 889 3153 Si
905 3115 956 3168 pro
974 3114 1037 3168 pes·
1065 3107 1093 3154 et
1111 3116 1213 3154 555555
1231 3100 1403 3168 Dominicae‚
1421 3107 1546 3170 exparte
1565 3108 1659 3155 555155
1677 3103 1789 3157 unicum
1808 3105 1897 3174 appli-

106 3184 111 3191 '
203 3193 326 3241 catorum
352 3187 449 3256 poenis
473 3184 554 3240 nobis
580 3184 675 3239 adhuc
703 3183 931 3238 satisfaciendum
957 3182 1037 3249 15551,
1062 3186 1181 3240 55115515
1209 3185 1329 3240 medium
1358 3186 1436 3240 novit
1463 3185 1546 3241 fidem
1573 3188 1602 3240 15
1626 3187 1783 3253 Christum,
1815 3193 1897 3261 quus

203 3270 307 3326 Christi
341 3270 496 3327 55115155115
531 3270 655 3325 nondum
688 3269 761 3325 15551
795 3268 949 3337 sufficiens,
985 3285 1037 3323 nec
1063 3271 1242 3326 anteambulo
1258 3288 1291 3326 ac
1303 3271 1417 3340 praesia
1435 3277 1478 3325 est
1496 3271 1624 3327 contritio
1642 3290 1694 3343 per
1710 3275 1898 3344 praedicatio·

203 3357 402 3428 ἀπολύτρωσις,
421 3357 471 3412 555
489 3356 671 3430 ἡμιλύιρωσις
688 3374 739 3427 per
757 3357 846 3425 ipsum
865 3363 939 3410 esset
958 3370 1037 3426 prae·
1064 3374 1126 3412 nem
1146 3358 1216 3429 legis
1233 3357 1367 3426 aSpiritu
1387 3366 1481 3413 sancto
1508 3358 1629 3413 excitata
1655 3365 1684 3414 et
1700 3363 1781 3432 cujus
1800 3361 1899 3416 testifi-

204 3443 282 3509 stita,
309 3460 362 3499 nec
391 3442 550 3498 absolutum
583 3441 763 3497 redemtionis
791 3458 870 3511 opus.
922 3441 1037 3496 Contra·
1064 3445 1137 3498 catio
1156 3450 1270 3498 externa
1290 3450 1333 3497 est
1357 3445 1468 3514 peccati
1492 3444 1602 3498 humilis
1618 3446 1755 3501 confessio
1773 3448 1834 3502 Deo
1853 3450 1898 3503 vel

203 3529 274 3583 rium
294 3546 359 3584 vero
376 3534 495 3583 testatur
513 3528 657 3598 Scriptura
673 3528 737 3583 Joh.
754 3533 793 3596 19,
812 3545 835 3583 v.
854 3534 897 3582 35.
915 3527 996 3582 Rom.
1011 3532 1036 3596 3,
1064 3529 1222 3584 hominibus
1244 3530 1328 3584 facte.
1370 3530 1449 3585 Haec
1466 3530 1535 3585 tides
1554 3531 1584 3586 iu
1602 3531 1661 3588 solo
1679 3531 1782 3588 Christi
1801 3536 1899 3589 merito

202 3632 229 3669 r.
249 3621 290 3670 21.
311 3623 333 3671 1.
355 3616 415 3670 Cor.
437 3622 460 3682 1,
479 3633 504 3670 v.
524 3621 564 3670 35.
590 3614 662 3685 Eph.
684 3620 712 3681 1,
732 3632 758 3667 v.
776 3621 799 3669 ’1.
827 3614 884 3670 Col.
906 3621 928 3683 t,
947 3632 974 3668 v.
996 3619 1036 3669 11.
1064 3615 1217 3687 plenariam
1247 3632 1297 3685 pro
1325 3615 1448 3685 peccatis
1469 3616 1687 3672 satisfactionem
1709 3620 1831 3690 quaerit,
1858 3622 1898 3674 in-

203 3700 291 3758 11555.
310 3708 356 3765 15,
380 3719 407 3754 v.
427 3706 465 3757 11.
507 3707 530 3757 6.
550 3701 580 3755 Si
606 3717 656 3771 pro
676 3705 853 3771 peccatorum
871 3699 967 3770 poenis
986 3718 1037 3754 nos
1064 3703 1141 3757 venit
1159 3708 1187 3757 et
1205 3701 1407 3771 apprehendit,
1430 3719 1606 3774 nequaquam
1627 3721 1691 3759 vero
1711 3706 1755 3760 vel
1775 3724 1808 3762 er
1831 3713 1899 3775 toto,

204 3803 348 3858 possemus
378 3786 553 3849 satisfacere,
586 3803 650 3856 pars
682 3785 859 3840 redemtionis
885 3803 903 3840 a
928 3786 1110 3847 Christnmel
1143 3806 1176 3842 es
1213 3798 1291 3857 parte
1324 3789 1443 3859 propriis
1481 3789 1612 3859 operibus
1642 3790 1835 3846 satisfactoriis
1866 3810 1899 3848 ac

204 3874 241 3927 ad
260 3888 311 3927 nos
328 3873 532 3927 transferretur.
571 3871 745 3925 Contrarium
764 3879 882 3926 testatur
894 3872 1038 3942 Scriptura
1066 3874 1211 3929 meritoriis
1230 3874 1358 3938 contidit,
1389 3874 1531 3945 Scriptura
1559 3878 1688 3947 nuspiam
1705 3879 1817 3946 asserit,
1842 3880 1898 3933 vim

203 3959 269 4015 Esa.
289 3964 333 4025 53,
351 3977 377 4013 v.
398 3966 423 4014 3.
443 3957 530 4013 Η555.
552 3965 575 4024 1,
589 3974 614 4010 v.
634 3963 656 4012 1.
695 3956 795 4029 Neque
813 3956 940 4013 Christus
957 3976 1037 4012 suum
1065 3960 1203 4031 passionis
1222 3960 1325 4015 Christi
1341 3963 1538 4016 communicari
1558 3962 1668 4016 cuidam
1687 3965 1762 4033 iqni,
1787 3972 1819 4019 ut
1834 3981 1899 4036 pos·

205 4045 349 4101 nobiscum
373 4045 415 4100 ita
437 4043 556 4114 partitus
585 4047 628 4098 est
647 4042 783 4112 officium,
812 4051 843 4098 ut
868 4051 975 4115 partem
990 4044 1039 4098 ali·
1066 4047 1103 4099 sit
1121 4054 1234 4115 peccata
1255 4063 1385 4117 purgare,
1405 4048 1454 4102 555
1473 4049 1566 4118 potius
1584 4065 1634 4118 per
1645 4050 1781 4121 baptismi
1796 4068 1900 4119 aquarn

205 4148 288 4203 quam
307 4130 481 4202 purgationis
502 4135 679 4200 peccatorum
706 4137 860 4199 praestaret
877 4132 950 4201 ipse,
975 4148 1039 4203 par·
1066 4130 1203 4186 beneficia
1231 4131 1335 4187 Christi
1363 4139 1450 4188 morte
1485 4141 1514 4188 et
1546 4134 1674 4204 passione
1705 4143 1786 4205 parts
1818 4137 1900 4192 55515

204 4224 261 4274 tem
287 4234 351 4273 vero
378 4217 512 4288 reliquam
538 4215 619 4270 nohis
643 4217 839 4286 praestandam
864 4217 1040 4288 relinqueret,
1065 4217 1263 4271 communicari
1287 4219 1393 4274 5555511.
1439 4219 1577 4274 5115551115
1594 4221 1679 4291 igitur
1698 4223 1900 4292 metamorpho-

205 4304 256 4358 sed
282 4320 332 4374 per
356 4303 509 4373 proprium
542 4302 706 4372 sanguinem
735 4302 861 4356 introivit
891 4304 975 4356 semel
1008 4303 1039 4355 in
1065 4303 1103 4355 sis
1121 4309 1178 4367 est,
1197 4304 1309 4373 quando
1326 4305 1477 4361 Salmcron.
1496 4308 1533 4359 ad
1552 4307 1645 4376 ignem
1662 4308 1803 4378 applicat,
1824 4309 1898 4380 quod

204 4398 304 4443 saneta
323 4399 485 4445 sasimorum
503 4382 619 4444 aeterna
629 4391 800 4471 redemtione
812 4390 923 4444 inuenta
951 4389 1038 4444 llebr.
1065 4389 1170 4443 Paulus
1190 4390 1225 4444 de
1244 4388 1355 4445 lavacro
1378 4408 1468 4461 squas
1490 4393 1520 4445 in
1543 4394 1627 4448 serbo
1651 4395 1767 4462 asserit,
1792 4396 1900 4466 quade

205 4481 236 4543 5,
275 4493 301 4528 v.
340 4480 377 4531 12.
415 4494 501 4530 unam
531 4494 589 4546 pro
623 4477 749 4544 pereatis
781 4476 881 4529 obtulit
918 4475 1038 4529 bostiam
1067 4475 1145 4531 5515
1164 4477 1282 4531 articulo
1304 4477 1340 4532 de
1363 4477 1535 4548 poenitentia
1558 4484 1587 4531 et
1608 4479 1807 4548 justificatione
1823 4482 1900 4537 latis·

203 4559 290 4616 Hebr.
316 4567 353 4624 10,
371 4579 398 4616 v.
420 4566 459 4617 12.
479 4581 537 4616 una
554 4562 693 4616 oblatione
710 4562 910 4615 consummavit
926 4563 956 4615 in
969 4577 1039 4614 sem·
1067 4562 1134 4617 sime
1151 4562 1205 4617 fuit
1222 4563 1336 4619 dictum.
1379 4567 1405 4617 2.
1427 4565 1519 4618 Homo
1539 4566 1584 4617 sai
1607 4566 1698 4634 ipsius
1715 4570 1857 4622 redemtor
1874 4577 1900 4622 51

200 4649 344 4717 paternum
362 4664 423 4711 sos,
448 4649 498 4716 qui
518 4649 731 4712 sanctificantur
761 4647 845 4702 Hehr.
874 4653 919 4715 lo,
948 4664 973 4700 v.
999 4653 1039 4702 11.
1065 4647 1192 4702 salrator
1208 4650 1373 4718 appellatur
1399 4652 1476 4703 Dan.
1495 4653 1519 4704 1.
1544 4659 1664 4721 peecata
1681 4660 1732 4705 tua
1751 4653 1900 4723 eleemosy-

206 4740 230 4788 1.
247 4732 286 4787 Et
305 4732 373 4803 quid
392 4732 508 4786 multis?
534 4738 653 4788 testatur
679 4733 770 4803 ipsum
795 4734 843 4803 jus
866 4733 1038 4799 canonicum,
1065 4735 1110 4786 nis
1127 4736 1244 4791 redime.
1279 4734 1356 4788 Phil.
1376 4739 1403 4789 2.
1423 4753 1486 4789 cam
1504 4745 1578 4789 metu
1597 4745 1623 4790 et
1643 4745 1761 4792 tremore
1780 4740 1900 4794 salutem

205 4818 346 4874 Christum
365 4835 416 4888 pro
436 4819 519 4887 culpa
535 4827 564 4872 et
580 4818 769 4888 poenanostri
785 4818 847 4874 loco
864 4818 1186 4888 satisfecisse,'oestram
1208 4821 1381 4888 operamini,
1407 4837 1457 4873 nec
1483 4830 1575 4874 taurea
1596 4831 1753 4892 propterea
1779 4826 1843 4879 ulla
1868 4829 1901 4891 ft

205 4923 230 4962 c.
254 4905 342 4960 Filius
355 4903 409 4959 Dei
420 4911 471 4959 etc.
482 4903 545 4960 5151.
564 4911 592 4959 4:
612 4905 706 4957 lilius
713 4905 785 4963 Dei
803 4920 915 4957 carnem
930 4907 1043 4972 peceati
1069 4904 1180 4958 Christo
1211 4906 1335 4974 injuria,
1366 4907 1505 4973 siquidem
1535 4915 1596 4960 tota
1620 4909 1710 4962 virtus
1736 4925 1851 4979 aperrsrn
1874 4921 1901 4964 et

203 4993 325 5064 srmcepit
343 4999 369 5044 et
383 5006 505 5059 poenam
527 4991 588 5042 sine
610 4990 713 5060 culpa,
730 4998 762 5043 ut
779 4990 808 5043 in
827 5006 913 5043 earne
928 4992 1042 5061 peccati
1066 4991 1277 5057 satisfactionis
1295 4999 1411 5044 nostrae
1435 5010 1454 5046 a
1476 4993 1583 5048 Christi
1599 4996 1735 5063 sanguine
1751 4999 1856 5065 pendet
1875 5006 1901 5051 st

206 5087 233 5131 st
248 5079 333 5147 maipa
351 5077 507 5130 5515555155
525 5085 551 5128 51
559 5092 681 5144 poenas
704 5077 871 5148 Agnoscunt
895 5076 924 5130 id
949 5076 1039 5147 ipsum
1065 5077 1093 5128 si
1117 5075 1281 5130 redimimus
1305 5087 1425 5145 peecata
1449 5081 1492 5133 sei
1522 5096 1674 5149 operamur
1702 5081 1838 5147 55151555,
1868 5085 1902 5137 id

206 5163 319 5234 quidam
339 5160 534 5216 lovanienses.
566 5161 750 5216 Bellarminus
766 5162 815 5221 lib.
836 5169 857 5218 1,
878 5162 913 5217 55
931 5162 1039 5232 indulg.
1060 5163 1189 5230 J'aeimus
1209 5179 1264 5231 per
1282 5165 1344 5231 ejus
1368 5165 1500 5233 spiritum
1525 5166 1607 5219 nobis
1629 5168 1765 5220 donatum
1786 5171 1830 5222 uel
1847 5187 1900 5238 po·

205 5266 229 5306 c.
249 5256 279 5306 t:
302 5248 426 5311 Quidam
442 5249 1041 5319 5555555555155555551,551155(1111511
1066 5249 1121 5301 tius
1147 5248 1207 5316 ipm
1227 5247 1335 5302 Christi
1360 5253 1480 5319 spiritus
1506 5252 1562 5304 ista
1589 5253 1619 5304 in
1650 5253 1731 5305 nobis
1756 5262 1900 5324 operatur,

204 5335 449 5398 satisfactionibm
496 5335 643 5387 remissurn
684 5353 805 5403 [roesam
852 5334 1039 5404 temporalem.
1065 5334 1227 5388 515515157ιὶ1
1247 5337 1406 5390 detrahitur
1427 5342 1498 5406 Deo,
1517 5340 1594 5406 quod
1611 5356 1664 5407 per
1684 5355 1787 5392 555555
1804 5358 1900 5394 secan·

204 5421 343 5493 Agnoscit
364 5422 424 5491 ipse
442 5419 627 5475 Bellarminus
651 5419 796 5476 tihi-de
818 5421 1035 5492 indulgent:
1065 5423 1120 5474 das
1140 5428 1284 5489 operatur.
1314 5423 1537 5495 Respondemus:
1558 5423 1718 5496 555155.
1740 5428 1901 5483 15115155
