4104 6014
182 127 241 186 tat
646 196 651 205 .
769 116 893 176 Locus
909 113 1115 175 victamne
1133 116 1281 174 SEXTUS

180 277 344 344 comparata
361 279 434 338 sunt,
451 288 485 328 ea
503 272 616 342 placent
629 272 690 327 Deo
703 278 731 326 ιι
749 272 785 327 ab
805 273 866 342 ipso
885 277 1018 327 ornantur
1030 266 1033 299 ¹
1045 270 1072 323 in
1092 271 1201 326 Graeco
1219 288 1274 326 non
1292 277 1335 326 est
1358 270 1374 339 ἡ
1394 268 1483 344 ἡμέρα
1505 275 1557 325 τοῦ
1574 279 1696 348 Κυρίου,
1721 277 1754 326 ut
1773 270 1802 327 in
1819 289 1881 328 rer·

181 360 312 429 praemiis
324 356 523 429 temporalibus
535 363 564 413 et
578 357 705 426 aeternis,
719 357 795 412 unde
806 374 887 425 auro,
899 364 1017 427 arpenta
1044 355 1120 412 sione
1146 356 1248 412 Latina
1275 359 1336 412 dies
1354 358 1488 426 Domini,
1512 357 1562 412 sed
1589 357 1752 428 simpliciter
1776 357 1883 412 dicitur

181 453 208 499 et
237 445 381 514 lapidibus
404 445 535 514 pretiosis
559 442 615 496 vim
638 442 711 514 ignis
735 442 935 497 sustinentibus
953 459 1016 497 con·
1044 440 1171 517 ἡὴμέρα.
1209 447 1233 498 ι.
1251 443 1318 498 Dies
1337 442 1428 498 ultimi
1442 442 1542 512 judicii
1560 443 1749 499 manifestabit
1765 443 1880 515 quidem

179 529 315 586 feruntur.
359 529 438 594 Quae
464 544 528 583 vero
559 543 615 581 non
641 527 747 582 babent
764 528 818 583 Dei
847 527 1017 589 mandatum,
1042 527 1142 594 omnia,
1162 535 1322 583 nouantem
1335 545 1368 583 ιο
1382 525 1446 594 fine,
1464 534 1496 582 ut
1515 528 1667 598 perignem
1685 528 1798 599 quidam
1813 547 1879 600 pur·

181 615 231 669 sed
249 614 438 685 suscipiuntur
456 631 489 669 ex
507 613 616 684 privato
634 612 749 669 arbitrio
767 614 841 668 bona
856 607 1017 679 intentione,
1043 618 1152 683 gantur,
1172 614 1221 668 sed
1239 621 1271 668 ιιι
1287 613 1368 668 electi
1379 614 1415 668 ad
1434 613 1551 684 gloriam
1569 614 1710 670 aeternam
1724 615 1880 685 producan-

178 702 260 771 juxta
281 699 443 755 traditiones
466 697 608 754 hominurn
637 704 665 755 et
685 700 912 756 consuetudinem
932 700 1018 769 majo·
1044 703 1105 760 tur,
1148 699 1272 753 damnati
1308 716 1373 754 rero
1410 699 1470 770 igni
1507 699 1637 754 infernali
1672 699 1880 770 adjudicentur.

180 803 251 856 rum,
269 801 304 842 ea
316 786 349 840 in
365 786 490 841 examine
501 786 575 856 ignis
586 801 641 840 non
659 785 823 854 subsistunt,
841 785 915 841 unde
930 785 1019 852 liano,
1046 788 1071 837 3.
1089 786 1277 854 ιιιιοιογιιῶς
1300 784 1442 855 apostolus
1459 785 1553 853 addit,
1579 783 1619 840 bn
1643 788 1673 841 ιν
1691 791 1759 859 πυρὶ
1776 785 1881 840 ἄποια·

175 874 266 942 Joeno
287 879 313 925 st
330 872 443 942 stipulis
461 889 544 942 super
557 871 768 927 frmdamentum
781 871 846 926 fidei
861 871 896 926 de
908 869 1018 927 Christo
1044 868 1188 933 ιύπιετιι,
1212 870 1280 938 quia
1300 870 1331 923 in
1357 871 1422 939 ipns
1439 871 1595 941 revelatur,
1620 871 1726 927 scilicet
1744 872 1882 943 cnjusque

181 956 335 1013 aedificatis
362 963 566 1028 comparantur.
614 956 659 1012 Ab
684 957 736 1013 bac
760 956 945 1028 explicatione
963 972 1018 1011 non
1045 972 1115 1025 opus
1140 959 1207 1022 (non
1231 959 1324 1011 autem
1354 955 1413 1011 dies
1431 956 1570 1025 Domini),
1599 957 1648 1012 ubi
1665 958 1780 1014 verba·
1798 975 1881 1028 prae-

183 1043 302 1100 multum
313 1045 455 1114 discrepat
465 1061 559 1100 eorum
571 1043 771 1113 interpretatio,
781 1043 829 1113 qui
839 1060 896 1112 per
907 1061 1017 1112 aarum,
1046 1041 1133 1096 sentia
1151 1042 1283 1112 temporis
1304 1042 1418 1097 deducit
1437 1059 1488 1098 nos
1506 1043 1542 1097 ad
1562 1042 1729 1114 particulare
1742 1043 1881 1114 judicium

182 1139 336 1199 aramum,
353 1131 626 1202 lapidespretiosos,
644 1129 734 1198 liqna,
752 1131 877 1196 foenum,
896 1129 1017 1197 stipulas
1043 1126 1220 1196 hujusvins.
1252 1127 1729 1198 Bellarminusfrustrasuapicatur,
1749 1130 1780 1183 ia
1799 1129 1880 1183 teati-

181 1215 342 1288 intelligunt
356 1218 488 1282 homines,
507 1216 555 1288 qui
568 1233 618 1286 per
630 1215 865 1285 praedicationem
879 1214 1017 1284 evangelii
1044 1211 1094 1263 bus
1120 1213 1337 1267 correctioribus
1364 1214 1459 1279 fuisse
1487 1215 1599 1269 uerbum
1628 1215 1760 1284 tmeporis
1781 1215 1884 1283 futuri

182 1302 219 1357 ad
236 1300 376 1358 Christum
395 1308 532 1357 vocantur
549 1308 578 1358 et
589 1299 713 1357 membra
724 1299 844 1355 aedificii
863 1298 1017 1355 catholicae
1043 1293 1261 1366 dnoruiiprrus,
1281 1297 1348 1367 quia
1366 1314 1461 1354 omnes
1481 1299 1591 1354 codices
1605 1304 1766 1355 constanter
1783 1301 1881 1372 legunt

182 1388 315 1444 ecclesiae
332 1389 449 1444 visibilis
466 1388 545 1445 fiunt.
570 1405 596 1445 ι.
616 1394 645 1443 9:
670 1388 732 1441 Dei
752 1387 914 1456 asmyicium
941 1387 1017 1440 estis.
1044 1378 1273 1437 ἀποκαλύπτεται
1314 1389 1339 1438 4.
1358 1383 1420 1439 Non
1447 1385 1541 1456 agitur
1559 1384 1612 1440 boc
1630 1384 1692 1440 loco
1711 1385 1746 1440 de
1765 1385 1882 1441 maniis·

181 1491 208 1527 r.
229 1479 267 1530 lb.
293 1477 341 1527 An
360 1475 485 1543 ιιιιιιιιι,
513 1491 561 1526 vos
579 1489 638 1527 esse
665 1473 799 1542 templum
816 1472 898 1526 Dei!
928 1488 954 1526 v.
978 1477 1016 1526 17.
1044 1467 1163 1526 statione
1180 1469 1303 1523 omnium
1321 1471 1433 1526 omnino
1456 1487 1570 1541 operum
1594 1471 1630 1526 ab
1648 1471 1776 1528 omnibus
1795 1471 1882 1526 bomi-

185 1554 331 1628 Tempium
349 1560 409 1612 Dei
425 1567 553 1613 sanctum
572 1567 622 1628 est,
642 1561 720 1628 quod
731 1557 797 1613 estis
815 1575 872 1614 ros.
906 1556 1017 1613 Confer.
1044 1552 1126 1608 nibus
1155 1553 1306 1620 factorum,
1337 1557 1387 1611 sed
1417 1556 1453 1612 de
1480 1557 1703 1613 manifestatione
1731 1557 1883 1629 doctrinae,

183 1643 282 1699 Mattb.
303 1649 342 1710 16,
360 1661 386 1703 v.
408 1649 449 1700 te.
466 1643 538 1715 Eph.
558 1650 581 1708 ι,
599 1662 627 1698 v.
640 1650 681 1700 ιθ.
700 1642 757 1698 Col.
777 1649 801 1712 ι,
820 1661 846 1697 ι.
865 1650 887 1698 ι.
910 1650 931 1699 1.
942 1644 1017 1699 Petr.
1045 1657 1128 1710 quam
1141 1658 1192 1710 per
1205 1641 1291 1714 ἔργον
1305 1641 1357 1696 hoc
1375 1642 1435 1697 loco
1453 1642 1580 1712 intelligi,
1599 1661 1633 1698 ax
1651 1644 1881 1701 antecedentibus

185 1733 209 1792 ι,
228 1744 254 1786 r.
270 1735 296 1786 b.
316 1728 503 1800 Hieronymus
521 1735 550 1785 et
567 1729 758 1806 Theodoretns
776 1729 806 1784 in
819 1746 917 1785 comm.
931 1729 1017 1784 Atha·
1045 1730 1139 1796 patet,
1159 1744 1232 1797 quae
1259 1728 1287 1782 in
1307 1728 1468 1799 particulari
1489 1730 1625 1799 cujusque
1640 1729 1749 1798 judicio
1766 1736 1795 1787 ιι
1813 1747 1879 1786 exa

183 1815 278 1889 ιιιίιιι
307 1821 377 1872 crat.
403 1821 427 1872 3.
461 1823 548 1874 ιιιιι.
579 1817 675 1874 Arian.
708 1834 735 1887 p.
766 1822 808 1874 ιι.
842 1815 1018 1872 Bemhardus
1045 1812 1117 1868 mine
1135 1813 1277 1882 probatur.
1317 1819 1342 1870 t.
1361 1814 1395 1868 In
1412 1814 1475 1868 aliis
1494 1814 1654 1884 Scripturas
1672 1815 1740 1870 locis
1758 1817 1880 1888 diaspro

183 1915 264 1955 ιιιιιι.
288 1901 324 1956 de
349 1901 417 1973 lign.
442 1901 514 1957 foen.
540 1912 567 1957 et
595 1893 699 1973 stipula
724 1919 752 1971 p.
772 1907 830 1958 381.
877 1901 1019 1971 Gaiusque
1045 1900 1178 1969 temporis
1217 1914 1367 1970 progressu
1395 1916 1429 1954 ιι
1469 1898 1656 1954 tribulationis
1684 1902 1730 1957 die
1761 1904 1881 1972 ponitur.

183 2003 255 2056 opus
283 1988 382 2042 dicunt
408 1987 505 2042 itidem
537 2003 599 2042 esse
625 1986 777 2057 discipulos
806 1987 865 2042 sive
893 1986 1018 2042 homines
1045 1990 1070 2043 6.
1090 1983 1257 2054 Cajetanns,
1288 1984 1425 2039 Pistoriua
1456 1990 1485 2041 et
1516 1986 1565 2041 alii
1585 2001 1618 2040 ex
1646 1985 1800 2043 Pontifieiis
1826 2007 1882 2045 non

183 2071 260 2141 ipsos
276 2090 326 2143 per
344 2072 481 2145 evangelii
499 2072 735 2143 praedicationem
764 2071 897 2127 ecclesiae
915 2071 1018 2127 Christi
1048 2070 1121 2126 diem
1139 2070 1257 2126 extremi
1274 2070 1386 2141 judicii,
1411 2071 1460 2126 sed
1487 2071 1561 2127 diem
1579 2072 1680 2142 judicii
1704 2074 1881 2144 particularis

182 2157 339 2228 adjunctos.
369 2158 775 2227 neocaesariensem
789 2174 940 2212 mcumoos
953 2159 1019 2212 estis
1044 2155 1218 2227 intelligunt,
1248 2173 1318 2226 quoa
1344 2155 1397 2211 hoc
1427 2157 1538 2212 nominc
1555 2156 1742 2213 Bellarminus
1770 2159 1881 2216 raldus.

184 2243 215 2296 in
233 2244 381 2297 Domino?
417 2243 520 2298 Confer
540 2249 561 2298 1.
578 2243 640 2300 Cor.
661 2248 710 2306 16,
734 2261 760 2298 r.
779 2249 818 2299 ιι.
855 2241 910 2299 Ριι
926 2244 1017 2313 ipncm
1045 2240 1100 2296 Sed
1130 2258 1195 2296 cum
1224 2241 1261 2296 ad
1293 2243 1482 2312 quaestionem
1510 2242 1545 2298 de
1574 2245 1736 2315 purgatorio
1763 2244 1880 2312 (latente

183 2327 302 2400 intelligi
322 2333 449 2383 statuunt
467 2328 661 2398 afflictionem,
678 2329 910 2399 persecutionem,
930 2335 1018 2383 tenta-
1044 2326 1223 2396 bellarmino)
1245 2344 1344 2398 parum
1370 2329 1491 2393 intersit,
1518 2347 1683 2402 quocunque
1711 2330 1793 2385 modo
1826 2331 1882 2387 diei

183 2413 302 2479 tionem,
328 2413 358 2467 in
376 2430 432 2485 quo
453 2420 512 2470 tum
536 2414 694 2470 conflantur
717 2422 747 2470 ιι
763 2414 933 2484 formantur,
958 2423 1017 2470 tum
1043 2429 1143 2467 nomen
1162 2413 1327 2483 explicetur,
1360 2413 1423 2468 ideo
1448 2415 1576 2469 nolumus
1604 2416 1635 2469 iu
1659 2414 1777 2470 membri
1795 2413 1881 2486 hujus

184 2499 269 2554 etiam
296 2498 437 2554 reformati
466 2489 620 2569 probantur
651 2501 804 2556 credentes.
855 2499 910 2556 Per
943 2500 1018 2556 bunc
1045 2497 1229 2569 explicatione
1248 2499 1381 2570 prolixius
1398 2499 1546 2555 immorari.

184 2601 251 2657 ergo
276 2585 370 2656 ignem
397 2583 554 2641 afflictionis
583 2603 616 2641 ac
644 2587 842 2656 persecutionis
874 2587 1018 2658 retegitur,
1079 2590 1136 2640 ιιι.
1173 2591 1197 2640 ι.
1210 2585 1265 2639 Ριι
1282 2587 1374 2653 ipnem
1392 2585 1421 2639 in
1434 2590 1512 2640 textu
1524 2584 1675 2654 apostolico
1685 2586 1879 2657 purgatorium
1892 2585 1911 2678 ξ
1927 2587 1988 2678 ψ

184 2671 270 2747 quote
284 2673 322 2724 sit
339 2673 473 2741 cujusmse
493 2689 580 2744 opus,
597 2671 627 2725 id
644 2679 688 2726 est
704 2674 800 2743 quales
817 2673 874 2728 sint
888 2673 1019 2744 discipuli
1044 2669 1259 2742 intelligendum
1279 2687 1348 2738 esse,
1367 2687 1473 2725 summo
1493 2678 1592 2725 conatu
1609 2670 1737 2727 evincere
1752 2672 1880 2728 nituntur
1902 2650 1931 2688 μ’
1955 2667 1961 2678 ’

184 2759 336 2829 cujusque,
356 2773 426 2830 quos
444 2756 554 2813 Christo
574 2759 698 2812 lucratus
715 2763 766 2816 ιιι.
801 2759 837 2812 Si
852 2761 932 2828 cujus
949 2777 1017 2828 opus
1043 2756 1196 2821 Pontifici,
1228 2757 1302 2811 unde
1329 2757 1542 2826 appellationem
1566 2757 1639 2829 ignis
1665 2757 1820 2828 purgatorii
1851 2763 1880 2814 ιι

185 2844 329 2905 manserit,
340 2845 417 2911 puori
427 2844 713 2912 superaedificaverit,
726 2846 879 2898 mercedem
888 2845 1016 2913 acupiet.
1043 2860 1150 2914 poenas
1169 2843 1322 2897 animarum
1340 2844 1369 2896 in
1388 2843 1435 2897 illo
1448 2845 1609 2914 purgatorio
1627 2849 1692 2914 post
1704 2846 1775 2898 banc
1793 2843 1879 2899 sitam

186 2926 216 2983 id
228 2932 272 2983 ιιι
288 2944 319 2983 ιι
330 2929 421 2998 ipsum
438 2926 560 2982 servabit
573 2933 603 2983 ιι
621 2944 676 2993 eos,
694 2929 743 2999 qui
755 2928 847 3000 ipsum
862 2929 1018 3000 audierunt.¹
1043 2929 1219 2984 sustinendas
1227 2930 1257 2984 in
1263 2929 1316 2983 hoc
1323 2935 1404 2985 textu
1414 2930 1566 3001 apostolico
1576 2929 1696 2985 describi
1702 2930 1879 2986 arbitrantur.

186 3018 210 3070 ι.
229 3013 302 3071 Tim.
316 3021 349 3082 ι,
363 3032 389 3068 v.
406 3019 446 3070 16.
469 3015 497 3068 si
512 3030 578 3069 aero
594 3015 676 3083 cujus
695 3032 765 3083 opus
779 3024 902 3070 amatum
919 3017 1018 3083 suerit,
1044 3014 1097 3070 Cui
1108 3014 1230 3085 opinioni
1238 3016 1383 3086 sequentia
1391 3015 1574 3071 fundamenta
1583 3015 1759 3085 opponimus.
1781 3016 1881 3087 Llpai·

186 3100 319 3154 dumnum
338 3101 442 3168 faciet,
460 3100 489 3154 id
508 3107 551 3156 ιιι
568 3101 598 3156 in
616 3118 718 3157 vanum
738 3101 905 3158 laboraverit
921 3103 951 3157 in
969 3103 1018 3157 illo
1046 3106 1103 3158 met
1127 3100 1267 3156 Pontificii
1279 3118 1334 3156 non
1346 3103 1523 3158 consentiunt
1534 3102 1564 3155 in
1577 3099 1630 3155 bac
1644 3100 1880 3170 interpretatione.

184 3183 364 3252 instituendo,
383 3185 543 3254 erudiendo,
563 3185 711 3256 hortando,
731 3187 876 3243 monendo.
912 3187 975 3245 Cal.
994 3195 1019 3255 4,
1046 3187 1116 3243 Cum
1126 3187 1200 3242 enim
1208 3186 1374 3242 vocabulum
1386 3190 1461 3257 ipris
1470 3188 1499 3241 in
1508 3193 1585 3241 textu
1592 3186 1742 3257 apostolico
1751 3192 1795 3243 ter
1803 3204 1881 3242 usur·

186 3286 212 3327 ι.
233 3277 279 3328 ιιι
311 3274 410 3327 Metuo
436 3274 472 3325 de
491 3273 581 3340 cobis,
606 3290 640 3327 ne
664 3276 783 3339 frustra
801 3275 948 3344 satipatus
966 3277 1019 3329 mm
1046 3281 1135 3345 petar,
1146 3274 1189 3328 bis
1199 3275 1406 3330 v.13.etaemel
1415 3291 1440 3330 ι.
1453 3281 1491 3331 lb.
1501 3273 1615 3344 quidam
1626 3273 1773 3344 utrobique
1782 3273 1882 3330 intelli·

186 3359 267 3430 apud
283 3375 340 3412 uos.
370 3357 434 3428 Ipse
451 3375 517 3414 vero
533 3359 698 3428 seruabitur,
719 3360 749 3414 id
769 3366 811 3415 est
823 3360 1020 3430 discipulorum
1047 3366 1118 3432 gunt
1129 3361 1221 3425 ionem
1232 3375 1396 3430 corporeum
1409 3377 1444 3415 ac
1454 3360 1630 3413 materialem
1643 3358 1884 3429 posthancvitam

186 3459 253 3498 vera
275 3441 332 3497 fide
359 3445 499 3513 apostasia
526 3462 581 3501 non
600 3444 691 3500 oberit
722 3445 841 3515 doctori,
872 3447 938 3517 quin
961 3447 1021 3517 ipse
1046 3445 1153 3499 animas
1173 3453 1346 3515 exurentem,
1375 3447 1487 3517 quidam
1511 3462 1577 3500 vero
1601 3446 1631 3499 in
1649 3462 1731 3500 versu
1748 3446 1885 3501 duntaxat

187 3534 330 3583 aeternum
352 3535 491 3596 servetur,
516 3528 557 3584 ita
577 3538 669 3585 ιιιιιιι
691 3538 723 3585 ιιι
744 3532 822 3601 quasi
842 3548 897 3601 per
921 3533 1020 3603 ipnem,
1049 3531 1199 3603 posteriore
1212 3530 1284 3585 banc
1302 3531 1534 3603 significationem
1547 3535 1658 3602 urgent,
1670 3530 1699 3585 in
1716 3530 1808 3601 priore
1818 3547 1885 3586 vero

187 3612 217 3667 id
235 3619 279 3668 ιιι
296 3613 320 3666 ιι
338 3614 420 3668 modo
437 3621 466 3668 et
483 3614 543 3683 ipse
560 3613 589 3668 in
612 3617 868 3685 persecutionibus,
893 3616 1020 3672 afflictio·
1050 3617 1239 3685 metapborice
1259 3611 1339 3687 ignis
1359 3633 1458 3671 nomen
1477 3615 1567 3685 accipi
1587 3615 1751 3672 concedunt
1788 3617 1884 3671 Anno-

187 3698 270 3754 nibus
288 3715 322 3753 ac
333 3698 532 3753 tentationibus
549 3702 767 3769 perseveraverit
778 3719 868 3771 usque
885 3702 922 3756 ad
936 3700 1020 3756 finem
1050 3701 1115 3755 tabo
1133 3701 1186 3755 bac
1213 3703 1247 3756 dc
1274 3717 1306 3756 re
1334 3701 1421 3756 rerba
1447 3701 1535 3771 ipsius
1558 3700 1728 3756 Bellarmini.
1766 3701 1884 3772 Quarta,

188 3782 286 3840 Mattb.
306 3788 349 3851 ιι,
368 3800 394 3836 v.
413 3790 437 3839 9.
456 3791 484 3838 ιι
502 3801 580 3855 seqq.
1049 3787 1155 3858 inquit,
1183 3787 1342 3854 difficultas
1366 3795 1420 3857 est,
1450 3789 1513 3857 ouis
1539 3788 1577 3840 sit
1598 3787 1686 3856 ipnis,
1716 3787 1766 3855 qai
1788 3789 1819 3841 in
1837 3790 1885 3842 dis

224 3874 284 3925 259.
320 3874 344 3926 u.
366 3870 421 3925 Per
447 3871 522 3923 ἀιιιι
546 3870 681 3938 cujusque
704 3888 774 3940 opus
797 3873 1021 3940 manifestantem
1051 3873 1170 3928 Domini
1192 3873 1411 3942 uniuscujusque
1440 3890 1511 3941 opus
1534 3872 1673 3940 probabit.
1714 3872 1817 3941 Aliqui
1839 3874 1882 3927 in-

69 3979 94 4007 us
112 3978 140 4006 ns
189 3972 215 4008 r.
235 3960 275 4011 13.
299 3955 483 4010 bellarminus
505 3955 578 4010 diem
603 3954 693 4009 ultimi
709 3956 810 4025 judicii
829 3958 1020 4029 accipiendum
1049 3960 1177 4027 tellipunt
1193 3959 1388 4012 tribulationes
1407 3959 1492 4026 buius
1508 3958 1596 4024 ιιιαι,
1611 3964 1641 4011 ut
1660 3956 1836 4024 Aspustiaus
1855 3967 1884 4012 et

83 4031 133 4109 ἐξ.
190 4057 250 4097 ιιιι
268 4041 380 4108 statuit,
409 4048 431 4095 1.
452 4043 520 4111 quia
541 4042 640 4109 ubique
664 4043 725 4094 dies
742 4044 863 4096 Domini
881 4046 1021 4114 siprrificat
1053 4046 1226 4114 Greporius5
1256 4045 1311 4097 alii
1341 4045 1500 4113 intellipunt
1527 4045 1620 4112 ipnem
1638 4051 1797 4112 aeternumr
1830 4044 1886 4098 aiii

83 4133 94 4161 ⁸
119 4132 155 4163 ¹¹⁸·
189 4127 265 4179 ἀιιιιι
284 4127 380 4180 ultimi
399 4127 512 4195 iudicii.
556 4129 583 4183 2.
608 4126 682 4189 Quia
707 4128 814 4181 dicitur
836 4129 866 4182 in
892 4130 946 4183 itta
965 4132 1021 4193 die,
1048 4133 1178 4185 videntur
1208 4131 1366 4198 intciiipere
1392 4131 1484 4196 ipnem
1514 4129 1746 4198 constuprationis
1774 4131 1884 4194 mundi,

188 4228 243 4279 quo
255 4213 421 4279 desipnutur
434 4231 492 4267 una
504 4221 581 4267 certa
593 4215 732 4282 maedam
745 4214 815 4278 dies,
834 4233 890 4284 qua
900 4217 1021 4270 omnium
1049 4218 1099 4285 qui
1114 4216 1259 4285 judicium
1276 4215 1434 4268 uniuersale
1454 4216 1620 4282 praecedet,·
1650 4215 1705 4269 alii
1723 4215 1885 4284 intellipunt

186 4297 328 4351 bominum
345 4315 434 4367 opera
461 4299 545 4352 simul
563 4301 732 4368 probantur.
773 4301 811 4352 Ar
830 4301 892 4355 dies
912 4303 1022 4391 judicii
1048 4304 1085 4355 de
1099 4299 1383 4371 puens'spurpatorii.
1414 4299 1469 4352 Sed
1481 4298 1564 4353 hasce
1579 4299 1776 4371 explicationes
1788 4317 1884 4357 omnes

185 4383 374 4450 particularis
391 4400 447 4437 noa
464 4393 505 4439 est
522 4403 587 4452 una,
603 4386 655 4437 sed
665 4384 821 4454 multiplea,
838 4403 925 4455 neque
943 4388 974 4441 in
986 4405 1020 4442 ca
1048 4403 1081 4441 ac
1100 4386 1224 4457 singulas
1252 4384 1435 4440 Bellarmiuus
1459 4384 1589 4455 repudiat
1619 4403 1653 4440 ac
1681 4387 1793 4442 tandem
1819 4403 1885 4443 con·

182 4466 343 4536 probantur
368 4471 491 4522 omnium
512 4470 653 4523 bominum
676 4486 772 4538 opera.
812 4473 839 4526 3.
860 4472 933 4535 Quia
951 4473 1020 4527 dicit
1048 4473 1149 4540 cludit,
1179 4472 1338 4543 apostolum
1366 4470 1446 4539 loqui
1475 4473 1511 4525 de
1543 4471 1608 4540 ipae
1638 4472 1728 4526 seueri
1758 4481 1784 4526 et
1811 4472 1885 4541 iusti

187 4554 341 4621 apostolus,
359 4555 422 4607 dies
439 4556 560 4609 Domini
575 4554 744 4623 declarabit,
761 4573 787 4624 a.
808 4558 837 4612 si.
854 4564 921 4611 tunc
940 4569 1020 4612 erunt
1041 4559 1152 4626 judicii
1165 4559 1263 4625 diuini,
1281 4557 1330 4625 aui
1348 4573 1404 4610 uon
1427 4564 1470 4610 est
1496 4556 1570 4621 ipnis
1593 4557 1781 4627 purpuraret
1800 4559 1881 4623 assti-

188 4637 283 4692 omnia
302 4639 428 4692 omnibus
446 4641 600 4709 manifesta
620 4646 643 4696 ι.
662 4639 724 4696 Cor.
742 4647 768 4707 ι,
788 4659 813 4695 v.
830 4647 853 4696 b.
878 4643 912 4696 id
928 4652 1019 4698 arcem
1047 4661 1122 4714 pens,
1140 4646 1192 4697 sed
1205 4643 1334 4712 probans
1348 4650 1374 4695 ct
1388 4643 1559 4704 examinans,
1579 4643 1655 4712 quod
1668 4643 1770 4713 probat
1781 4642 1885 4714 triplici

187 4739 244 4777 non
264 4725 312 4789 fiet
328 4725 386 4778 nisi
395 4726 426 4778 in
436 4727 550 4794 judicio
568 4727 727 4781 nouissimo.
757 4732 781 4779 ι.
799 4725 873 4788 Quia
888 4730 1020 4797 securim,
1048 4730 1169 4793 ratione,
1189 4736 1211 4784 1.
1230 4731 1298 4800 quia
1315 4746 1371 4782 non
1388 4729 1472 4782 otuu
1485 4736 1579 4799 potest
1599 4729 1728 4795 inteilipi,
1746 4732 1886 4797 quomodo

188 4811 257 4878 auia
274 4811 305 4863 in
321 4812 386 4880 ipae
410 4812 560 4868 revelatur.
606 4812 724 4868 Dicitur
747 4812 822 4868 enim
840 4814 902 4868 dics
912 4814 1022 4883 judicii
1048 4815 1122 4885 ipnis
1137 4815 1239 4882 probet
1259 4832 1319 4884 eos,
1345 4815 1396 4884 aui
1415 4832 1516 4870 aurum
1537 4822 1565 4869 et
1582 4821 1727 4882 arpentum
1748 4815 1886 4882 aedifica·

187 4896 311 4951 malari
326 4900 356 4950 in
373 4900 451 4966 ipae,
480 4900 548 4966 quia
572 4899 699 4953 ultimum
718 4899 829 4967 sianum
855 4906 882 4952 et
900 4903 1020 4955 omnium
1047 4909 1129 4968 runt,
1157 4905 1184 4954 2.
1204 4900 1272 4970 quia
1288 4902 1357 4955 baec
1374 4902 1519 4969 sepositis
1530 4899 1635 4968 optima
1652 4900 1777 4954 convenit
1793 4901 1887 4955 rerba

188 4981 367 5037 ιιιιίιιίιιιιιι
396 4985 450 5036 erit
480 4983 666 5052 constupratio
697 4987 780 5039 totius
813 4986 921 5044 mundi.
965 4988 1020 5043 Sed
1048 4987 1186 5057 apostoli,
1214 5005 1276 5055 cum
1300 4990 1357 5042 ait:
1386 4987 1609 5056 assumensque
1628 5003 1711 5055 opus,
1735 4986 1820 5054 annu
1836 4989 1884 5052 sit,

189 5074 314 5140 praestat
331 5085 380 5140 per
393 5069 466 5124 diem
483 5069 536 5126 boc
553 5070 614 5125 loco
632 5070 676 5126 rel
694 5072 848 5142 amaratim
865 5071 1021 5146 intelligere
1049 5073 1123 5142 ipnis
1136 5073 1279 5141 probabit.
1314 5074 1349 5128 Si
1368 5076 1450 5144 cujus
1469 5088 1540 5141 opus
1557 5072 1704 5135 mareri,
1727 5073 1884 5126 mercedem

189 5169 367 5226 progressum
384 5155 530 5237 temporis,
551 5155 597 5210 rel
613 5157 761 5225 speciatim
779 5165 889 5230 tempus
907 5159 1021 5217 tn'bula-
1048 5159 1179 5229 crupta·
1202 5159 1230 5213 si
1250 5161 1332 5229 cujas
1350 5177 1421 5230 opus
1439 5158 1558 5223 arserit,
1579 5157 1772 5212 detrimentum
1787 5159 1884 5228 potie-

188 5239 272 5296 tionis
301 5258 335 5299 ιι
352 5241 538 5314 probationis,
567 5240 597 5296 in
614 5258 670 5313 quo
700 5242 808 5313 οιιιὶι,
835 5259 908 5316 quae
935 5262 1019 5319 super
1047 5254 1102 5302 tur.
1130 5247 1210 5301 Licet
1223 5247 1297 5302 enim
1308 5263 1395 5316 opero
1407 5243 1574 5298 ιιιιιιιιιιι
1585 5244 1621 5298 ab
1634 5245 1725 5300 οιιιιι
1736 5245 1880 5300 bominum

35 5327 103 5379 ”¹¹-
125 5326 174 5378 ω·
188 5327 401 5396 minantum
417 5337 558 5390 minnota
574 5338 648 5403 sunt,
667 5331 889 5405 manifestantur,
908 5337 932 5393 1.
950 5333 1016 5407 quia
1048 5339 1074 5389 st
1105 5332 1170 5404 ipae
1200 5330 1348 5390 nanum
1369 5328 1526 5388 meurs·
1548 5347 1606 5387 noa
1628 5330 1755 5406 possint,
1781 5339 1877 5389 tamen
