4104 6014
200 241 261 300 476
822 226 1052 287 TBAUPATUS
1070 226 1268 287 SECUNDUS

199 389 312 457 ἔχοντος
336 386 451 441 Aristot.
477 385 537 444 libr.
558 391 579 441 2.
598 386 633 441 de
652 384 734 443 anim.
755 393 820 441 toan
842 389 868 444 6.
893 393 934 439 est
951 392 1030 440 actsu
1057 384 1188 454 procella
1211 385 1382 455 dissipatam
1399 386 1443 441 vel
1461 386 1540 440 curie
1557 385 1739 452 dissolutam,
1768 380 1896 437 redactis

197 475 308 542 primus
335 473 532 528 substantialis
561 475 691 544 corporis
723 472 867 544 arpanici,
904 473 1032 543 potentia
1058 477 1085 525 et
1110 472 1250 525 remeatis
1275 473 1402 526 omnibus
1426 473 1554 527 membris
1580 473 1698 526 eandm
1724 485 1811 538 saepe
1830 485 1895 521 con·

198 561 285 613 utam
312 560 446 614 tabentis.
488 559 646 617 Posteriore
673 565 802 631 respectu
829 558 893 614 linis
919 559 1031 631 quidem
1058 557 1200 628 specimus
1227 558 1311 611 etiam
1336 559 1419 613 titsslo
1444 559 1629 613 restitutionis
1657 556 1829 626 ploriantem
1858 555 1894 607 de

201 646 316 703 membri
333 653 376 701 est
392 647 530 717 operatio,
556 651 586 702 st
609 647 658 702 nbi
676 663 711 702 es
727 645 835 713 delicit,
861 663 916 700 non
937 647 1031 701 statim
1059 645 1120 699 Dei
1134 644 1257 708 artificio
1275 652 1299 698 et
1318 644 1439 700 arbitria
1457 654 1483 699 et
1495 645 1565 715 jure
1585 652 1757 713 lorqttemw.
1796 641 1893 694 Porro

199 739 347 803 propterea
366 750 501 806 organum
518 739 561 788 est
580 750 831 804 supervacaneum,
860 733 927 804 quia
951 738 1031 788 actus
1058 733 1086 785 si
1110 730 1189 785 dives
1213 731 1344 784 dominus
1367 738 1393 784 ct
1420 731 1548 786 liberalis
1565 729 1699 799 adfectui
1715 735 1766 783 aut
1781 727 1894 798 ploriae

200 819 314 874 secundi
331 820 450 876 cessatio
468 838 524 875 non
542 820 616 876 tollit
634 828 727 877 sctum
747 821 873 892 primum,
893 834 927 874 sc
945 837 1031 890 agens
1058 833 1127 872 suae
1141 823 1294 886 praestans
1313 816 1404 870 salom
1421 817 1502 870 navis
1520 817 1731 884 restitutionem,
1757 814 1894 868 tunsus

200 904 364 961 instructum
392 913 435 962 est
459 907 571 978 organis
590 924 645 962 non
664 907 752 963 solum
771 907 809 962 ud
827 906 1031 980 exsequendam
1058 920 1120 958 eam
1141 903 1262 956 voluerit
1287 903 1416 972 operari,
1446 903 1553 957 idcirco
1577 911 1606 956 tu
1630 902 1747 971 nepabis
1763 916 1891 954 neeessa-

201 992 395 1062 operationem,
414 991 464 1049 sed
482 992 566 1048 etiam
584 993 621 1048 sd
640 994 782 1064 potentiue
801 994 985 1049 ostensionem
1003 999 1033 1047 et
1058 990 1131 1043 mam
1160 989 1209 1044 illi
1230 989 1423 1059 eompapinem
1446 990 1615 1061 pristinam,
1644 996 1675 1041 ut
1704 988 1805 1042 eunde
1831 987 1891 1054 iam

200 1079 286 1134 totins
304 1078 448 1150 compositi
466 1078 674 1150 perlectionem.
712 1080 790 1135 Elius
808 1085 837 1135 et
853 1079 964 1151 Moyses
982 1095 1032 1150 per
1058 1084 1234 1143 vacaturam,
1261 1092 1323 1128 cum
1349 1074 1406 1128 soli
1431 1076 1520 1129 saluti
1543 1076 1623 1131 naus
1648 1073 1709 1128 sine
1726 1073 1891 1144 operatione

201 1171 235 1222 40
254 1166 313 1222 dies
331 1166 513 1221 ventriculum
532 1184 588 1221 non
607 1166 765 1222 habuerunt
782 1165 902 1232 flustra,
920 1167 985 1222 licet
1000 1182 1033 1222 eo
1059 1163 1227 1216 conveniat!
1253 1160 1347 1231 Ipitur
1373 1161 1425 1215 boc
1450 1170 1554 1216 tantum
1576 1162 1681 1215 duecte
1702 1160 1827 1226 suffieit,
1854 1177 1891 1213 αι

200 1269 257 1306 non
283 1257 434 1310 uterentur.
479 1252 559 1307 Anus
583 1253 700 1319 effoeta,
729 1270 800 1324 quae
830 1272 882 1325 per
905 1260 1032 1309 naturam
1063 1249 1200 1302 Dominus
1219 1248 1356 1302 bominem
1382 1248 1471 1302 saltui
1487 1248 1655 1303 destinando
1675 1263 1788 1301 carnem
1806 1246 1890 1300 desti·

201 1355 257 1393 non
281 1344 374 1409 potest
397 1338 517 1410 emplius
541 1356 639 1410 parere
662 1358 695 1395 ac
712 1341 833 1405 lecture,
865 1358 919 1395 non
940 1347 1033 1396 tumen
1059 1335 1144 1403 aurit,
1161 1352 1198 1388 aa
1215 1336 1331 1389 widem
1349 1334 1416 1389 velit
1434 1336 1525 1389 denuo
1545 1350 1612 1404 esse,
1632 1350 1716 1402 pisam
1733 1350 1791 1386 non
1810 1331 1889 1385 eleba

202 1424 327 1496 privetur
349 1425 482 1481 uberibus
508 1426 552 1482 rel
574 1426 702 1498 partibus
728 1427 915 1498 procreationi
933 1444 967 1482 ec
986 1443 1033 1498 ge·
1060 1421 1102 1474 bis
1128 1438 1161 1476 05⁶
1184 1422 1287 1486 stim
1316 1421 1500 1475 memlrtm
1525 1421 1670 1479 ”viatim
1692 1419 1890 1490 P'Mmfl'm

202 1510 313 1567 sindoni
331 1511 433 1567 sobolis
451 1510 560 1569 dicetis.
597 1513 729 1569 Facultus
757 1513 967 1585 augmentative
985 1513 1032 1568 ho·
1059 1509 1151 1561 deum
1170 1524 1302 1562 essenon
1318 1511 1427 1579 posset
1452 1509 1530 1563 Licet
1543 1509 1616 1562 enim
1634 1523 1692 1561 esse
1711 1507 1784 1576 quid
1799 1508 1891 1560 denuo

151 1640 154 1647 .
201 1598 275 1654 mine
294 1597 330 1651 ud
351 1593 442 1673 inpiis
465 1598 644 1669 perveniente
669 1592 724 1654 non
742 1599 878 1655 aboletur.
913 1598 1033 1663 Quidum
1059 1601 1085 1647 et
1103 1594 1284 1649 nibilominus
1303 1613 1419 1665 vacare,
1451 1614 1507 1649 non
1529 1602 1622 1666 potest
1648 1601 1740 1647 autem
1766 1593 1828 1647 dici
1843 1611 1891 1647 oa·

202 1684 254 1739 boc
272 1684 416 1739 declarant
435 1684 617 1741 similitudine
640 1686 723 1740 ducis
742 1686 870 1755 victoris,
901 1685 1032 1757 quicum
1060 1696 1139 1749 care,
1172 1681 1200 1733 si
1223 1698 1280 1735 non
1302 1682 1348 1738 sit.
1384 1682 1422 1736 At
1446 1682 1519 1736 enim
1541 1682 1569 1735 si
1584 1682 1635 1749 sit,
1662 1680 1769 1749 poterit
1788 1688 1815 1733 et
1833 1696 1891 1733 noa

201 1770 285 1825 rebus
304 1769 332 1825 in
350 1768 424 1825 bello
442 1771 585 1842 praeclare
603 1771 690 1844 puris
709 1770 823 1839 obierit,
847 1770 922 1826 circa
940 1772 1034 1842 sepul·
1059 1783 1180 1835 vacare,
1203 1766 1277 1820 nibil
1299 1767 1372 1821 enim
1397 1770 1478 1837 apud
1499 1769 1593 1822 Deum
1612 1767 1729 1822 vacabit
1767 1782 1827 1836 cup.
1848 1771 1891 1823 61.

203 1873 280 1912 crum
298 1872 376 1910 arma
391 1855 478 1911 habet
495 1847 594 1927 siliis,
624 1855 726 1929 quibus
745 1857 810 1912 olim
829 1875 896 1912 usus
914 1864 971 1924 est;
1000 1873 1034 1910 ac
1059 1870 1087 1924 p.
1106 1857 1167 1908 347:
1199 1853 1258 1907 Sed
1277 1854 1411 1924 accepisti
1428 1855 1509 1908 bomo
1528 1872 1559 1909 os
1577 1855 1618 1908 ad
1633 1855 1792 1908 vorandum
1807 1861 1892 1922 atores

203 1944 316 1997 navium
333 1942 514 2012 militarium,
533 1960 606 2014 quae
623 1950 687 2013 post
707 1952 874 2015 reportatum
891 1942 1034 1998 victoriam
1055 1941 1228 2009 potandum,
1256 1957 1308 1993 eur
1332 1958 1388 1994 non
1413 1941 1508 2010 potius
1536 1943 1578 1994 ad
1600 1940 1799 2010 eloqssendum,
1823 1947 1856 1992 ut
1873 1958 1892 1993 a

204 2048 238 2086 ex
264 2028 333 2083 muri
352 2029 381 2081 in
399 2034 501 2083 terrum
518 2029 716 2099 pertrahuntur
733 2036 762 2086 et
779 2031 925 2084 adrerum
945 2034 1035 2101 gestu·
1061 2027 1160 2079 ceteris
1179 2026 1351 2080 animalibus
1368 2028 1476 2080 dnus!
1495 2045 1545 2080 cur
1564 2044 1621 2080 non
1633 2027 1731 2096 potius
1749 2027 1792 2079 ad
1804 2041 1893 2094 prae-

205 2133 266 2171 rum
284 2115 443 2169 memoriam
460 2114 586 2185 integrae
605 2122 787 2173 asservantur.
1062 2112 1214 2167 dicandum
1246 2115 1353 2180 Deum,
1389 2121 1421 2166 ut
1450 2114 1536 2168 etiam
1564 2114 1722 2168 bominibus
1753 2113 1894 2166 antistes!

242 2207 284 2258 86.
320 2199 508 2256 Tertullianus
524 2198 586 2257 libr.
606 2200 642 2256 de
660 2210 803 2258 resurrect
823 2219 895 2257 cern.
916 2219 975 2273 cap.
994 2207 1035 2256 60.
1062 2201 1191 2269 Denique
1212 2200 1309 2253 Adam
1327 2207 1392 2253 ante
1410 2200 1524 2254 mmina
1540 2200 1711 2254 animalibus
1728 2199 1894 2261 enuntiavit,

205 2308 230 2360 p.
250 2292 308 2343 346.
334 2286 450 2341 eandem
475 2284 660 2357 objectionem
683 2288 775 2343 verbis
800 2289 961 2361 emphaticis
979 2306 1036 2343 sm·
1063 2304 1144 2356 quam
1161 2288 1197 2340 de
1212 2286 1315 2340 arbore
1332 2287 1487 2356 decerpsit,
1518 2287 1686 2341 antestium
1705 2285 1894 2358 prophetavit,

205 2373 357 2445 plificstsm
373 2373 480 2428 recitet
523 2375 616 2441 Ecce,
639 2374 743 2446 inquit,
768 2383 799 2428 ut
816 2376 910 2430 adbuc
928 2383 1036 2430 contro-
1062 2392 1145 2444 quam
1170 2374 1289 2430 onaret.
1327 2373 1386 2428 Sed
1409 2375 1542 2444 accepisti
1565 2376 1661 2428 dentes
1686 2374 1728 2426 ad
1744 2372 1894 2426 macellum

204 2460 325 2515 versiam
343 2467 508 2529 ecapperent
527 2461 610 2514 carni
627 2461 745 2515 aramme
763 2462 861 2528 eidem,
882 2465 918 2517 de
933 2462 1038 2532 officiis
1062 2461 1269 2528 coronandum,
1295 2477 1346 2514 cur
1365 2478 1422 2514 non
1442 2460 1539 2530 potius
1557 2462 1599 2514 ad
1617 2476 1723 2514 omnem
1740 2458 1850 2512 hiatum
1867 2464 1895 2511 et

206 2562 313 2618 auoque
331 2546 514 2599 membrorum
532 2554 773 2616 arpumentantur,
801 2557 851 2603 αιιι
867 2558 894 2603 et
912 2549 976 2619 ipsa
994 2547 1037 2602 di·
1062 2547 1162 2600 riotum
1182 2554 1258 2600 tuum
1275 2548 1489 2601 coronandum!
1517 2564 1568 2601 cur
1585 2564 1641 2600 non
1654 2547 1753 2616 potius
1772 2547 1814 2600 ad
1829 2544 1895 2615 pul·

206 2640 298 2689 centes
318 2649 487 2702 permanere
505 2633 605 2687 debere
622 2634 652 2687 in
670 2634 729 2688 suis
747 2637 877 2706 operibus
894 2645 921 2690 et
938 2636 1038 2699 fructi·
1063 2651 1111 2687 sus
1129 2633 1244 2702 liupuae
1265 2635 1475 2703 temperandos,
1499 2635 1541 2686 ad
1558 2634 1634 2687 vocis
1653 2627 1788 2687 articulos
1806 2633 1895 2703 offen·

207 2722 265 2788 bus,
283 2725 314 2772 ut
332 2718 423 2771 eidem
442 2718 620 2786 corpulentia
639 2719 794 2790 adsmipta,
813 2731 864 2776 aut
882 2723 951 2790 quia
972 2739 1037 2775 con·
1063 2720 1141 2773 sione
1160 2720 1338 2788 sipnandosl
1355 2720 1473 2789 denique
1491 2727 1516 2773 et
1534 2720 1677 2774 sumtum
1693 2719 1767 2773 audi
1781 2727 1807 2773 et
1820 2720 1895 2785 vide,

208 2813 274 2873 stet,
302 2802 461 2859 discessura
481 2821 539 2858 esse
558 2804 658 2869 officia
677 2807 875 2873 membrorum,
894 2808 1038 2879 corpulen-
1064 2814 1094 2859 ut
1119 2806 1221 2860 bonori
1249 2808 1308 2860 oris
1332 2813 1359 2859 et
1386 2823 1522 2876 arpanum
1550 2807 1673 2860 dentium
1699 2822 1821 2876 quaeras
1841 2810 1896 2860 etc.

92 2910 149 2954 nx.
163 2909 193 2951 ss.
207 2893 278 2946 tiam
298 2907 406 2961 pioque
424 2892 559 2955 uadunt,
594 2892 675 2959 cujus
698 2892 806 2947 salust
825 2895 1038 2964 perseverantia
1067 2895 1194 2949 Ceterum
1214 2899 1239 2946 et
1256 2892 1340 2946 bodie
1357 2910 1461 2947 vacare
1479 2892 1618 2946 intestinis
1635 2899 1660 2945 et
1670 2892 1814 2962 pudendis
1828 2893 1896 2946 lice·

209 2980 351 3033 credenda
369 2996 425 3031 non
442 2978 494 3042 sit,
526 2978 621 3047 utique
646 2980 707 3032 sine
727 2981 871 3049 membris,
903 2983 969 3050 quia
988 2998 1039 3035 nec
1066 2979 1126 3032 bit!
1156 2977 1355 3048 Quadrapinta
1378 2979 1474 3031 diebus
1497 2978 1612 3046 Moyses
1632 2985 1657 3032 et
1675 2977 1761 3031 Elias
1778 2978 1897 3047 jejunio

209 3066 334 3119 membra
353 3064 496 3117 credenda
513 3063 570 3116 sint
586 3065 646 3118 sine
664 3067 778 3132 officiis.
810 3067 869 3130 Quo
884 3069 957 3121 enim
969 3069 1040 3138 jam,
1065 3066 1157 3129 functi
1174 3065 1235 3118 solo
1252 3066 1316 3118 Deo
1337 3064 1500 3134 alebantur,
1523 3065 1585 3133 iam
1604 3073 1668 3118 tunc
1685 3065 1758 3118 cuim
1778 3064 1897 3118 dedica-

210 3151 352 3221 inpuiunt,
380 3150 515 3218 spelunca
538 3149 607 3203 baec
632 3152 693 3205 oris
716 3160 742 3206 et
766 3154 892 3207 dentium
909 3155 994 3209 matio
1013 3163 1039 3210 et
1066 3154 1157 3220 bunc,
1180 3168 1237 3204 non
1262 3153 1293 3204 in
1306 3168 1385 3221 pane
1408 3151 1475 3204 vivit
1493 3151 1586 3213 bomo,
1613 3151 1666 3204 sed
1684 3149 1714 3202 in
1727 3151 1788 3205 Dei
1803 3151 1897 3208 verba

210 3239 292 3307 pulae
318 3237 415 3306 lapsus
439 3246 466 3289 et
487 3236 635 3305 compitum
654 3239 792 3294 stomachi
812 3248 838 3293 et
859 3241 921 3294 alvi
938 3259 1040 3312 parpes
1067 3242 1140 3293 Ecce
1158 3238 1269 3291 virtutis
1293 3238 1411 3302 suturae
1429 3237 1607 3290 lineamenta.
1644 3238 1705 3291 Nos
1724 3254 1846 3306 quoque,
1866 3243 1899 3290 ut

210 3334 236 3380 et
256 3324 449 3379 intestinorum
478 3324 615 3393 perplexa
638 3326 814 3394 proceritas,
847 3344 909 3381 cum
935 3329 997 3383 esui
1015 3338 1042 3383 et
1063 3341 1227 3395 possumus,
1253 3341 1273 3377 a
1296 3323 1355 3377 cibo
1373 3340 1545 3391 cremamus,
1577 3321 1661 3376 etiam
1681 3339 1776 3376 seeum
1792 3342 1813 3377 a
1833 3341 1899 3378 con·

208 3412 293 3481 potui
308 3411 388 3465 locus
404 3427 460 3463 non
477 3409 553 3463 erit!
581 3426 635 3480 quo
664 3409 829 3480 bujsssmodi
848 3413 972 3467 membm
989 3417 1041 3469 ad·
1067 3411 1208 3482 pressione
1234 3410 1421 3465 subducimus.
1464 3410 1536 3472 Quot
1563 3410 1705 3479 spadones
1722 3410 1899 3464 voluntarii!

212 3499 337 3561 mittunt,
367 3495 512 3565 campani,
539 3496 700 3561 resolvunt,
728 3498 872 3564 dividunt,
901 3501 1041 3571 diperunt,
1068 3507 1133 3571 quot
1149 3497 1271 3567 vispines
1290 3496 1400 3551 Cbristo
1418 3497 1593 3550 maritatae!
1616 3503 1682 3565 quot
1699 3496 1809 3551 steriles
1826 3496 1900 3551 utri·

212 3584 347 3653 spectaui
376 3598 431 3652 pua
463 3598 563 3634 manus
590 3582 670 3653 ipsae
697 3591 723 3636 et
746 3585 834 3653 pedes
862 3593 889 3639 et
915 3587 1043 3656 operarii
1067 3602 1154 3655 usque
1172 3593 1293 3638 natrsrae
1311 3583 1496 3649 infructuosis
1518 3581 1689 3651 penitalibus
1705 3584 1828 3638 stnscti!
1864 3582 1902 3637 Si

212 3671 314 3740 quique
331 3675 424 3735 artus,
440 3684 502 3720 cum
519 3667 606 3721 cutus
626 3668 710 3722 etiam
730 3686 801 3724 eura
819 3672 958 3725 cessabit!
989 3691 1043 3743 quo
1069 3679 1093 3727 et
1124 3671 1169 3724 bic
1193 3672 1259 3740 jam
1287 3686 1390 3725 vacare
1421 3677 1461 3723 est
1485 3678 1512 3723 et
1533 3669 1632 3735 osticia
1657 3677 1685 3723 et
1712 3671 1899 3724 emolumenta

212 3772 293 3810 renes
311 3754 417 3808 conscii
432 3753 567 3806 seminum
585 3754 737 3823 etreliqua
755 3757 921 3825 penitalium
938 3761 1043 3814 utrius·
1069 3759 1252 3812 membrorum
1277 3755 1428 3825 temporali
1445 3757 1605 3826 vacatione,
1635 3764 1668 3809 ut
1693 3756 1723 3810 in
1747 3756 1902 3827 temporali

213 3858 266 3912 que
283 3857 365 3895 secus
382 3847 409 3893 et
426 3846 605 3908 conceptuum
624 3841 752 3896 stabulae
771 3849 798 3896 et
817 3844 931 3898 uberum
939 3847 1044 3915 fantes,
1070 3845 1267 3915 dispositione,
1299 3860 1349 3896 nec
1379 3843 1460 3897 bomo
1491 3850 1584 3896 tamen
1611 3844 1704 3896 minus
1730 3844 1828 3898 salmis
1851 3849 1901 3908 est,

214 3930 363 3982 decessuro
389 3926 535 3979 concubitu
552 3933 578 3979 a
593 3927 674 3992 foetu
694 3935 721 3981 et
736 3929 877 3984 educatu!
900 3939 1043 4000 postremo
1089 3931 1189 3986 roinde
1209 3930 1318 3984 bomine
1340 3929 1418 3983 salvo
1445 3936 1470 3982 et
1495 3929 1607 3999 quidem
1632 3930 1721 4000 mapis
1739 3937 1803 3983 tunc
1821 3936 1852 3983 ut
1869 3931 1900 3983 in

215 4032 269 4086 quo
297 4019 382 4067 totum
406 4029 509 4082 corpus
532 4019 617 4067 totum
640 4013 747 4068 scilicet
770 4020 958 4071 vacaturum!
991 4018 1044 4075 Re·
1070 4025 1187 4072 aeterna
1206 4015 1397 4086 dispositione,
1415 4015 1506 4084 mapis
1519 4033 1575 4069 non
1584 4015 1815 4082 desiderabimus,
1829 4032 1902 4086 qnae

215 4099 333 4174 spondet
350 4106 443 4154 uutsm
460 4097 512 4153 hoc
533 4099 629 4154 modo:
652 4099 702 4154 Ad
724 4101 794 4158 baec
811 4106 1045 4177 praestruximus,
1069 4105 1131 4173 iam
1151 4104 1195 4158 bic
1214 4119 1269 4155 non
1288 4101 1451 4156 duiderare
1476 4103 1674 4158 consuevimus.
1708 4118 1770 4173 cap.
1788 4106 1836 4158 bt:
1868 4102 1903 4158 Si

215 4206 271 4242 non
289 4194 416 4258 oportere
433 4185 568 4240 committi
582 4187 746 4251 futurorum
760 4197 843 4258 atquc
854 4193 1045 4261 praesentium
1071 4190 1168 4262 anpeli
1187 4190 1268 4258 sacti
1285 4198 1418 4258 tanquam
1435 4190 1560 4244 bomines
1577 4190 1608 4243 in
1626 4191 1724 4244 eadem
1743 4190 1901 4244 substantia

216 4274 415 4344 dispositiones
432 4273 618 4326 intercessura
636 4280 701 4328 tune
719 4276 908 4332 demutatione
927 4286 953 4332 et
972 4296 1045 4332 nunc
1071 4278 1188 4348 spiritus
1219 4277 1362 4331 carnalem
1394 4275 1591 4331 tractationem
1622 4284 1819 4349 cresceperunt,
1851 4293 1902 4329 cerr

215 4360 446 4433 superstruimus,
472 4359 571 4428 officia
594 4361 650 4414 ista
674 4362 857 4418 membrorum
874 4365 1045 4419 necessitati·
1071 4383 1127 4418 non
1154 4372 1180 4417 et
1209 4363 1332 4417 lominus
1355 4363 1437 4430 sacti
1465 4370 1598 4432 tanquam
1622 4363 1720 4433 anpeli
1743 4364 1774 4417 in
1801 4366 1902 4417 eadem
1915 4373 1984 4420 unt

217 4448 266 4501 bus
284 4448 358 4500 vitae
376 4445 461 4514 liujus
479 4461 510 4498 eo
535 4463 621 4515 usque
643 4449 806 4519 consistere,
831 4452 919 4506 donec
937 4459 963 4505 ct
980 4451 1045 4524 ipsa
1071 4452 1228 4507 substantia
1244 4450 1341 4505 carnis
1358 4450 1537 4520 spiritualem
1554 4452 1669 4505 subeant
1687 4450 1902 4520 dispositionem

215 4535 274 4588 vita
299 4533 492 4596 transferatur
517 4550 536 4585 a
559 4534 767 4603 temporalitate
793 4537 824 4589 in
847 4537 1044 4606 aewrnitatem,
1070 4559 1127 4596 non
1151 4540 1243 4610 mapis
1267 4538 1428 4593 solennibus
1451 4538 1547 4593 carnis
1570 4538 1683 4593 obnoeii
1705 4538 1755 4592 sub
1772 4538 1901 4609 anpelico

216 4622 287 4674 sicut
312 4619 437 4672 animale
462 4636 564 4688 corpus
586 4619 615 4672 in
639 4620 803 4691 spirituale,
834 4625 901 4677 dum
924 4609 1231 4688 mortalelindumento
1249 4643 1332 4696 priam
1349 4625 1446 4695 anpeli
1467 4631 1531 4680 tunc
1547 4624 1708 4680 solennibus
1721 4625 1902 4697 spiritussub

216 4707 293 4761 illud
309 4706 405 4758 induet
424 4704 670 4771 immortalitatem,
689 4715 715 4761 et
732 4707 796 4778 ipsa
815 4718 905 4763 autem
923 4711 1046 4765 liberata
1071 4715 1211 4769 bumana!
1229 4717 1281 4767 etc.

216 4802 281 4848 truce
298 4792 358 4847 vita
376 4809 396 4845 a
414 4790 635 4857 aeemsdmibus,
665 4792 857 4849 liberabuntur
877 4804 904 4850 et
923 4796 1046 4851 memma
1107 4806 1147 4857 87.
1184 4799 1333 4862 Quaeritur
1351 4803 1376 4852 3.
1409 4796 1539 4868 Corpora
1563 4798 1732 4851 renmcitata
1755 4798 1838 4866 cujus
1855 4798 1983 4894 fugem·

216 4882 251 4935 ab
268 4879 387 4949 officiis,
415 4894 465 4931 nec
490 4877 555 4931 ideo
578 4896 634 4932 non
659 4887 741 4934 errent
763 4881 930 4936 necessaria.
967 4881 1046 4937 Licet
1071 4896 1153 4942 terrae
1182 4886 1238 4940 sint
1265 4886 1414 4939 staturae!
1454 4881 1637 4939 Schmaltnius
1669 4888 1741 4938 cont
1773 4881 1845 4955 disp.
1876 4852 1984 4945 tulli

216 4968 289 5022 mim
306 4964 412 5033 ‘’fficffl
430 4963 596 5031 limem,
619 4967 671 5021 ted
682 4967 807 5036 judiciis
827 4970 997 5040 retinentur,
1015 4978 1045 5024 ut
1070 4978 1173 5044 poster.
1196 4971 1307 5027 Frsntz.
1324 4988 1351 5041 p.
1369 4977 1429 5027 415.
1455 4969 1626 5039 quaestionis
1648 4970 1726 5024 illius
1744 4969 1903 5041 tiseolopiae
1915 4956 1984 5049 {¹3:2¹2

215 5056 327 5119 referat
344 5052 406 5123 quis
421 5068 477 5121 per
493 5068 604 5121 corpus,
618 5061 707 5123 prout
725 5055 817 5123 pessit.
844 5053 960 5110 &laum
973 5057 1046 5110 enim
1071 5059 1212 5114 studiosos
1234 5059 1346 5126 pudere
1369 5057 1468 5110 debere
1486 5055 1589 5111 scribit.
1629 5055 1684 5111 Sed
1702 5054 1755 5111 hoc
1775 5057 1904 5127 procedit
1915 5059 1984 5101 Μ

217 5143 352 5198 bominem
384 5137 509 5193 tribunal
536 5139 597 5192 Dei
627 5140 725 5212 eripit,
756 5142 864 5196 salvum
891 5160 957 5197 vero
986 5145 1046 5197 sine
1072 5162 1105 5200 ex
1123 5145 1195 5200 falsu
1213 5142 1377 5215 hypothesi,
1407 5142 1481 5214 quod
1509 5158 1566 5197 non
1592 5142 1688 5198 endem
1713 5157 1830 5213 corpora
1847 5120 1984 5201 sinim

217 5229 346 5285 membris
363 5244 419 5281 non
437 5224 502 5280 licet
521 5240 587 5293 esee,
608 5242 642 5279 eu
661 5244 779 5296 quornm
792 5247 849 5283 non
863 5230 978 5300 officiis,
996 5232 1047 5284 sed
1071 5232 1268 5288 resuscitanda.
1315 5237 1335 5288 l.
1359 5228 1535 5284 Lombndus
1558 5235 1582 5284 4.
1612 5233 1679 5286 sent.
1711 5229 1835 5286 distinct
1861 5239 1904 5289 44.

216 5314 380 5371 substantiis
397 5319 513 5378 corsstat,
529 5312 588 5366 nisi
596 5313 680 5380 sorte
703 5322 728 5368 et
746 5333 843 5370 navem
864 5317 924 5371 sine
936 5318 1046 5387 carina,
1072 5319 1110 5374 lit.
1128 5337 1153 5378 a.
1170 5317 1268 5387 refert,
1294 5319 1371 5386 quod
1397 5315 1528 5371 nonnulli
1550 5316 1783 5382 existimaverint,
1808 5335 1905 5373 omnes

217 5406 278 5458 sine
290 5420 400 5473 prora,
423 5401 484 5455 sine
500 5400 607 5470 puppi,
631 5399 691 5454 sine
711 5403 885 5472 compapinis
901 5405 985 5458 totius
1005 5406 1046 5458 in·
1070 5405 1168 5471 fideles
1193 5411 1400 5458 resurrecturos
1425 5404 1578 5456 sumendum
1598 5419 1756 5457 menssuam
1775 5410 1906 5459 mauras

218 5489 378 5544 colrrrnitate
407 5489 518 5542 salvam
546 5486 740 5554 adseverabis,
774 5496 801 5543 et
832 5496 925 5544 tantm
948 5509 1060 5547 navem-
1074 5492 1186 5561 Olsristi,
1204 5489 1241 5546 ad
1258 5490 1332 5563 quod
1349 5489 1524 5559 probandum
1543 5489 1777 5546 accommodarint
1796 5489 1906 5547 dictum
