4104 6014
919 209 971 266 DE
991 204 1130 273 MORTE.
1806 219 1866 278 253

168 370 261 417 numm
284 364 490 433 posterioritas
508 365 595 434 prior
618 366 729 421 01010100
753 366 919 437 simpliciter
935 385 1002 436 pro·
1032 388 1096 423 nor
1126 366 1269 439 ὑπηρέται.
1315 374 1340 426 3.
1359 367 1405 424 Illi
1431 367 1524 439 potius
1547 383 1644 441 preces
1666 366 1818 422 vivendum
1836 366 1865 421 in

168 449 298 514 10111100,
317 451 386 519 qaia
404 451 431 503 si
447 451 607 525 indiperent
625 453 717 506 000010·
734 471 807 507 noea
823 453 1002 514 revelatione,
1027 455 1108 510 terris
1126 455 1234 527 piorum
1253 455 1345 527 angeli
1365 453 1500 521 deferunt,
1518 470 1601 526 quem
1621 454 1674 524 ipsi
1693 453 1777 509 etiam
1793 451 1859 507 edo·

168 536 285 589 00010010
306 553 364 590 000
390 537 430 590 ita
452 539 589 591 audacter
614 539 720 593 diceet
743 539 868 594 omnibus
886 539 1002 606 0000110,
1028 548 1098 596 rant
1126 541 1214 612 Atqui
1232 541 1325 612 angeli
1344 540 1481 596 neminem
1499 539 1652 595 nisisolum
1662 538 1752 595 Deum
1768 555 1864 593 verum

168 629 248 675 orate
260 639 317 691 pro
333 623 427 688 00110,
454 625 506 678 sed
519 631 627 692 peteret
644 625 802 694 aliquando
828 644 846 679 a
865 627 943 691 Deo,
971 632 1002 676 ut
1028 626 1863 698 0100001010110000010100101000.1101100021,

168 709 208 761 eie
226 709 364 763 revelaret
381 727 479 779 preces
495 718 674 765 nortraeete.
689 713 835 782 posterior
853 719 894 765 eet
912 711 1003 780 mapis
1029 731 1055 768 v.
1074 719 1098 770 9.
1143 713 1219 784 Ergo
1237 713 1288 769 soli
1307 712 1381 777 Deo,
1407 731 1463 769 non
1488 720 1582 768 antem
1608 712 1710 767 sanctis
1729 710 1866 767 detmefis

167 797 285 849 idoneum
302 797 344 848 od
363 797 565 850 convincendae
584 798 755 863 1000011000,
773 798 911 853 rationem
929 788 1018 871 enimi
1031 816 1126 869 preces
1151 802 1258 871 piorum
1284 801 1313 854 in
1339 800 1419 855 terris
1449 799 1541 854 adhuc
1563 799 1715 855 viventium
1739 797 1866 854 offerunt

167 883 342 951 superiorem
369 881 542 938 Ouirinietae
559 902 614 939 non
638 885 794 955 resipiant,
821 887 926 954 quippe
955 884 1005 953 qui
1033 894 1057 943 1.
1075 887 1119 943 Ne
1136 886 1189 957 ipsi
1214 886 1327 959 quidem
1346 886 1440 957 angeli
1465 885 1576 942 occulta
1593 885 1718 942 cordium
1738 884 1866 957 introspi-

167 976 284 1039 putant,
322 977 434 1023 enectos
475 987 531 1023 non
565 972 662 1024 0101000
699 973 792 1025 Deum
829 979 891 1024 ante
929 971 1005 1023 diem
1033 988 1095 1028 cere
1111 979 1236 1043 possunt,
1256 990 1323 1044 ergo
1343 974 1426 1027 etiam
1444 990 1499 1027 000
1518 979 1634 1044 possunt
1652 989 1686 1028 00
1702 972 1738 1026 ad
1757 976 1866 1026 sanctos

167 1055 290 1124 iudicii,
317 1056 389 1109 bane
422 1063 512 1109 autem
544 1057 666 1124 rejicere
697 1075 752 1111 non
776 1065 907 1126 poseant,
938 1074 1004 1109 nam
1034 1060 1149 1114 deferre.
1194 1060 1260 1114 dam
1292 1076 1358 1114 vero
1385 1076 1481 1132 preces
1508 1059 1616 1115 occulto
1645 1057 1735 1114 cordis
1761 1057 1865 1129 gemitu

169 1142 281 1195 etiamsi
297 1143 388 1196 saneti
411 1161 467 1197 000
490 1144 618 1197 uiderent
645 1147 752 1214 Deum,
776 1144 870 1198 adbuc
892 1151 1012 1214 possent·
1032 1146 1200 1218 quandoque
1226 1152 1406 1218 peraguntur.
1466 1153 1488 1202 5.
1523 1145 1553 1201 si
1592 1146 1686 1216 angeli
1718 1145 1800 1201 modo
1828 1143 1865 1199 ad

169 1229 210 1281 es's
229 1229 354 1283 revelari
367 1246 468 1299 precer
485 1238 609 1299 nestrae,
626 1231 698 1285 sicat
716 1231 762 1285 hie
779 1231 809 1284 ie
826 1230 912 1285 terris
928 1246 1004 1282 reve·
1031 1233 1123 1287 coelos
1142 1233 1334 1298 adscendunt,
1361 1233 1443 1288 modo
1467 1232 1533 1288 inde
1558 1232 1596 1286 ad
1617 1249 1668 1286 nos
1686 1231 1865 1299 descendunt,

170 1315 311 1371 iubentur.
341 1317 545 1388 Argumentum
558 1316 611 1372 hoc
631 1324 691 1373 esto
707 1316 838 1388 papistici
855 1333 1004 1371 consensus
1031 1338 1086 1374 non
1113 1326 1179 1374 sunt
1208 1320 1312 1392 ubique
1340 1325 1515 1390 praesentes,
1545 1318 1661 1389 proinde
1689 1324 1778 1374 status
1804 1318 1865 1385 iste,

170 1407 316 1473 tantopere
349 1403 547 1473 depraedicati.
600 1409 625 1460 1.
649 1403 726 1457 Medi
757 1403 799 1457 illi
824 1419 922 1459 revera
950 1401 1004 1457 sibi
1031 1424 1112 1478 quem
1139 1405 1263 1462 homines
1290 1408 1319 1463 in
1344 1407 1424 1462 terris
1441 1407 1566 1462 virentes
1584 1405 1725 1469 obtinent,
1754 1405 1865 1476 quando

168 1489 287 1544 invicem
306 1496 491 1560 opponuntur.
531 1489 561 1544 Si
588 1490 662 1545 enim
688 1490 777 1544 000011
801 1489 894 1545 omnia
912 1489 1004 1544 sciunt
1030 1493 1059 1549 in
1077 1493 1184 1548 coelum
1203 1495 1262 1564 jam
1289 1494 1508 1563 adscenderunt,
1536 1510 1592 1547 non
1622 1499 1665 1547 est
1690 1491 1758 1562 ipsis
1773 1499 1864 1547 notus.

168 1591 202 1629 ex
220 1574 349 1630 beatifica
366 1575 420 1630 Dei
438 1576 558 1641 visione,
585 1577 682 1647 ntique
708 1593 764 1630 non
784 1581 827 1631 est
844 1593 914 1646 opus
933 1592 1004 1631 nova
1029 1579 1219 1635 Damascenus
1246 1580 1265 1634 l.
1293 1585 1318 1636 1.
1344 1577 1417 1637 brth.
1446 1579 1494 1637 fid.
1521 1597 1545 1634 0.
1572 1584 1600 1635 3:
1621 1586 1808 1653 asptypamos
1836 1582 1865 1633 oi

14 1670 106 1712 xum.
121 1669 155 1710 11.
169 1661 348 1727 revelatione,
364 1667 394 1716 01
410 1662 471 1716 rice
490 1678 578 1717 versa.
625 1660 697 1717 Item
720 1661 743 1715 si
764 1661 853 1716 sancti
870 1678 904 1716 ex
921 1677 1005 1732 ange·
1030 1662 1154 1739 ἄγγελοι,
1170 1666 1214 1721 ὅτε
1246 1662 1300 1739 γάρ
1326 1669 1444 1724 0100010
1467 1665 1592 1737 οὐρανῷ,
1620 1661 1671 1719 οὒκ
1694 1665 1864 1739 0100010οῇ

177 1747 266 1802 lorum
295 1748 428 1803 relatione
448 1765 495 1812 ea,
524 1764 595 1818 quae
615 1746 644 1800 in
661 1747 742 1803 terris
761 1755 908 1819 geruntur,
926 1747 1005 1802 intel·
1030 1757 1064 1825 γῇ
1089 1757 1135 1807 καὶ
1159 1758 1200 1816 εἰς
1231 1753 1283 1819 τὴν
1305 1757 1358 1823 γῆν
1383 1752 1438 1807 ὑπὸ
1460 1754 1528 1806 00οῦ
1559 1751 1791 1825 ἀποστελλόμενοι
1814 1749 1864 1805 οὐκ

174 1834 280 1905 ligunt,
306 1849 362 1888 000
381 1833 434 1889 erit
459 1851 544 1904 opus,
573 1833 668 1889 aDeo
696 1850 792 1905 preces
810 1841 917 1889 nostras
937 1833 1004 1905 ipsis
1029 1840 1253 1913 ἐναπομένουσιν
1273 1840 1303 1896 ἐν
1322 1843 1360 1909 τῷ
1379 1837 1497 1913 οὐρανῷ.
1529 1845 1553 1894 1.
1568 1839 1687 1894 Animae
1704 1838 1812 1910 piorum
1829 1854 1862 1895 ex

171 1919 303 1984 1111611111,
329 1920 442 1991 quando
460 1920 681 1977 ’1111101ὶο00
728 1920 856 1992 Denique
877 1918 1004 1975 01000011
1029 1924 1156 1980 haesita
1176 1926 1361 1994 discedentes,
1387 1943 1456 1997 quas
1482 1925 1569 1997 aliqui
1594 1942 1650 1980 una
1672 1942 1735 1980 cum
1755 1924 1862 1996 angelis

171 2005 233 2060 ideo
259 2013 432 2076 cognoscunt
450 2022 494 2060 res
519 2005 669 2076 humanas,
698 2006 765 2078 quia
782 2008 852 2061 mira
882 2007 1002 2078 quedam
1030 2013 1059 2065 in
1094 2011 1146 2066 hoc
1176 2011 1314 2066 referendi
1344 2011 1435 2067 officio
1465 2013 1639 2083 conjungunt
1665 2029 1721 2066 non
1748 2018 1865 2082 possunt

168 2093 310 2149 celeritate
329 2097 445 2148 naturae
465 2093 669 2164 quodammodo
695 2098 760 2148 sunt
784 2093 888 2165 ubique
908 2100 937 2148 et
953 2110 1004 2164 per
1029 2098 1092 2169 plus
1118 2097 1235 2162 referre,
1269 2115 1352 2170 quam
1386 2098 1486 2153 sciunt.
1538 2097 1626 2169 Atqui
1659 2097 1723 2152 illae
1755 2103 1864 2154 tuntum

170 2196 201 2235 se
221 2179 338 2234 audiunt
355 2197 452 2250 preces
468 2181 693 2252 supplicantium,
710 2180 807 2252 utique
824 2197 876 2236 000
892 2180 1004 2252 angelo·
1028 2191 1131 2239 norunt
1168 2184 1331 2256 praeteritas
1370 2191 1399 2240 at
1443 2191 1616 2256 praesentes,
1663 2200 1718 2238 000
1769 2191 1862 2239 autem

170 2283 232 2320 rum
251 2266 399 2335 relatione,
418 2283 470 2321 neo
487 2266 622 2336 peculiari
641 2267 737 2322 divina
756 2267 924 2322 revelatione
943 2283 1003 2322 eam
1029 2269 1138 2325 suturas
1157 2270 1309 2326 viventium
1333 2270 1515 2329 calamitates.
1559 2275 1583 2326 8.
1603 2270 1639 2324 Et
1658 2269 1726 2341 qnid
1745 2269 1863 2324 multis?

168 2353 204 2407 ad
233 2370 292 2408 rem
321 2369 391 2423 opus
420 2353 479 2408 erit
525 2359 550 2409 ³.
569 2353 646 2409 Modi
663 2354 704 2409 illi
734 2371 828 2410 omnes
854 2360 883 2409 et
900 2353 1003 2425 singuli
1029 2357 1214 2412 Bellarminus
1251 2358 1311 2428 ipse
1348 2357 1423 2412 hunc
1462 2356 1574 2413 modum
1613 2355 1749 2427 repudiat
1804 2357 1864 2410 Nee

169 2448 234 2496 sunt
257 2439 399 2514 ἄγραφοι,
430 2456 520 2512 neque
545 2442 618 2496 enim
647 2443 833 2497 Bellarminus
859 2459 892 2496 ex
921 2441 1002 2496 dictis
1028 2444 1133 2512 ampeli,
1151 2443 1250 2514 inquit,
1269 2460 1319 2497 nec
1339 2444 1437 2498 beatae
1450 2446 1562 2498 animae
1577 2443 1688 2497 etiamsi
1699 2451 1864 2512 praesentes

74 2534 80 2541 '
168 2528 330 2599 Scripturas
355 2543 401 2583 eos
419 2528 533 2598 probat,
563 2528 613 2583 sed
640 2545 673 2583 ex
699 2536 809 2600 patrum
829 2527 1001 2600 quorundam
1026 2531 1096 2600 sint,
1130 2538 1247 2601 0000001
1284 2547 1449 2600 0000000000
1479 2531 1650 2584 naturaliter
1684 2547 1784 2600 preces
1813 2547 1861 2584 no·

166 2614 341 2686 opinionibus
371 2619 399 2670 et
431 2613 624 2685 probabilibus
660 2614 836 2687 conjecturis.
884 2620 908 2672 1.
938 2613 1001 2669 Non
1025 2624 1109 2684 strae,
1145 2619 1260 2687 0000010
1292 2616 1356 2671 0010
1393 2617 1562 2685 capitatione
1602 2633 1724 2674 oramus.
1784 2615 1858 2687 Ergo

166 2701 300 2773 probatur
319 2717 353 2756 ex
372 2700 448 2756 hisee
466 2702 555 2756 modis
575 2701 729 2773 principale
741 2702 908 2772 quaesitum,
925 2701 1000 2772 quod
1025 2703 1123 2757 modus
1158 2702 1344 2774 cognoscendi
1377 2719 1411 2758 ex
1446 2702 1607 2775 angelorum
1643 2703 1777 2758 relatione
1815 2708 1998 2765 0011110111

167 2799 221 2858 001,
251 2806 287 2844 au
308 2789 395 2844 000011
425 2789 548 2844 defuncti
565 2790 622 2845 sint
652 2791 790 2860 omniseii,
819 2789 1001 2845 omniscentie
1025 2787 1204 2845 insufficiens.

168 2878 273 2933 scilicet
286 2892 333 2943 ea,
364 2891 437 2946 qnae
462 2876 609 2948 religiosae
634 2876 817 2931 invocationis
837 2875 999 2930 00110οἀ0-
1060 2879 1119 2931 313.
1155 2879 1182 2932 2.
1203 2876 1249 2930 De
1266 2874 1439 2944 aequalitate
1456 2893 1518 2928 oum
1535 2875 1646 2943 anpelis
1664 2874 1695 2927 in
1715 2874 1856 2929 celerima
1870 2874 1890 2915 ‘²-
1904 2873 1937 2916 ¹³0

166 2969 298 3018 mentum.
341 2963 414 3018 Nam
432 2962 456 3016 si
481 2963 526 3017 vel
547 2962 665 3017 maxime
683 2961 771 3017 sancti
792 2962 881 3016 multa
898 2976 999 3034 cogno-
1024 2970 1145 3015 naturae
1172 2960 1319 3014 mersum.
1353 2961 1381 3014 in
1411 2959 1511 3032 hodeg.
1541 2960 1559 3017 l.
1595 2965 1634 3017 13.
1660 2977 1684 3016 0.
1708 2965 1738 3017 3:
1759 2960 1859 3016 Sancti
1871 2929 1986 3021 11331110

167 3056 250 3104 00001
266 3050 311 3104 vel
334 3065 367 3105 ex
390 3049 551 3120 angelorum
577 3048 725 3117 relatione,
756 3047 801 3103 vel
831 3065 865 3103 ex
882 3042 999 3102 naturae
1024 3056 1105 3102 erum
1124 3044 1283 3119 ἰσάγγελοι,
1307 3046 1388 3116 atqui
1409 3047 1505 3117 ampeli
1528 3055 1631 3101 norunt
1650 3064 1696 3101 res
1714 3049 1858 3112 tumeres,
1871 3031 1971 3123 13133

167 3136 323 3206 eeleritate,
346 3136 391 3190 sel
410 3152 443 3190 ex
462 3134 596 3205 peculiari
622 3134 677 3189 Dei
702 3133 884 3205 revelatione,
905 3140 999 3189 100000
1025 3135 1094 3192 Luc.
1125 3141 1169 3198 15,
1197 3153 1233 3190 v.·
1248 3133 1330 3190 111.11
1377 3133 1590 3205 respondemus,
1619 3140 1642 3190 1.
1668 3140 1779 3189 0000100
1811 3133 1857 3188 de·
1870 3136 1940 3228 aff:
1952 3145 1993 3176 ³⁸·

167 3239 222 3277 000
249 3227 397 3294 propterea
422 3227 488 3276 0001
514 3219 648 3276 omniscii.
699 3220 728 3276 Si
749 3220 793 3275 rel
820 3220 937 3275 maxime
969 3221 998 3273 10
1022 3220 1132 3277 functos
1149 3227 1226 3276 certo
1246 3228 1373 3293 respectu
1391 3237 1503 3277 essese
1526 3221 1586 3276 fore
1611 3225 1773 3292 toayyttoor
1789 3220 1858 3293 legi-

165 3310 227 3364 Deo
252 3309 348 3364 rident
374 3308 467 3362 omniu
497 3323 515 3361 a
547 3306 683 3377 principio
716 3322 784 3361 snae
809 3305 999 3376 beatitudinis,
1023 3326 1099 3379 mus,
1130 3308 1179 3364 sed
1207 3307 1282 3379 quod
1310 3305 1400 3376 1σότης
1439 3308 1488 3362 illa
1519 3307 1651 3362 consistet
1680 3307 1709 3362 in
1745 3307 1858 3378 speciali

163 3403 257 3452 100100
286 3394 409 3449 nondum
439 3393 507 3465 ipsis
535 3392 669 3463 competit
695 3392 902 3458 omniscientis,
931 3393 998 3464 quia
1022 3394 1146 3449 omnium
1163 3412 1255 3450 rerum
1270 3394 1370 3449 notitia
1378 3394 1507 3466 nuspiam
1518 3394 1645 3465 legimus.
1675 3399 1698 3448 2.
1713 3392 1857 3464 Scriptura

165 3484 275 3554 ipsimet
292 3480 431 3537 Pontificii
455 3479 580 3548 addunt,
608 3478 683 3550 quod
706 3486 876 3550 cognoscant
900 3479 928 3534 in
945 3479 997 3534 hoc
1023 3480 1116 3552 potius
1127 3480 1294 3536 0001000100
1316 3486 1442 3551 testatur,
1461 3489 1572 3535 sanctos
1590 3480 1695 3536 scilicet
1713 3479 1859 3535 defunctos

164 3568 279 3640 speculo
296 3584 343 3631 00,
373 3583 445 3639 qnae
474 3567 511 3620 ed
535 3566 610 3636 ipsos
637 3565 730 3637 aliquo
754 3565 836 3621 modo
852 3565 998 3639 pertinent
1025 3568 1152 3639 ignorare
1167 3567 1250 3639 hujus
1271 3566 1367 3622 mnndi
1386 3573 1415 3620 01
1438 3582 1544 3636 rerum,
1568 3581 1639 3637 quae
1657 3565 1685 3619 10
1705 3581 1737 3620 00
1752 3581 1853 3635 gerun-

165 3653 402 3719 Quemadmodum
418 3652 503 3724 igitur
515 3650 868 3707 Bellarminuseecundum
886 3653 997 3707 modum
1024 3662 1078 3720 tur,
1099 3659 1210 3713 statum.
1256 3653 1307 3708 Est
1324 3670 1390 3724 ergo
1408 3652 1454 3708 hic
1473 3652 1571 3707 modus
1589 3668 1644 3706 non
1661 3651 1750 3706 solum
1770 3648 1856 3726 ἄγρα·

164 3741 263 3796 evsrtit
291 3739 345 3794 hoe
377 3747 550 3810 argumento,
579 3737 616 3792 ad
651 3738 862 3808 cognoscendas
892 3756 996 3810 preces,
1025 3761 1093 3813 poe,
1123 3739 1173 3794 sed
1194 3738 1277 3794 etiam
1301 3737 1480 3811 ‹lsrtypnpoe
1529 3744 1553 3795 ³.
1582 3737 1626 3795 Ne
1659 3738 1712 3810 ipsi
1743 3737 1856 3810 quidem

163 3844 235 3899 qnae
254 3826 350 3882 eodem
362 3832 486 3896 tempore
505 3823 616 3878 fiuntin
630 3823 823 3879 diversissimis
846 3823 923 3892 loeis,
940 3843 995 3880 non
1025 3825 1118 3897 augeli
1141 3843 1191 3896 per
1215 3824 1384 3882 celeritatem
1402 3831 1517 3879 naturae
1545 3830 1611 3879 sunt
1640 3824 1780 3894 omniscii,
1806 3841 1858 3880 nec

162 3912 264 3968 suffieit
279 3911 414 3981 celeritas,
433 3911 483 3966 sed
497 3910 647 3983 requiritur
659 3926 726 3966 vera
739 3911 893 3982 ubiquitas,
913 3928 996 3983 quam
1025 3913 1274 3983 omnipraesentes,
1312 3917 1344 3966 ut
1379 3911 1465 3982 paulo
1499 3918 1563 3982 post
1601 3910 1857 3977 demonstrabimus,

160 4017 212 4056 uec
239 3998 416 4068 angelorum,
443 4015 494 4054 nec
518 3998 659 4053 hominnm
683 3997 826 4069 spiritibus
851 3999 998 4054 convenire
1025 4015 1092 4071 ergo
1112 3995 1289 4069 loeyystdsqr
1307 3999 1452 4054 beatorum
1474 4014 1531 4052 000
1548 4004 1641 4069 potest
1658 3997 1688 4053 in
1705 3998 1758 4052 hoc
1775 3998 1858 4054 tertio

161 4085 314 4155 credimns3
332 4084 373 4139 ita
385 4086 481 4140 modos
493 4084 555 4140 illos
567 4101 662 4139 omnes
677 4085 827 4141 evertimus
843 4085 897 4141 hoc
915 4103 997 4158 argu·
1024 4085 1237 4158 comparationis
1259 4085 1383 4141 membro
1406 4084 1521 4140 institui.
1562 4091 1587 4141 1.
1605 4083 1793 4155 Ἰσαγγελότης
1809 4084 1858 4140 illa

161 4180 268 4229 manto:
287 4171 324 4226 ad
335 4172 541 4243 cognoscendas
555 4188 659 4243 preces,
680 4189 753 4244 qnae
764 4172 862 4228 eodem'
875 4177 998 4242 tempore
1023 4190 1080 4229 000
1099 4180 1142 4229 est
1160 4172 1335 4228 extendenda
1355 4173 1430 4227 ultra
1455 4170 1525 4226 illud
1552 4170 1677 4238 tertium,
1703 4171 1732 4225 10
1746 4188 1802 4243 qno
1822 4170 1859 4226 ab
1912 4207 1918 4221 .

160 4258 232 4314 fiunt
249 4258 278 4312 in
297 4257 489 4313 diversissimis
506 4257 574 4312 locis
592 4263 677 4329 atque
687 4258 826 4313 interdum
838 4259 896 4314 solo
906 4258 998 4314 cordis
1024 4259 1086 4331 ipso
1117 4258 1225 4313 Christo
1256 4257 1440 4314 mustiusitur.
1497 4258 1535 4312 In
1563 4259 1769 4311 resurrectione
1798 4276 1854 4312 non

162 4348 268 4419 gemitu
292 4353 475 4417 peraguntur,
501 4362 556 4400 000
581 4344 686 4399 sufficit
713 4344 886 4416 quarundam
905 4362 997 4400 rerum
1024 4333 1302 4415 nubentnm'nuptm‘
1312 4344 1453 4399 dabantur
1467 4353 1533 4414 1000
1546 4343 1668 4400 esurient
1682 4360 1734 4399 000
1745 4343 1858 4412 sitient),

162 4432 286 4501 00100110,
306 4433 356 4488 0οᾶ
370 4432 521 4504 requiritur
538 4448 606 4487 sera
625 4430 824 4499 omniscientis,
842 4448 927 4502 qnam
946 4447 998 4487 uec
1023 4435 1075 4488 sed
1094 4432 1263 4487 0000101001
1281 4431 1379 4502 ampeli
1393 4431 1453 4484 Dei
1470 4428 1568 4484 Matth.
1588 4434 1634 4500 ²2,
1662 4447 1688 4488 v.
1708 4435 1748 4486 ³0.
1792 4432 1858 4486 Non

161 4520 270 4592 angelis
277 4561 285 4589 ,
305 4537 357 4575 nec
369 4519 515 4574 animabus
534 4519 670 4590 separatis
689 4517 837 4573 convenire
853 4518 998 4574 credimus.
1020 4528 1154 4592 poterunt
1174 4519 1299 4589 amplius
1317 4518 1405 4581 mori,
1432 4524 1497 4570 aaut
1518 4519 1593 4570 enim
1622 4513 1765 4587 ἰσάγγελοι
1789 4517 1856 4573 Luc.

31 4622 52 4665 1.
67 4624 102 4664 ns
197 4613 256 4663 322.
291 4606 436 4676 10000010
460 4612 484 4662 1.
505 4609 537 4660 de
561 4605 699 4661 relatione
720 4621 777 4675 per
802 4605 931 4673 ampelos,
955 4621 997 4659 re·
1024 4614 1072 4674 20,
1098 4626 1122 4664 v.
1142 4611 1184 4663 36.
1227 4605 1304 4677 Ergo
1323 4612 1452 4676 respectu
1467 4604 1640 4676 quarundam
1657 4606 1857 4677 proprietatum

31 4676 97 4768 ζῖοιζ,
110 4738 151 4778 ῃ,
162 4694 338 4765 spondemus,
370 4692 524 4763 tangelos
553 4709 568 4747 e
594 4691 671 4748 00010
701 4691 868 4746 descendere
897 4697 926 4746 et
957 4692 993 4746 ad
1024 4694 1100 4749 beati
1118 4699 1200 4748 eruut
1217 4694 1324 4766 angelis
1347 4691 1492 4765 aequales,
1521 4709 1577 4747 non
1606 4698 1700 4747 autern
1728 4692 1857 4763 respectu

30 4780 136 4827 ”⁸⁰¹01·
163 4781 270 4837 coelum
288 4779 456 4834 adscendere
481 4778 613 4848 legimus,
643 4778 719 4849 quod
747 4784 841 4834 antem
868 4776 920 4832 hoc
940 4776 995 4832 fine
1024 4780 1108 4835 0111011
1128 4780 1261 4850 angelici,
1287 4779 1363 4851 quod
1388 4778 1544 4849 specialiter
1572 4777 1627 4833 illis
1652 4778 1856 4849 demandatum,

161 4866 343 4936 adscendent,
360 4871 434 4920 utet
450 4880 542 4918 rerum
560 4870 715 4919 nostrarum
734 4870 845 4933 statum,
862 4872 891 4920 et
900 4880 998 4935 preces
1023 4875 1054 4922 ut
1079 4866 1186 4921 scilieet
1212 4866 1268 4921 sint
1288 4865 1529 4919 administratorii
1559 4866 1676 4934 spiritum
1707 4866 1786 4919 missi
1815 4867 1858 4921 ad

159 4960 268 5008 0001000
286 4952 390 5007 sanctis
409 4950 546 5007 defunctis
565 4951 701 5021 referant,
725 4951 760 5006 de
777 4967 810 5005 eo
829 4951 896 5005 nihil
917 4951 995 5023 quid·
1023 4953 1238 5007 ›ninistrandum
1257 4951 1333 5020 illis,
1357 4951 1408 5020 qui
1427 4951 1609 5004 hereditatem
1633 4951 1774 5005 0001001000
1792 4969 1856 5006 con·

159 5056 242 5111 quam
261 5038 385 5111 legimus.
415 5037 467 5092 Est
480 5055 547 5108 ergo
566 5036 612 5093 hic
626 5036 874 5111 modusdypnpoc.
901 5042 925 5092 1.
941 5039 996 5093 Per
1022 5039 1146 5094 serutari
1162 5047 1225 5092 rant
1240 5037 1325 5093 Hebr.
1350 5044 1374 5110 1,
1392 5055 1419 5093 v.
1440 5043 1479 5093 14.
1515 5037 1654 5093 “sinoti
1671 5037 1785 5092 coelites
1800 5055 1856 5093 non

159 5125 322 5182 descensum
340 5132 369 5181 et
385 5125 549 5180 adscensum
567 5124 647 5179 illum
664 5123 821 5196 angelicum
834 5123 904 5179 nihil
917 5125 994 5181 aliud
1023 5145 1072 5199 per
1091 5125 1183 5181 omnia
1199 5125 1249 5180 sed
1268 5124 1420 5180 secundum
1440 5123 1507 5195 quid
1530 5131 1611 5180 erunt
1628 5124 1735 5196 angelis
1753 5141 1855 5196 aequa·

158 5212 325 5284 intelligitur
359 5228 443 5284 quam
482 5210 624 5266 assiduum
655 5215 684 5265 et
719 5210 889 5266 indefessum
925 5212 995 5266 illud
1022 5214 1070 5269 les.
1104 5212 1226 5267 Thomas
1244 5213 1274 5267 in
1291 5229 1316 5268 0.
1337 5217 1378 5267 21.
1399 5209 1513 5266 blatta:
1535 5213 1629 5264 Erunt
1646 5211 1753 5265 similes
1770 5228 1856 5280 anpe-

159 5299 358 5365 ministerium,
382 5298 457 5371 quod
475 5297 536 5352 Deo
554 5303 582 5353 et
599 5296 757 5351 hominibus
774 5302 930 5367 praestent,
954 5298 995 5353 illi
1022 5301 1309 5370 nequissimarum
1330 5305 1410 5351 eruat
1435 5315 1454 5350 0
1475 5296 1665 5367 passionibus.
1710 5299 1782 5351 Item
1807 5299 1858 5369 qui

160 5386 273 5458 quidem
285 5387 465 5459 pertendam
475 5386 641 5456 praeconia,
655 5385 698 5438 his
711 5401 776 5439 vero
788 5401 838 5455 per
850 5388 994 5440 essetodiae
1022 5386 1124 5440 liabent
1153 5388 1276 5440 animum
1305 5378 1443 5439 elevatum
1474 5401 1494 5437 a
1517 5383 1714 5455 pusionibus,
1749 5385 1856 5440 similes

161 5475 269 5545 officia,
290 5488 354 5529 cum
368 5472 425 5528 sint
443 5476 490 5528 0οῦ
508 5476 576 5527 θεοῦ
594 5472 738 5527 ἐπαινέται
748 5475 794 5526 aul
810 5475 866 5526 seis
886 5470 995 5546 100001-
1021 5481 1085 5527 eunt
1102 5473 1224 5543 sepelis,
1237 5472 1388 5543 passiones
1407 5479 1509 5540 autem,
1528 5487 1600 5540 quae
1619 5471 1709 5540 mapie
1726 5456 1856 5538 efficiunt
