4104 6014
234 339 294 396 390
837 326 961 384 Locus
977 326 1183 387 mersurus
1202 328 1349 387 SEXTUS

234 501 301 555 tatis
330 499 432 570 repetit
462 497 607 554 Johannes
637 497 712 553 Bosa
741 498 881 568 professor
910 497 1071 554 academiae
1101 482 1157 538 ¹⁸⁰¹
1186 487 1218 539 iu
1243 485 1316 539 ”⁰⁸²¹
1342 483 1439 550 pm,
1471 498 1541 555 (ιω
1563 499 1625 553 Jam
1647 497 1699 552 W
1721 479 1822 534 mulii*
1845 493 1934 535 Μ·

236 584 390 642 Jenensis
382 601 412 638 ιι
431 583 551 670 quadam
568 584 700 640 oratione.
1099 569 1175 626 Vitae
1197 576 1327 641 peractae
1351 587 1430 626 meae
1447 570 1483 625 ad
1503 575 1531 624 te
1550 569 1625 625 facio
1642 566 1802 638 languiditate
1821 564 1936 636 quidem

1099 663 1130 712 at
1150 656 1263 727 segnius
1289 673 1373 727 quam
1396 656 1509 726 spiritus
1528 672 1606 711 meus
1628 655 1689 726 ipse
1706 652 1852 724 probare
1844 669 1874 707 ιι
1891 669 1937 707 me

298 812 305 829 ,
404 758 443 820 Ε.
468 757 504 821 R.
525 756 561 822 P.
582 755 726 823 morituri
750 753 901 840 precatio.
1084 740 1207 881 ffb
1233 741 1396 880 ’Ὑωθθῡ
1414 758 1464 812 per
1477 749 1560 881 stum
1577 741 1701 879 wlff
1716 738 1854 881 {inite
1868 737 1939 879 ᾗ

274 908 344 965 Tu
348 925 413 964 vero
433 908 528 976 Deus,
557 906 681 963 infinitae
701 907 903 962 misericordiae
921 912 950 962 et
966 906 1087 979 philanw
1084 843 1413 1011 iilycliuriirerrlicsmulguutenlrl,
1431 843 1527 984 1illiga:
1543 842 1674 1008 ἓᾟοοοῗιι
1694 842 1870 976 ἓιιιίἱιοιι,
1889 909 1940 980 qni

239 996 380 1067 thropiae,
409 995 468 1051 Rex
496 998 525 1050 et
543 993 662 1049 Domine
680 992 772 1049 Sionis
788 999 869 1060 tuae,
899 991 947 1063 qui
967 999 1010 1047 est
1026 1010 1074 1063 ρο·
1086 1014 1162 1123 *sum
1180 1004 1208 1051 et
1225 997 1286 1067 ipsa
1306 1014 1379 1051 unus
1397 1014 1429 1052 er
1448 996 1567 1050 minimis
1585 996 1660 1064 tuis,
1683 995 1732 1052 sed
1751 1001 1817 1049 tuus
1835 999 1939 1060 tamem

240 1082 325 1154 pnlus
344 1082 467 1137 fidelium
484 1086 601 1147 tuorum,
621 1095 654 1136 ex
673 1095 729 1151 quo
745 1095 798 1150 ago
816 1077 900 1133 etiam
918 1095 1073 1146 unaarum,
1088 1100 1183 1163 cujus
1201 1080 1417 1180 languidafidas
1439 1089 1489 1151 est,
1506 1083 1555 1138 sed
1573 1081 1644 1137 fidas
1660 1089 1761 1136 tamen
1799 1077 1942 1135 Confirma

243 1175 293 1224 tua
316 1167 408 1239 gratia
435 1184 511 1223 mera
540 1173 644 1238 tuoque
663 1165 785 1236 gratuito
802 1163 938 1220 beneficio
956 1171 984 1219 at
1004 1138 1091 1219 dono*
1101 1168 1174 1224 banc
1199 1165 1268 1222 mihi
1290 1167 1344 1231 sic,
1372 1184 1407 1222 na
1430 1166 1571 1236 dubitem,
1598 1183 1642 1222 me
1665 1165 1748 1221 etiam
1766 1164 1861 1220 statim
1878 1169 1943 1235 post

242 1250 1077 1329 tnoprorsus,inhccnatus,iuhuncatecooptatua,vocatus
1104 1260 1232 1318 mortam,
1256 1252 1368 1324 quando
1393 1252 1542 1324 emigrabit
1561 1253 1676 1323 spiritus
1693 1269 1786 1321 meus,
1812 1251 1942 1322 inceptu·

243 1344 422 1407 atevocatus‚
442 1344 474 1392 ut
493 1339 545 1393 sim
563 1342 592 1412 et
605 1353 730 1392 maneam
749 1337 777 1390 in
789 1335 920 1391 fidelibus
932 1335 997 1400 tuis,
1014 1352 1078 1391 cou-
1104 1358 1167 1395 rum
1186 1346 1277 1394 tecum
1298 1355 1366 1395 esse.
1409 1339 1548 1394 Memento
1566 1339 1620 1393 mei
1637 1338 1769 1394 memoria
1785 1337 1941 1392 mirericor-

244 1443 303 1482 scrs
323 1425 434 1493 horum,
455 1423 510 1479 fide
527 1424 556 1478 in
573 1429 601 1479 te
619 1439 690 1490 maa,
710 1438 781 1493 quae
801 1421 927 1490 quemvis
945 1420 1079 1492 languide
1106 1426 1169 1481 diae
1191 1433 1272 1490 tuae,
1302 1424 1456 1481 oDomine
1471 1425 1549 1480 Deus
1566 1424 1651 1480 Pater
1667 1423 1736 1480 Jesu
1754 1422 1861 1478 Christi
1877 1422 1943 1477 Filii

244 1511 274 1567 in
294 1527 338 1566 me
357 1516 408 1578 est,
428 1510 498 1565 fides
518 1515 562 1565 est
578 1517 713 1576 tamena
734 1525 769 1563 ne
786 1507 960 1563 obliviscaris
978 1507 1032 1562 mei
1050 1506 1079 1561 in
1106 1512 1148 1566 tui
1174 1515 1203 1566 et
1227 1517 1340 1582 propter
1361 1509 1437 1566 hunc
1463 1517 1557 1565 noster
1578 1509 1679 1579 Pater,
1705 1510 1783 1565 Dens
1800 1509 1890 1564 Filius
1914 1515 1944 1564 et

245 1597 451 1652 calamitatibus
467 1596 551 1663 meis,
576 1612 594 1650 ο
612 1594 687 1649 adsis
702 1593 771 1648 mihi
787 1593 841 1649 hoc
859 1598 999 1665 tempore,
1024 1608 1081 1664 quo
1107 1599 1185 1653 Dens
1203 1603 1299 1651 sancte
1314 1595 1444 1666 Spiritus,
1461 1595 1540 1651 Deus
1557 1595 1638 1651 unice
1656 1596 1686 1650 in
1704 1595 1794 1650 tribus
1811 1596 1944 1665 personia,

247 1698 389 1754 nunquam
413 1681 480 1735 mihi
504 1680 593 1752 magia
617 1679 671 1735 fuit
694 1695 765 1750 opus
790 1694 843 1750 ope
860 1684 924 1747 tut,
952 1677 1080 1732 morienti
1108 1701 1194 1738 unum
1212 1682 1281 1746 tria,
1313 1682 1368 1736 tria
1384 1699 1479 1738 unum.
1526 1681 1596 1737 Jasu
1613 1681 1778 1747 Redemtcr,
1808 1680 1945 1746 Salvator,

243 1771 304 1839 jam
330 1773 360 1823 et
382 1767 552 1822 conflictanti
579 1783 642 1821 cum
668 1771 757 1820 morte
780 1771 809 1820 et
836 1763 985 1821 mortiferis
1005 1763 1081 1819 dolo·
1109 1769 1207 1842 σῶτερ,
1238 1767 1347 1821 dimitte
1365 1783 1475 1821 servum
1493 1772 1572 1821 tuum
1590 1766 1619 1820 iu
1635 1782 1718 1837 paca,
1742 1765 1886 1822 redemisti
1900 1781 1945 1820 me

249 1853 326 1908 ribus
351 1853 434 1908 animi
459 1860 488 1907 et
511 1852 643 1923 corporis.
680 1850 821 1906 Confirma
845 1849 972 1920 spiritum
990 1864 1082 1904 meum
1110 1853 1187 1909 Deus
1213 1851 1312 1907 fidelis.
1352 1851 1386 1906 In
1416 1867 1514 1906 manas
1541 1857 1605 1905 tuas
1627 1850 1790 1906 commendo
1817 1851 1945 1923 spiritum

251 1939 358 2012 Spiritu
382 1946 430 1995 tuo
454 1944 551 1993 sancto
574 1938 706 1993 adverada
730 1943 847 1992 conatus
870 1940 899 1991 et
916 1936 1083 1992 tentationes
1111 1955 1210 1993 meum.
1250 1936 1342 1994 Hodie
1357 1937 1409 1991 sim
1428 1943 1519 1992 tecum
1538 1936 1677 1992 oChrista
1694 1937 1724 1991 in
1740 1936 1871 2008 paradiso
1888 1943 1946 2005 tuo,

251 2025 369 2094 ιιιιοι,
398 2043 433 2080 ne
464 2024 576 2080 uasat
605 2022 675 2079 suas
699 2038 774 2092 msa,
808 2022 856 2095 qur
879 2027 1024 2077 consens
1055 1990 1148 2080 ulau
1164 2023 1233 2080 rora
1250 2023 1345 2078 moras
1362 2039 1454 2092 mese,
1478 2028 1635 2094 sumpse
1654 2022 1817 2094 emigranea
1832 2021 1946 2094 ιριιιιι

253 2130 297 2169 me
315 2118 343 2167 at
358 2111 516 2167 corroborat
535 2110 730 2182 promissiones
747 2108 845 2164 salutis
856 2114 930 2177 tuac,
950 2114 982 2163 ut
994 2125 1084 2178 parse-
1113 2110 1166 2165 mai
1185 2110 1237 2164 sim
1253 2115 1359 2174 tecum,
1382 2109 1418 2163 sit
1436 2109 1550 2178 spiritus
1569 2125 1661 2177 maus,
1688 2108 1781 2163 anima
1797 2125 1874 2178 mea,
1897 2107 1947 2179 qui

255 2215 346 2254 veram
361 2199 488 2266 {manere
517 2198 546 2251 in
578 2202 607 2252 te
637 2211 725 2265 nsque
754 2195 790 2249 ad
818 2194 910 2250 finam
944 2194 1030 2251 Sonat
1057 2195 1086 2250 in
1113 2214 1174 2250 sum
1199 2212 1267 2267 ago,
1298 2210 1386 2265 usque
1405 2194 1442 2248 ad
1458 2194 1687 2250 resurrectionem
1705 2195 1829 2264 corporis
1849 2193 1904 2250 mei
1919 2199 1948 2249 et

256 2284 369 2340 auribus
397 2282 479 2352 mais,
521 2282 602 2336 iterat
629 2279 816 2336 indesinenter
837 2279 956 2350 Spiritus
973 2286 1088 2335 sanctus
1113 2289 1211 2353 postea
1239 2279 1304 2334 inde
1325 2279 1417 2334 animo
1444 2286 1472 2334 et
1496 2295 1610 2350 corpora
1635 2284 1711 2334 totus
1736 2279 1766 2334 in
1781 2285 1841 2335 tctc
1861 2295 1947 2351 regno

254 2378 318 2425 tuus
344 2385 406 2424 mec
431 2367 541 2438 spiritui
573 2367 602 2422 in
632 2366 714 2421 corde
745 2381 824 2435 mac,
855 2365 989 2437 illoquera
1015 2366 1088 2421 hanc
1114 2372 1163 2422 tuo
1191 2372 1304 2421 aeterno
1333 2365 1362 2419 in
1389 2369 1542 2422 aeternum.
1570 2365 1670 2422 Arnen.
1704 2364 1854 2435 Responde
1880 2363 1948 2419 mihi

255 2455 405 2511 salutarem
426 2469 521 2509 vocem
539 2453 567 2506 in
586 2467 751 2519 cormeum,
769 2450 880 2506 inculca
896 2451 922 2506 ei
939 2450 988 2507 fiat
1000 2458 1087 2517 tuum,
1114 2451 1276 2506 inclamanti
1295 2457 1324 2505 ιο
1343 2449 1396 2505 Fili
1413 2449 1467 2505 Dei
1487 2450 1556 2507 Jesn
1578 2450 1702 2519 Christe,
1720 2450 1791 2505 itera
1809 2449 1948 2522 migranti,

256 2541 302 2595 dic
328 2555 390 2594 meo
414 2538 525 2610 spiritui
543 2543 592 2592 tuo
609 2536 715 2609 Spiritu
733 2553 828 2592 vocem
848 2536 921 2592 hanc
938 2544 1015 2592 tuam
1033 2537 1088 2593 lae·
1115 2555 1163 2594 oro
1181 2537 1294 2602 iterum,
1320 2552 1415 2592 vocem
1433 2543 1509 2591 tuam
1528 2536 1557 2590 in
1577 2536 1692 2592 auribus
1710 2537 1794 2606 mais,
1819 2535 1849 2590 in
1865 2535 1948 2591 corde

255 2626 389 2682 tissimum
419 2628 448 2679 et
479 2622 628 2678 salutarem
661 2622 856 2678 consolationis
889 2629 968 2678 tuae:
996 2622 1088 2678 Hodie
1115 2639 1177 2679 meo
1195 2622 1310 2679 verbum
1328 2629 1418 2678 tuum:
1448 2622 1538 2679 Hodie
1557 2623 1610 2678 eris
1629 2639 1735 2678 mecum
1756 2622 1786 2676 in
1805 2622 1946 2693 paradiso!

256 2728 363 2768 mecum
390 2710 443 2765 eris
469 2708 498 2763 in
525 2708 662 2779 paradiso.
694 2706 773 2772 Quod
800 2708 882 2763 nnius
907 2708 998 2764 fidelis
1024 2709 1090 2765 fidei
1115 2717 1148 2765 ut
1174 2725 1265 2765 meum
1291 2725 1353 2778 cor,
1381 2725 1458 2763 meus
1485 2709 1599 2780 spiritus
1625 2708 1695 2764 haec
1722 2708 1844 2765 sentiant
1862 2715 1891 2764 et
1905 2715 1947 2762 te·

255 2797 325 2852 dicis
350 2802 379 2850 et
402 2793 532 2867 precibus
557 2793 721 2864 respondes,
751 2793 779 2848 id
804 2792 874 2849 dicis
893 2801 922 2849 et
940 2795 1089 2865 respondes
1115 2799 1201 2851 aeaut
1224 2795 1262 2850 ad
1286 2799 1438 2850 οιιιοιιιιι
1460 2810 1549 2865 usqua
1572 2800 1601 2849 et
1623 2800 1780 2865 perseverat
1807 2793 1947 2866 usquead

255 2881 397 2949 omnibus,
422 2887 450 2936 et
473 2879 593 2952 partinet
617 2877 655 2933 ad
673 2878 797 2951 singulos
816 2885 845 2934 et
861 2879 1016 2949 universos,
1041 2881 1088 2953 qui
1116 2878 1199 2936 finem
1218 2879 1288 2935 fides
1307 2895 1384 2948 maa,
1403 2884 1434 2934 ut
1452 2895 1595 2951 nunquam
1613 2896 1632 2934 a
1650 2884 1678 2934 ιο
1696 2878 1810 2934 divellar
1825 2878 1855 2933 in
1874 2877 1948 2934 omni

255 2984 344 3040 aeque
368 2965 461 3038 diligis
487 2965 630 3020 universos
654 2969 725 3020 tuos.
769 2963 849 3027 Quod
874 2966 1013 3036 promittis
1038 2967 1087 3022 mi·
1117 2965 1287 3023 aeternitate.
1322 2965 1369 3018 Ad
1392 2964 1465 3020 hanc
1490 2981 1585 3021 vocam
1607 2973 1684 3020 tuam
1710 2965 1812 3037 migret
1835 2963 1948 3036 spiritus

255 3054 330 3109 nimo
356 3069 390 3108 ax
412 3051 541 3107 fidelibus
567 3049 621 3105 tuis
656 3048 724 3103 mihi
753 3049 837 3104 etiam
856 3050 1009 3121 promittis,
1039 3053 1088 3124 qui
1116 3068 1193 3107 meus
1213 3067 1308 3107 amen·
1329 3050 1422 3107 Hodie
1439 3067 1547 3106 mecum
1565 3052 1619 3106 eris
1641 3051 1668 3106 iu
1687 3050 1825 3121 paradiso

256 3160 318 3197 sum
342 3140 425 3197 etiam
448 3139 508 3208 ipsa
527 3153 561 3192 ax
578 3136 647 3205 tuis,
673 3151 840 3207 quocunque
858 3137 935 3207 loco;
962 3155 1053 3211 neque
1070 3157 1088 3195 a

256 3236 284 3284 ιο
307 3225 471 3324 magnitudo
496 3224 611 3295 culpae,
638 3221 687 3278 sed
711 3223 898 3293 poenitentiae
922 3230 951 3279 et
975 3241 1087 3281 conver·
1115 3226 1264 3312 Epistola
1294 3223 1509 3292 consolatoria
1537 3223 1578 3290 D
1611 3224 1636 3289 Ι
1669 3222 1707 3289 G.
1736 3223 1780 3289 ad
1811 3223 1950 3291 amicum

256 3313 340 3368 sionis
360 3311 430 3367 fides
448 3317 477 3366 et
493 3310 595 3365 veritas
610 3307 763 3380 respicitur.
809 3307 947 3363 Confirma
964 3327 1008 3366 me
1025 3311 1088 3382 Spi·
1337 3326 1477 3392 letaliter
1497 3333 1728 3408 aegrotantem

256 3399 312 3454 ritu
338 3405 400 3465 tuo,
428 3401 460 3451 ιι
486 3402 514 3449 ιο
531 3409 631 3465 sequar
647 3400 809 3448 evocantem
825 3392 905 3449 firma
922 3393 1010 3450 fida'
1002 3413 1032 3450 ιι
1049 3396 1088 3452 lo

256 3502 320 3540 cum
346 3500 423 3552 eum,
448 3481 496 3537 ubi
517 3481 624 3535 furatur
641 3478 755 3550 spiritus
771 3494 849 3534 maus
869 3487 1021 3551 conspectu
1039 3488 1088 3540 tuo
1150 3479 1178 3536 S.
1205 3478 1364 3536 clarissime
1387 3478 1439 3534 Vir
1467 3477 1589 3550 mihique
1615 3478 1697 3550 longe
1723 3478 1877 3547 carissime,
1911 3479 1951 3534 al-

257 3579 285 3627 et
303 3568 502 3625 consuetudine
518 3572 566 3620 tua
586 3571 615 3621 et
628 3563 827 3621 consolationes
843 3565 979 3636 percipiat
997 3569 1086 3625 Abra·
1117 3566 1204 3621 latum
1230 3564 1328 3620 estad
1346 3581 1404 3633 ma,
1428 3564 1457 3617 in
1474 3563 1625 3619 recidivam
1643 3569 1672 3620 te
1689 3564 1819 3621 incidisse
1837 3581 1871 3620 ac
1888 3582 1952 3636 gra·

256 3654 378 3710 hemicas
403 3653 431 3708 in
455 3652 548 3725 quiete
569 3657 597 3706 et
620 3666 690 3720 paca
715 3655 744 3705 et
761 3649 822 3704 sinu
839 3650 904 3706 fidei
923 3659 952 3708 οι
967 3659 1088 3710 contam-
1115 3652 1186 3707 viter
1203 3651 1314 3707 omuino
1333 3649 1507 3707 decumbere.
1535 3648 1623 3705 Doleo
1640 3656 1715 3706 certa
1734 3668 1766 3706 ex
1784 3651 1878 3706 animo
1894 3669 1953 3707 non

255 3740 379 3812 plutione
397 3737 504 3811 gratiae
528 3742 557 3793 οι
577 3735 770 3790 beneficiorum
787 3742 961 3794 aeternorum
979 3744 1089 3796 tuorum
1115 3745 1172 3793 tam
1198 3744 1275 3793 tuam
1303 3752 1387 3809 quam
1405 3741 1515 3791 tuorum
1532 3735 1631 3792 vicem.
1679 3736 1752 3792 Nota
1769 3736 1836 3792 mihi
1855 3738 1952 3809 singu·

257 3835 286 3883 οι
312 3825 442 3881 inchoato
471 3821 616 3877 usufructu
641 3821 738 3876 horum
762 3827 791 3876 at
817 3825 896 3894 regni
922 3826 977 3894 tui,
1005 3825 1089 3898 inqua
1116 3824 1181 3880 laris
1211 3831 1262 3878 tua
1289 3824 1378 3895 pietas
1403 3828 1432 3879 et
1456 3823 1606 3894 patientia,
1633 3823 1697 3880 ideo
1724 3823 1816 3879 nullus
1843 3825 1953 3890 dubito,

259 3913 412 3986 gratiarum
433 3908 540 3964 actione
562 3913 591 3962 et
602 3906 788 3963 celebratione
802 3909 852 3976 tui,
871 3912 1008 3981 usquead
1021 3920 1087 3969 tam·
1115 3910 1183 3983 quin
1200 3909 1293 3965 animo
1311 3909 1486 3982 aequissimo,
1502 3910 1638 3981 quidquid
1662 3927 1856 3967 aerumnarum
1873 3912 1953 3967 Deua

256 4017 309 4071 pua
326 3995 494 4053 laetissimae
511 3992 717 4048 resurrectionis
742 3995 865 4064 corporis
883 3997 949 4064 mei,
975 4000 1087 4069 quando
1115 3997 1244 4068 imponit,
1268 3996 1305 4050 sis
1324 3996 1497 4051 toleraturus.
1541 3996 1668 4052 Varsaris
1685 3997 1713 4050 in
1731 3997 1827 4053 schola
1843 3997 1952 4054 theolo-

256 4084 448 4141 resuscitatum
467 4097 567 4150 corpus
586 4096 677 4134 meum
697 4077 797 4134 reddes
814 4079 923 4137 animae
942 4099 1032 4151 meae,
1058 4091 1089 4140 nt
1115 4084 1178 4157 giac
1197 4082 1335 4155 practica,
1358 4082 1559 4137 ostendendum
1576 4084 1635 4152 jam
1654 4101 1685 4139 re
1703 4083 1777 4155 ipsa,
1798 4084 1866 4155 quid
1886 4103 1952 4157 pro-

256 4177 331 4229 totus
349 4187 402 4242 ego
420 4168 511 4223 auimo
530 4172 558 4222 et
583 4180 697 4236 corpore
724 4168 782 4221 tcto
808 4166 986 4240 perfecteque
1003 4188 1088 4242 regno
1114 4169 1221 4225 feceris.
1255 4167 1354 4224 Carnis
1380 4167 1496 4222 afflictio
1516 4168 1569 4223 ista
1587 4169 1640 4224 erit
1663 4169 1811 4224 maximum
1836 4171 1953 4241 spiritus

255 4265 305 4313 tuo
329 4256 420 4324 fruar,
449 4251 594 4325 completis
625 4267 737 4320 prorsus
771 4250 915 4323 planisque
948 4253 1088 4311 beneficiis
1115 4255 1321 4310 incrementum.
1359 4253 1554 4308 Beatissimum
1586 4260 1614 4308 ιο
1640 4253 1693 4309 hcc
1718 4255 1828 4311 nomina
1842 4257 1954 4328 judica,

257 4342 385 4399 omnibus
409 4340 507 4395 salutis
528 4344 607 4401 tute,
633 4335 681 4406 qui
707 4334 827 4391 dilexisti
853 4354 897 4391 me
915 4338 951 4394 ab
968 4347 1088 4413 aeterno,
1116 4342 1189 4414 quod
1216 4347 1313 4396 sancta
1338 4357 1420 4396 cruce
1444 4338 1555 4396 Christo
1579 4339 1770 4410 conformeris,
1800 4358 1818 4396 a
1846 4344 1953 4400 mundo

258 4436 322 4488 ante
344 4429 440 4485 mundi
464 4425 558 4494 initia,
585 4422 697 4495 quando
720 4422 866 4478 decrevisti
891 4431 920 4479 οι
939 4428 1088 4497 praedesti·
1116 4427 1285 4484 abstraharis
1309 4432 1338 4483 et
1359 4426 1396 4481 ad
1414 4426 1540 4482 coelestis
1565 4427 1672 4497 patriae
1690 4427 1858 4484 desiderium
1877 4432 1953 4487 exei-

257 4515 330 4572 nasti
355 4513 422 4568 mihi
451 4511 568 4567 salutem
594 4514 685 4576 tuam,
726 4505 762 4561 ab
784 4509 973 4566 incarnatione
996 4514 1088 4570 dilecti
1115 4515 1187 4570 teris.
1230 4513 1360 4584 Languet
1381 4528 1459 4581 caro,
1487 4512 1537 4566 sed
1560 4517 1636 4568 certo
1659 4513 1755 4578 crede,
1780 4513 1860 4569 brevi
1878 4518 1953 4573 ravi·

255 4601 320 4657 Filii
338 4600 394 4666 tui,
413 4599 514 4668 inquo
533 4602 563 4651 at
577 4599 690 4666 propter
709 4610 791 4665 quem
810 4611 853 4649 me
873 4595 967 4668 diligis
983 4604 1012 4654 et
1029 4607 1089 4655 tum
1117 4605 1206 4656 rescat
1224 4615 1258 4653 ac
1276 4597 1452 4669 germinabit,
1475 4599 1499 4652 si
1514 4616 1569 4654 non
1585 4598 1622 4652 ad
1642 4598 1723 4667 hanc,
1740 4607 1814 4655 certe
1832 4601 1870 4656 ad
1887 4619 1953 4659 coa·

256 4686 371 4758 diligere
395 4683 510 4753 coepisti
536 4699 553 4736 a
578 4686 656 4735 tanto
679 4685 802 4750 tempore
827 4687 856 4735 at
878 4699 971 4738 omnes
992 4684 1087 4741 fideles
1115 4684 1211 4740 laetam
1245 4690 1273 4740 et
1303 4683 1555 4739 immarcessibilem
1584 4683 1667 4739 istam
1695 4684 1790 4739 vitam.
1827 4686 1953 4745 Circum·

255 4781 330 4841 tuos,
357 4769 433 4842 quod
461 4767 562 4838 probat
591 4764 658 4819 mihi
685 4770 715 4820 et
737 4767 888 4834 persuadet
908 4767 977 4824 fides
1003 4770 1032 4825 in
1058 4778 1086 4828 ιο
1117 4772 1192 4841 ορίοο
1209 4787 1326 4839 mecum,
1346 4768 1414 4841 quid
1432 4785 1524 4824 rerum
1544 4770 1573 4823 in
1594 4771 1696 4826 mundo
1709 4772 1769 4842 jam
1788 4778 1889 4843 agatur
1908 4782 1954 4830 at-

254 4876 324 4926 mca,
357 4859 437 4927 cujus
454 4854 556 4908 donum
575 4850 642 4905 mihi
662 4849 802 4905 contulisti
822 4851 857 4906 de
876 4869 952 4909 mera
971 4856 1083 4928 solaque
1117 4874 1171 4931 que
1203 4857 1352 4926 habeatur,
1379 4854 1448 4925 quid
1477 4873 1579 4927 quaeso
1610 4863 1665 4926 cst,
1693 4857 1766 4927 quod
1798 4858 1834 4912 ad
1861 4859 1953 4917 vitam

253 4949 348 5020 gratia
368 4951 432 5013 tua,
456 4957 512 5014 qua
530 4953 682 4995 conserver.
723 4937 804 4991 Hauc
828 4937 914 5008 igitur
937 4940 1003 4995 mihi
1020 4960 1083 4999 con-
1117 4943 1317 5001 diuturniorem
1343 4959 1508 5014 magnopere
1541 4943 1662 5015 aliquam
1692 4944 1809 5000 invitare
1838 4948 1954 5017 possit?

252 5050 347 5102 sarva,
377 5029 524 5096 confirma,
548 5043 628 5097 auge.
664 5024 726 5078 Hoc
751 5023 787 5078 sit
809 5023 874 5078 mihi
900 5025 1028 5081 viaticum
1054 5031 1082 5086 in
1116 5031 1157 5086 Re
1181 5029 1244 5101 ipsa
1267 5028 1406 5099 experior,
1437 5028 1495 5084 vita
1520 5029 1691 5085 diuturniore
1717 5047 1761 5085 ιιιο
1785 5032 1852 5087 nihil
1872 5034 1952 5090 aliud

255 5118 353 5174 itinere
379 5118 431 5172 hoc
458 5129 519 5170 ιιοο
549 5111 584 5166 ad
613 5117 640 5166 te
661 5110 779 5166 Sionico.
816 5108 895 5164 Haec
919 5110 956 5165 sit
973 5111 1089 5170 baculus
1115 5116 1226 5185 lucrari,
1243 5131 1328 5186 quam
1345 5115 1419 5186 quod
1436 5115 1517 5187 plura
1536 5115 1609 5170 mala
1626 5131 1718 5187 agam,
1737 5117 1818 5186 plura
1829 5118 1951 5188 videam,

254 5203 322 5265 mihi
341 5208 370 5257 οι
386 5201 488 5272 pedum
508 5205 586 5254 tuum
607 5195 773 5267 pervellem
792 5194 934 5260 miseram,
962 5214 1087 5267 asperam
1115 5201 1197 5272 plura
1216 5199 1315 5272 patiar.
1351 5201 1391 5255 At
1407 5199 1478 5263 mei,
1502 5199 1608 5272 inquis,
1634 5200 1664 5255 in
1685 5218 1809 5258 maerore
1827 5205 1950 5262 maximo

256 5296 286 5345 et
314 5289 434 5353 aridam,
463 5302 547 5359 qnam
575 5282 735 5353 peregrinor
761 5282 822 5353 J'am
852 5298 902 5352 per
931 5287 973 5337 tet
1003 5300 1088 5341 annos
1114 5285 1303 5359 relinquendi;
1326 5303 1361 5341 an
1378 5303 1442 5342 varo
1460 5285 1608 5355 existimas,
1626 5303 1672 5342 eoa
1686 5287 1738 5341 tibi
1755 5289 1845 5360 magis
1864 5307 1950 5347 curae

255 5375 330 5429 vitae
349 5390 445 5442 meae,
475 5390 526 5442 per
546 5386 615 5442 quos
635 5367 793 5438 exspectavi
813 5367 888 5423 huuc
908 5367 998 5434 diem,
1025 5370 1095 5428 hanc
1114 5380 1198 5445 atque
1222 5373 1298 5428 cordi
1323 5389 1384 5429 esse
1412 5390 1497 5444 quam
1519 5372 1596 5439 Deo,
1625 5372 1673 5444 qui
1691 5373 1754 5444 plus
1775 5373 1805 5428 in
1827 5391 1874 5430 eos
1898 5377 1948 5432 im·

102 5470 180 5512 xum.
196 5471 242 5514 sat.
257 5460 384 5514 horulam
418 5464 494 5514 tuam
521 5465 549 5512 et
579 5471 683 5520 meam,
716 5472 771 5526 qua
796 5470 839 5510 ιιο
866 5454 902 5509 ad
930 5460 958 5509 te
988 5472 1092 5512 evocas.
1112 5457 1228 5529 pandit?
1251 5458 1469 5529 sapientissimus
1491 5456 1538 5511 ille
1559 5473 1593 5512 ac
1612 5457 1842 5514 clementissimus
1862 5461 1949 5520 Pater

255 5544 414 5602 Recordare
431 5543 551 5600 Domirm
567 5556 682 5615 precum
700 5556 842 5606 ιιοοιιιι,
859 5555 975 5612 quarum
990 5540 1093 5599 ιὀιιιι·
1113 5543 1286 5601 exactissime
1303 5544 1388 5610 novit,
1405 5543 1473 5615 qnid
1490 5542 1555 5611 tuis,
1574 5543 1642 5615 qnid
1660 5550 1771 5602 tuorum
1787 5545 1872 5622 rebus
1886 5564 1945 5605 ma·
