4104 6014
245 316 306 374 teo
871 306 1102 367 TRAGTATUS
1122 309 1324 372 SECUNDUS

245 463 405 534 conjunctio
427 482 529 519 rursus
554 464 668 520 animae
696 473 721 521 et
748 466 879 537 eorporis
906 473 932 520 et
958 466 1081 521 neurada
1108 465 1239 525 cionistas
1269 486 1331 541 cap.
1365 474 1389 528 3.
1416 466 1598 539 Epiphanius
1628 464 1657 520 iu
1683 469 1807 521 ancorat.
1833 470 1863 520 et
1882 465 1900 520 l.
1922 468 1949 523 2.

246 551 405 620 numaque
429 551 503 618 ejus,
537 553 616 621 prod
643 553 811 607 &sonuum
838 553 897 616 fuit
919 553 1082 622 ceciditque,
1107 558 1172 609 tom.
1194 561 1217 613 l.
1235 555 1341 613 haeres.
1359 560 1399 612 64.
1438 553 1563 622 Opertae
1586 552 1729 608 Harant.
1746 547 1854 607 atach
1874 555 1899 606 t.
1919 555 1949 605 et

245 636 378 691 animalis
404 637 553 691 restitutio.
593 637 756 694 Scholastiei
773 639 813 693 sic
833 637 1010 694 describunt:
1027 640 1082 692 Re·
1107 641 1190 695 latius
1207 642 1237 696 iu
1258 647 1297 698 18.
1336 641 1492 709 Greporirss
1516 641 1599 708 Npss.
1625 638 1654 692 in
1678 636 1726 693 lib.
1747 638 1783 694 de
1808 636 1902 692 anima
1920 639 1950 692 et

246 723 382 776 neronio
406 729 446 776 est
472 723 614 792 copulatio
639 741 740 777 rurare
762 725 875 778 animae
899 731 927 778 et
944 722 1082 794 corporis,
1109 728 1310 784 resurrectione
1335 727 1372 782 ad
1403 725 1556 782 Macrinam
1582 740 1713 792 sororem,
1757 723 1949 790 Isreronpmue

246 815 271 860 et
301 809 427 861 remaclo
458 808 527 876 ejus,
560 810 637 877 quod
670 810 839 864 AEesoluum
858 815 947 864 estet
974 809 1083 874 eccidit,
1109 813 1190 882 epist.
1208 819 1248 870 41.
1283 813 1445 868 Ambrosius
1463 812 1491 866 in
1511 816 1578 866 orat.
1598 810 1633 866 de
1651 806 1948 876 fide'resurreotionis,

246 893 381 949 animulis
402 894 581 962 ressurectio,
604 895 650 948 uel
666 903 707 948 est
730 897 838 950 iterato
854 894 992 950 wrrectio
1012 895 1083 962 ejus,
1112 899 1302 954 Theodoretus
1330 899 1360 953 in
1389 898 1508 969 epitome
1537 896 1692 950 divinorum
1722 894 1894 950 decmmrum
1923 910 1948 949 c.

243 981 322 1049 quod
337 981 446 1035 cecidit,
476 979 605 1037 Bruleter
623 987 648 1038 4.
664 988 733 1038 sent.
754 982 819 1039 dist.
838 989 879 1039 43.
895 1001 922 1054 q.
941 989 965 1037 2.
995 980 1083 1036 Plena
1109 985 1144 1041 de
1172 1002 1257 1041 resur.
1285 993 1314 1041 et
1341 986 1377 1040 de
1397 984 1512 1056 judicio,
1537 984 1664 1051 Prosper
1689 982 1718 1036 in
1744 980 1840 1038 dimid.
1860 986 1947 1051 temp.

244 1069 273 1119 et
296 1065 405 1137 integra
430 1064 553 1121 definitio
578 1067 786 1123 resurrectionis
808 1069 861 1124 snb
881 1068 964 1124 finem
982 1065 1082 1138 capitis
1110 1088 1134 1128 c.
1155 1076 1195 1127 18.
1217 1072 1413 1125 Dnmueceuus
1432 1069 1481 1128 lib.
1500 1075 1524 1124 4.
1554 1068 1624 1122 orth.
1642 1067 1708 1122 fidei
1732 1083 1791 1137 cap.
1820 1072 1861 1124 28.
1880 1082 1948 1138 quo·

245 1149 362 1207 inferius
381 1151 551 1224 subjicietur.
709 1214 714 1219 ,
1109 1173 1170 1210 rum
1189 1161 1353 1227 argumenta
1374 1155 1526 1226 praecipua
1543 1154 1572 1209 in
1597 1151 1779 1224 sequentibus
1805 1151 1947 1206 adducen-

1109 1249 1163 1296 tur.
1200 1247 1242 1296 Ex
1276 1240 1474 1298 recentioribus
1503 1239 1617 1311 qnidam
1644 1237 1817 1293 comtituunt
1848 1237 1946 1293 decem

1110 1327 1212 1384 classes
1240 1332 1296 1383 τῶν
1327 1326 1497 1390 ἀποδείξεων
1528 1324 1638 1380 articuli
1668 1323 1704 1379 de
1737 1322 1946 1378 ruumeetiona

421 1446 423 1450 ·
527 1442 548 1503 c
565 1442 593 1503 Δ
611 1442 636 1503 P
654 1442 724 1503 ΠΤ
761 1443 802 1504 n
1111 1414 1204 1468 Prlmss
1236 1420 1280 1469 est
1313 1412 1422 1468 Christi
1450 1412 1631 1481 murt'tlclto,
1665 1426 1737 1481 quw
1770 1425 1826 1464 110ss
1857 1407 1946 1463 mlum

1108 1501 1273 1571 exemplum,
1286 1500 1467 1571 praeludium,
1485 1497 1604 1554 arrhabo
1622 1503 1651 1553 et
1664 1496 1774 1568 pignus,
1793 1494 1844 1551 sed
1864 1493 1946 1549 etiam

511 1564 578 1629 DE
604 1567 696 1630 ΤΩῙ
718 1565 818 1630 ΟΤΙ·
1108 1602 1193 1640 cansa
1223 1585 1346 1642 efficiens
1373 1602 1407 1641 ac
1432 1584 1493 1641 fons
1523 1590 1566 1639 est
1590 1588 1703 1640 nostrae
1730 1579 1945 1638 resumentiouia

270 1695 337 1762 nn
360 1696 445 1763 err
463 1699 831 1767 enenaesonro
854 1696 1050 1765 noenu.
1109 1676 1133 1725 1
1155 1673 1282 1727 Ornata
1317 1673 1433 1739 Christi,
1465 1670 1596 1727 eoelestia
1630 1670 1666 1725 a
1694 1666 1873 1740 evaserat
1896 1682 1945 1720 sn·

584 1801 683 1870 ORU
690 1804 723 1868 Μ
1107 1763 1210 1813 notata
1231 1763 1253 1815 3.
1293 1759 1440 1829 θρασέων
1468 1756 1683 1812 resurrectionis
1711 1755 1740 1809 iu
1766 1753 1821 1808 illis
1844 1766 1944 1849 propp·

723 1853 730 1867 ·
1108 1842 1200 1913 sitnm,
1233 1845 1281 1916 qui
1312 1861 1375 1899 cum
1403 1843 1514 1900 Christo
1542 1846 1718 1913 resurgentes
1749 1844 1886 1894 venerunt
1915 1852 1943 1890 ru

115 1971 230 2015 amm..
278 1937 301 1988 6-
357 1931 390 1988 ln
407 1939 640 2009 nnnypnroloyte
659 1936 778 2008 primum
796 1934 908 1990 omnino
926 1933 1017 1989 locum
1034 1931 1081 1987 ob·
1108 1928 1249 1985 civitatem
1276 1937 1400 1986 sancum
1425 1937 1454 1986 et
1472 1934 1663 2001 apparuerunt
1680 1925 1782 1980 multis.
1820 1930 1845 1981 4.
1872 1923 1943 1978 (lon-

117 2027 230 2067 suessano
243 2018 314 2075 tinet
334 2021 469 2091 quaestio,
489 2041 527 2075 aa
544 2022 581 2077 sit
599 2032 771 2078 mortuorum
782 2021 1082 2082 resrrmetiosuturot
1108 2034 1205 2072 emaus
1222 2024 1385 2071 annuorum
1397 2016 1603 2086 prophetarum
1619 2021 1646 2068 et
1661 2020 1792 2083 patrum,
1819 2009 1944 2082 adeoque

116 2079 219 2169 ΨΦ
244 2104 354 2160 Inventi
372 2107 443 2160 enim
464 2112 530 2162 sunt
565 2109 692 2164 omnibus
709 2106 893 2179 temporibus,
928 2112 987 2160 tum
1008 2105 1081 2159 intra
1107 2104 1192 2158 totius
1210 2103 1344 2159 ecclesiae
1362 2103 1396 2158 V.
1416 2102 1449 2160 T.
1483 2108 1507 2157 5.
1526 2100 1668 2173 Exemplo
1686 2098 1815 2153 illustria
1834 2096 1944 2152 restitu-

244 2196 388 2245 ertcrnum
408 2191 524 2247 risibilis
550 2194 684 2249 ecclesiae
713 2191 890 2256 consortium,
916 2197 976 2246 tum
1003 2197 1082 2247 extra
1106 2190 1191 2245 tionis
1216 2196 1244 2245 et
1268 2187 1476 2261 glorificationis
1501 2193 1617 2242 numme
1635 2187 1775 2240 humanae
1792 2183 1895 2254 partim
1914 2182 1942 2236 in

244 2275 377 2332 ecelesIae
413 2278 564 2348 gremium,
598 2279 647 2350 qui
678 2279 752 2334 hunc
791 2277 936 2334 articulum
968 2293 1081 2349 prorsus
1107 2276 1141 2330 iis
1173 2275 1323 2346 proposita,
1360 2274 1408 2346 qui
1441 2290 1474 2328 ex
1504 2279 1614 2328 amena
1645 2271 1674 2324 in
1687 2269 1835 2326 coelestem
1859 2268 1943 2323 vitam

243 2368 389 2432 negarunt,
416 2379 448 2418 ac
469 2364 498 2419 in
517 2365 650 2436 gravibus
669 2373 698 2420 et
721 2363 798 2419 seriis
816 2363 1016 2419 tentationibus
1038 2381 1080 2418 as·
1106 2362 1233 2417 translati
1261 2366 1334 2431 sunt,
1363 2367 1396 2415 ut
1422 2358 1537 2426 Enochi,
1561 2359 1639 2414 Eliae
1657 2364 1685 2413 et
1702 2355 1813 2424 Christi,
1841 2353 1943 2427 purtim

244 2463 341 2503 sensus
371 2449 454 2505 etiam
484 2450 514 2504 in
536 2451 591 2522 piis
610 2458 652 2508 est
669 2450 840 2520 imbecillior,
859 2450 922 2506 ideo
939 2448 1081 2505 muniendi
1107 2448 1228 2504 lucentia
1254 2448 1283 2502 in
1304 2453 1475 2501 mortuorum
1499 2443 1716 2501 resuscitatione.
1751 2447 1776 2498 6.
1806 2441 1943 2497 Constans

244 2539 309 2589 sunt
337 2534 422 2589 animi
449 2536 531 2591 certis
559 2543 588 2592 et
611 2537 733 2593 immotis
760 2535 957 2607 fundamentis,
979 2534 1081 2609 quibus
1107 2537 1178 2599 fides
1203 2541 1230 2588 et
1257 2533 1396 2597 confusio
1423 2531 1632 2588 resurrectionis
1661 2530 1690 2584 iu
1719 2533 1803 2600 gente
1822 2526 1942 2583 iudaice

244 2618 314 2674 tides
332 2637 365 2674 ac
384 2637 448 2692 spes
465 2628 561 2678 nostra
577 2623 611 2678 de
632 2623 728 2679 tritura
747 2622 948 2679 resurrectione
965 2621 1081 2676 firmiter
1107 2620 1183 2676 edita
1210 2637 1229 2675 a
1259 2626 1365 2691 septem
1396 2624 1551 2689 martyrum
1584 2622 1678 2682 matre,
1706 2633 1725 2670 a
1751 2613 1863 2668 Martha
1883 2618 1943 2668 eta

243 2703 384 2760 innitatur.
422 2706 464 2761 Ex
496 2708 620 2778 professo
648 2709 683 2765 de
715 2709 767 2764 hoc
799 2714 963 2780 argumento
996 2707 1080 2777 scrip·
1107 2706 1271 2762 Phariseeis.
1311 2712 1335 2760 t.
1356 2704 1469 2759 Oroatia
1495 2705 1616 2759 hominio
1638 2706 1680 2757 nrt
1703 2701 1763 2755 Dei
1786 2699 1942 2768 imapinern,

243 2796 339 2847 serunt
357 2791 468 2863 plurimi
487 2811 520 2851 ex
540 2795 687 2851 veteribus.
718 2795 914 2864 Athenoporas
929 2793 1081 2850 Athenien·
1108 2811 1180 2866 quae
1198 2793 1283 2848 totius
1302 2791 1448 2863 compositi
1466 2797 1607 2846 aeternam
1625 2805 1689 2867 cum
1710 2788 1771 2843 Deo
1794 2791 1940 2842 consuetu-

92 2882 171 2926 xvm.
184 2882 229 2926 ru.
243 2875 281 2932 sis
298 2876 479 2949 philosophus
501 2879 676 2937 Christianus
697 2882 727 2936 in
746 2880 809 2936 libr.
825 2880 861 2935 de
882 2878 1081 2936 resurrectione
1107 2880 1200 2936 dinem
1220 2876 1421 2949 complectitur.
1455 2882 1480 2932 8.
1501 2877 1629 2931 Societas
1640 2875 1753 2928 animae
1771 2881 1797 2927 et
1813 2872 1942 2943 corporis

243 2962 282 3027 (iu
302 2980 357 3033 quo
376 2969 463 3020 totam
473 2966 667 3023 tractationem
680 2967 885 3040 inergumenta
905 2973 926 3023 l.
946 2963 1081 3020 ἂνασκευ-
1107 2965 1136 3019 in
1155 2971 1229 3022 recte
1247 2968 1277 3020 et
1293 2962 1458 3019 malefactis
1477 2962 1561 3033 hujus
1575 2961 1665 3024 vitae,
1682 2962 1764 3032 cujus
1787 2961 1942 3013 comesset

243 3045 348 3116 aaroni,
362 3068 417 3120 pro
437 3053 556 3107 veritate
573 3060 670 3110 eontra
688 3061 823 3127 negantes
845 3053 1081 3122 resurrectionem,
1107 3051 1251 3105 individua
1296 3049 1478 3120 praemiorum
1535 3062 1745 3117 poenarumque
1803 3048 1940 3100 κοινωνία.

242 3139 271 3190 et
288 3138 312 3188 2.
332 3138 573 3209 κατασκευαστικά,
590 3142 627 3194 de
644 3141 760 3196 ueritate
778 3141 896 3212 partitus
915 3145 966 3195 est.
999 3137 1081 3194 Prius
1106 3142 1131 3192 9.
1169 3137 1362 3201 Sanctificate
1382 3152 1438 3190 non
1455 3134 1544 3189 solum
1564 3133 1681 3202 animae,
1701 3131 1751 3186 sed
1770 3135 1799 3187 et
1812 3131 1942 3201 corporis

243 3226 328 3292 eaput
346 3221 375 3276 in
394 3224 584 3294 quaestionem
604 3232 627 3283 l.
647 3227 682 3282 de
703 3228 765 3282 Dei
777 3229 918 3283 voluntate
935 3231 964 3281 et
990 3231 1013 3281 ².
1028 3242 1080 3295 po·
1106 3225 1215 3296 piorum
1234 3224 1263 3278 in
1280 3222 1332 3278 hac
1351 3223 1410 3276 vita
1429 3220 1566 3291 inchoata,
1587 3220 1615 3274 in
1633 3218 1798 3274 aeternitate
1814 3232 1940 3272 eonsum-

241 3307 330 3361 teutr'a
349 3308 501 3365 subdividit
519 3310 635 3382 docens,
671 3329 780 3369 omnem
799 3312 998 3385 impotentiam,
1017 3328 1081 3366 eum
1106 3310 1216 3366 manda.
1274 3315 1315 3367 10.
1344 3307 1564 3379 incorruptibile
1592 3314 1617 3361 et
1642 3307 1782 3371 vivificum
1807 3304 1941 3358 viaticum

242 3401 292 3446 nat
311 3394 347 3447 ab
372 3395 544 3462 iquoroutr'n,
569 3406 619 3451 out
639 3398 831 3454 imbecillitate
849 3398 979 3471 pendeat,
1004 3397 1080 3468 peni-
1105 3397 1227 3469 corporis
1256 3402 1285 3454 et
1313 3394 1455 3467 sauguinis
1481 3392 1583 3450 Christi
1612 3393 1641 3447 in
1659 3408 1738 3448 sacra
1755 3406 1844 3446 coena
1861 3387 1941 3444 nobis

241 3485 287 3534 tus
304 3479 348 3535 bie
368 3498 428 3537 esse
440 3481 593 3553 exclusum3
613 3484 750 3555 posterius
773 3492 858 3557 caput
878 3492 901 3542 1.
920 3503 938 3538 a
957 3486 1011 3552 fine
1030 3487 1077 3539 ho·
1104 3485 1283 3556 propositum.
1319 3481 1439 3548 Quidam
1470 3480 1507 3536 ad
1535 3484 1657 3551 quatuor
1684 3494 1784 3534 causas
1803 3477 1833 3532 iu
1851 3492 1941 3532 meur-

242 3567 326 3619 rninis
343 3569 385 3620 ud
403 3568 553 3637 inopinam
565 3571 676 3624 aeterni
695 3572 755 3627 Dei
772 3571 875 3635 creati,·
892 3577 915 3627 2.
933 3591 953 3625 u
972 3579 1078 3626 natura
1104 3569 1235 3626 rectionis
1264 3566 1499 3624 demonstratione
1530 3565 1704 3636 potissimum
1735 3562 1939 3635 respiciendum

242 3650 362 3705 leoninis
380 3669 413 3706 eu
436 3656 533 3709 auimo
553 3663 580 3710 et
603 3673 722 3727 corpore
740 3657 856 3727 conflati
867 3695 874 3726 ,
914 3657 943 3711 in
966 3673 1023 3729 qua
1046 3657 1077 3711 il·
1103 3662 1224 3727 oensem,
1252 3654 1382 3710 videlicet
1410 3653 1446 3707 ad
1478 3668 1590 3707 causam
1615 3648 1782 3717 συνεκτικήν,
1808 3652 1941 3721 quaeest

241 3734 298 3790 lum
317 3736 416 3793 durare
434 3746 559 3811 oportet,
580 3748 604 3798 3.
625 3761 644 3796 a
662 3743 724 3797 Dei
735 3743 854 3813 justitio
872 3750 898 3797 et
916 3744 1015 3807 futuro
1026 3744 1076 3812 ju·
1103 3741 1205 3797 Christi
1221 3741 1400 3808 resurrectio;
1418 3738 1455 3793 ad
1474 3755 1586 3793 musam
1604 3732 1848 3810 npnrmnprrrrriu,
1867 3750 1939 3808 quae

242 3821 318 3876 dicio
339 3821 470 3893 deducit).
513 3828 706 3882 Tertullianus
732 3827 782 3887 lib.
815 3829 850 3885 de
876 3827 1077 3885 resurrectione
1103 3834 1145 3883 est
1165 3826 1217 3882 Dei
1234 3825 1358 3897 justitia3
1380 3825 1416 3880 ad
1431 3841 1545 3880 causam
1562 3829 1787 3897 προηγουμένην,
1806 3838 1880 3894 quae
1897 3825 1940 3877 est

241 3907 333 3963 carnis
351 3909 389 3977 (in
409 3928 465 3982 qno
483 3913 602 3984 primum
619 3914 838 3970 commemoratis
856 3913 1076 3971 adversariorum
1103 3913 1156 3968 Dei
1184 3913 1310 3968 voluutas
1338 3912 1367 3965 in
1392 3910 1478 3966 verbo
1496 3910 1651 3982 patefacta,
1678 3920 1706 3964 et
1724 3909 1760 3963 ad
1785 3913 1939 3975 seruisset,
1954 3930 2034 3974 xum,

241 3994 270 4049 in
303 4011 413 4052 carnem
445 3998 580 4065 convitiis,
613 4000 714 4072 quibus
742 3999 974 4055 resurrectionem
1000 3999 1075 4071 apud
1103 4016 1175 4072 quae
1207 4006 1250 4055 est
1278 4015 1366 4055 coena
1384 3997 1576 4055 eucharistica.
1612 3996 1669 4052 Illis
1700 4000 1798 4067 postea
1831 3993 1941 4048 addunt

242 4081 430 4153 simpliciores
446 4084 596 4157 exagitant,
629 4086 793 4153 diprritatem
820 4087 916 4140 curare
947 4087 1076 4156 ostendit,
1104 4104 1256 4156 corrprunm
1272 4085 1500 4154 appellationem,
1525 4099 1582 4154 qua
1601 4082 1701 4137 mortui
1720 4085 1856 4136 vocantur
1876 4080 1940 4135 dor·

242 4168 345 4239 quippe
362 4173 441 4242 cujus
462 4176 558 4228 auctor
576 4189 610 4228 ao
640 4172 778 4228 redemtor
798 4172 834 4227 sit
854 4172 944 4245 Deus;
976 4172 1076 4228 deinde
1103 4172 1232 4239 mientes3
1263 4171 1460 4240 quotidinaum
1490 4169 1696 4239 procationem,
1728 4184 1784 4239 qua
1809 4167 1941 4237 petimus,

243 4255 279 4306 cle
293 4263 432 4324 potestate
455 4259 515 4312 Dei
534 4257 644 4312 disserit
669 4257 780 4332 quidvis
807 4257 917 4313 efficere
945 4257 1076 4328 valentis,
1104 4264 1136 4312 ut
1153 4275 1270 4329 regnum
1287 4257 1341 4312 Dei
1360 4255 1505 4325 adveniat3
1534 4256 1732 4322 obaeratorum,
1761 4269 1835 4325 qnae
1854 4268 1938 4323 usga-

242 4356 306 4394 mor
340 4358 373 4397 ex
407 4343 553 4399 revolubili
585 4362 678 4399 rernm
716 4343 812 4400 ordinm
848 4345 1076 4401 resurrectionem
1103 4346 1204 4400 tionem
1224 4343 1308 4415 hujus
1325 4342 1436 4398 articuli
1457 4348 1626 4413 sequuntur,
1651 4340 1885 4395 suismet-ationem
1912 4346 1941 4392 et

241 4426 391 4494 persuadet
423 4428 564 4501 phoenicis
596 4430 750 4500 exemplum
781 4429 941 4501 cumprimis
963 4445 1072 4501 urgens.
1103 4431 1249 4485 uariarum
1274 4429 1491 4482 rimilitudiaum
1517 4427 1765 4497 comparutionem.
1818 4424 1939 4491 Quidam

242 4509 346 4566 Sedet
373 4528 484 4568 cansam
505 4515 588 4570 affert
606 4516 822 4582 resumentionia
847 4515 977 4571 videlicet
1000 4515 1075 4588 qnod
1102 4517 1152 4573 bos
1191 4522 1415 4587 argumentorum
1446 4513 1536 4569 tontes
1574 4518 1715 4569 statuunt:
1760 4518 1781 4568 l.
1819 4510 1941 4567 Oraeula

241 4595 387 4666 integrius
399 4599 500 4667 judieii
518 4602 554 4656 de
571 4601 656 4656 totius
673 4601 791 4656 bominis
822 4603 1076 4672 repraesentatione
1103 4603 1221 4675 Spiritus
1250 4603 1340 4658 sancti
1365 4599 1524 4665 nirinrern,
1550 4606 1574 4657 2.
1595 4600 1798 4671 exemplatum
1826 4597 1863 4654 V.
1882 4605 1941 4653 tum

241 4687 356 4738 constet.
393 4683 455 4748 Qua
481 4687 542 4756 jam
568 4687 706 4758 explicata
726 4686 820 4758 arguit
835 4704 891 4756 eos,
918 4690 967 4760 qni
986 4705 1074 4744 resur-
1103 4692 1138 4749 N.
1167 4690 1200 4744 T.
1227 4689 1376 4758 luculenta,
1407 4694 1429 4745 3.
1458 4688 1603 4744 universae
1623 4687 1757 4744 eecluiae
1783 4685 1939 4741 catholicae

241 4767 391 4824 rectionem
416 4768 445 4824 in
472 4772 579 4826 arcario
607 4772 763 4844 prophetici
787 4773 962 4828 instrumenti
988 4775 1075 4828 literis
1104 4781 1279 4851 συμφωνίαν,
1298 4783 1322 4832 4,
1342 4776 1442 4831 similia
1460 4792 1492 4830 01
1511 4782 1611 4831 natura
1630 4774 1725 4845 petita,
1761 4772 1882 4839 Quidam
1901 4771 1937 4826 ad

242 4854 432 4926 praedicatam
453 4857 634 4928 spiritualiter
645 4865 753 4915 tuntum
770 4858 903 4915 volebant
919 4859 1076 4931 intelligen-
1103 4869 1223 4935 quatuor
1248 4863 1413 4935 principalia
1439 4862 1492 4918 Dei
1510 4862 1645 4917 attributa
1668 4859 1875 4916 resurrectionis
1893 4858 1940 4914 de·

240 4941 313 5010 dam,
339 4942 399 5014 ipse
420 4949 517 4998 contra
544 4950 602 4999 tum
622 4961 656 5000 ex
682 4945 818 5018 figuratis,
838 4952 897 5000 tum
916 4963 950 5001 ex
969 4946 1073 5017 simpli·
1104 4949 1330 5006 monstrationem
1343 4948 1466 5005 revocari
1485 4965 1566 5020 posse
1589 4952 1710 5003 censent.
1745 4945 1852 5002 Nititur
1866 4944 1940 5000 enim

241 5029 320 5084 cibus
340 5036 425 5101 atque
461 5031 564 5102 apertis
587 5031 782 5101 prophetarum
809 5032 926 5088 omentis
949 5047 1076 5103 corpora-
1104 5054 1138 5093 ea
1159 5043 1180 5094 l.
1199 5036 1339 5091 uoluuote
1358 5037 1418 5089 Dei
1436 5035 1591 5098 infallibili
1610 5034 1638 5087 in
1656 5031 1811 5104 perspicuis
1831 5037 1859 5087 et
1880 5048 1940 5086 ma·

242 5115 297 5170 ¹0¹⁰
325 5115 553 5173 1081110050118111
585 5117 705 5172 1111111111
735 5123 820 5190 11111110
865 5118 938 5174 idem
976 5117 1077 5174 deinde
1103 5124 1210 5181 nitentis
1228 5123 1386 5193 Scripturas
1405 5121 1569 5177 testimoniis
1581 5119 1738 5191 patefacta3
1774 5124 1797 5174 2.
1817 5117 1943 5187 omnipo·

243 5201 312 5257 facit
330 5204 498 5275 evangelicis
523 5209 604 5259 utens
630 5204 795 5259 testimoniis
816 5209 845 5260 et
867 5221 929 5259 mox
948 5205 1077 5275 apostoli·
1105 5211 1193 5265 tentia
1224 5212 1291 5274 Dei,
1323 5225 1396 5280 quae
1427 5207 1614 5264 firmissimum
1653 5211 1847 5278 argumentum
1877 5222 1942 5276 aup-

242 5289 290 5344 cis.
327 5289 453 5346 Tandem
487 5290 522 5347 de
548 5289 683 5363 qualitate
710 5292 915 5363 resurgentium
933 5308 1078 5363 corporum
1104 5297 1220 5369 peditat,
1239 5298 1262 5351 si
1283 5314 1345 5352 cum
1364 5296 1515 5352 clarissimo
1535 5295 1685 5351 voluntatis
1699 5293 1857 5348 testimonio
1877 5309 1944 5347 con-

243 5375 414 5430 110111ῑῦ1191
432 5376 460 5430 111
478 5393 585 5433 1111111118
601 5375 716 5448 00111811.
735 5392 847 5433 0111118111
863 5384 1078 5434 resurrectmam
1102 5387 1251 5456 jurgatum
1287 5388 1311 5439 3,
1325 5384 1442 5453 justitio
1468 5385 1533 5448 liei,
1559 5398 1631 5453 quae
1650 5379 1776 5451 requirit,
1793 5386 1825 5445 ut
1843 5378 1943 5449 pietati

245 5468 273 5517 et
298 5461 391 5531 ursam
422 5468 451 5518 et
475 5480 583 5519 emman
609 5468 638 5519 et
662 5464 818 5535 intepram).
861 5464 997 5536 Θήραιον
1019 5467 1035 5524 l.
1054 5470 1078 5523 2.
1105 5469 1267 5540 praemium,
1294 5468 1429 5541 impietati
1457 5467 1624 5540 supplicium
1643 5465 1784 5533 reddatur,
1814 5464 1890 5536 quod
1914 5463 1943 5519 iu

245 5550 308 5623 περὶ
327 5545 421 5620 ἆρχῶν
446 5566 508 5621 aab.
533 5556 574 5609 10.
593 5557 621 5608 et
646 5550 676 5606 in
692 5549 803 5625 dialogo
830 5556 854 5609 ³.
882 5556 981 5609 coum
1004 5552 1079 5609 Mar·
1097 5553 1151 5612 bac
1167 5555 1227 5611 rita
1254 5554 1398 5624 differtum
1433 5560 1459 5612 t.
1485 5553 1628 5625 snpientia
1650 5552 1718 5622 Dei,
1737 5551 1784 5609 cui
1801 5568 1857 5607 non
1875 5565 1942 5606 con·
