4104 6014
871 308 1081 367 annonae.
1755 324 1813 381 103

113 479 172 519 uua
189 481 255 520 cum
274 465 338 521 aliis
364 483 488 522 enorum
514 467 652 538 portentis
681 466 848 529 introduxit,
880 468 952 520 teste
980 466 1121 534 quoduam
1140 467 1228 539 igitur
1246 469 1275 524 in
1293 469 1445 542 scripturis
1462 471 1633 542 praesidium
1653 473 1698 527 vel
1714 469 1814 525 lunda-

113 549 191 605 Beas
207 552 238 606 in
258 554 377 622 epistola
396 554 433 608 ad
448 553 613 609 Dudithium
633 572 699 626 pag.
723 559 778 610 teo.
821 551 951 608 1le
979 557 1102 607 mentum
1114 553 1198 624 hujus
1210 555 1365 613 sententiae
1381 556 1672 630 manebitreliquum?
1705 562 1744 613 ts.
1759 557 1813 609 Lu·

114 638 221 692 aaroni
254 640 290 695 de
325 640 481 696 animarum
523 641 732 697 immortalitate
771 639 889 695 obscure
924 644 953 692 et
979 637 1056 691 thero
1070 645 1165 694 nostro
1179 641 1317 711 objiciunt
1336 642 1475 711 turine,
1493 643 1568 713 quod
1587 643 1740 698 animarum
1760 641 1813 696 im-

113 721 221 780 lubrice
239 726 400 797 loquuntur,
420 729 502 798 cnjus
521 728 629 782 consilii
648 728 691 782 sui
711 727 848 783 rationem
869 741 952 796 expo-
978 724 1175 780 mortalitatem
1206 728 1365 799 negaverit,
1397 735 1545 800 propterea
1578 730 1653 800 quod
1688 732 1753 783 tom.
1787 734 1812 783 1.

111 815 185 864 nunt
215 811 246 865 in
276 811 347 866 actis
372 813 569 885 manuscriptis
605 813 737 885 colloquii
764 810 951 867 Racoviensis.
977 808 1145 882 Witteberg,
1189 811 1219 866 in
1260 820 1355 869 essert
1393 814 1573 870 articulorum
1614 831 1664 885 per
1705 813 1812 869 bullum

114 895 204 949 Caute
221 896 378 969 (inquiunt)
406 900 460 953 bac
479 901 723 967 decerpendum
740 906 793 966 ert,
819 881 1106 967 quemad-lpupalcm
1152 897 1343 953 damnatorum
1393 917 1456 972 pag.
1503 906 1560 957 111.
1606 900 1646 955 sic
1690 899 1809 955 scribat:

111 982 228 1036 modum
246 992 274 1037 et
291 985 352 1053 ipse
373 985 502 1039 Uiriatus
522 984 763 1054 etapoetolieese
780 985 951 1052 adreptum
977 982 1229 1052 attinentium
1249 985 1317 1042 biom
1348 988 1468 1055 llitloubt
1497 988 1643 1056 mtiltttiidp
1664 986 1811 1055 beldiolltu

107 1067 216 1139 populi
237 1073 498 1137 accommodarunt,
523 1079 554 1124 ut
571 1071 715 1140 parabola
741 1072 776 1124 de
794 1071 905 1123 Lauare
926 1077 951 1121 et
978 1068 1020 1121 bn
1038 1067 1131 1138 tetum
1149 1070 1262 1135 itrtitei,
1296 1071 1347 1140 tat
1364 1071 1404 1126 bie
1422 1074 1500 1129 &teis
1530 1074 1576 1128 tet
1600 1072 1734 1140 iilmldsn
1760 1087 1812 1127 uns

112 1153 200 1207 morte
227 1156 324 1224 docet,
355 1173 412 1210 non
438 1163 500 1210 erat
532 1163 597 1210 tuno
629 1165 737 1226 tempor
763 1155 953 1209 conturbandi
976 1153 1087 1223 ltstbtidp
1106 1155 1154 1223 lei,
1182 1157 1250 1211 bmn
1275 1163 1303 1212 ts
1328 1167 1384 1214 unt
1403 1161 1531 1230 rapollen
1551 1159 1580 1214 in
1603 1160 1658 1214 bem
1679 1158 1810 1227 qondam

111 1240 256 1307 Judaeoe,
274 1246 306 1294 ot
322 1249 349 1295 el
368 1259 442 1295 nunc
458 1260 515 1296 non
535 1250 583 1298 eat.
620 1243 670 1296 Sia
683 1251 711 1295 et
727 1242 868 1295 interdum
883 1258 949 1310 pos·
976 1239 1112 1304 diioubtu,
1140 1242 1173 1296 bu
1201 1244 1251 1298 luit·
1276 1244 1325 1299 atis
1352 1245 1444 1314 lupen,
1473 1245 1508 1313 id)
1534 1246 1626 1314 plauit
1652 1245 1694 1299 titt
1714 1243 1809 1312 tloiqti

111 1333 175 1379 sset
193 1328 336 1397 quaedam
354 1328 426 1392 dici,
452 1345 522 1397 quae
550 1328 623 1383 hane
652 1329 814 1382 renuntiem
832 1327 949 1381 tamini-
973 1326 1063 1381 ister.
1111 1328 1185 1394 {tun
1219 1333 1249 1383 tt
1291 1330 1322 1398 lli
1352 1333 1414 1400 oud
1449 1331 1591 1400 icldloltm
1629 1330 1703 1398 hurd
1731 1331 1810 1399 billis

112 1411 162 1465 em
180 1413 316 1481 indicent,
335 1414 424 1468 donec
442 1416 556 1468 tandem
573 1421 741 1468 maturescat
760 1421 839 1468 oetas
858 1420 884 1466 et
901 1413 948 1467 bo·
975 1411 1137 1481 btiltoitiii,
1165 1414 1215 1483 hub
1243 1416 1283 1470 bit
1301 1418 1379 1473 &teis
1411 1417 1445 1486 [ti
1474 1417 1528 1473 tint
1552 1417 1706 1485 totitatildt
1727 1418 1809 1486 &orm

111 1497 201 1550 mines
218 1498 295 1552 bisce
317 1498 451 1568 loquendi
476 1501 570 1553 modic
586 1503 764 1556 aduncant.
810 1498 949 1555 Videntur
976 1498 1021 1553 bei
1036 1499 1140 1563 tribes,
1159 1501 1213 1554 urb
1233 1502 1360 1568 baldini
1382 1503 1462 1571 trina
1481 1503 1578 1560 fflttittl
1598 1503 1649 1558 uiti
1668 1503 1748 1570 usit,
1768 1503 1809 1558 bit

111 1588 205 1638 sutem
226 1584 342 1649 sentire,
374 1586 499 1639 animam
522 1585 643 1640 neminie
669 1604 726 1639 aaa
747 1602 809 1639 cum
828 1598 948 1653 empore
975 1586 1040 1652 aute
1061 1585 1269 1655 adertitmlldfte
1287 1588 1357 1657 neit
1369 1589 1488 1658 artrica
1513 1590 1556 1644 bet
1575 1587 1725 1657 iliplttidtu
1746 1587 1809 1643 itit*

111 1670 265 1737 moneant,
297 1672 398 1725 uocari
419 1688 486 1726 nero
513 1671 713 1736 immortalem,
742 1673 810 1740 quia
832 1670 948 1742 piorum
976 1670 1046 1738 den,
1073 1672 1120 1738 aut
1143 1672 1194 1738 boi
1223 1673 1255 1740 su
1281 1675 1518 1743 iitmlrbtntrliume
1541 1674 1594 1729 urb
1611 1672 1809 1741 ittuititltbttn

111 1754 224 1808 amintae
249 1773 306 1809 una
332 1774 394 1811 eum
420 1758 586 1829 corporibus
614 1759 715 1811 iterum
736 1757 948 1810 rmruoitandae
975 1756 1109 1825 tetrum,
1135 1756 1233 1813 tteurtt
1259 1759 1293 1826 iit
1311 1759 1407 1829 §bristi
1426 1759 1504 1827 itbtt
1534 1761 1588 1813 aab
1617 1760 1665 1814 btn
1686 1759 1809 1815 bicubttt

110 1847 174 1894 rost
192 1843 234 1894 ad
245 1842 345 1905 eitam
365 1845 401 1897 de
419 1843 515 1913 impia
532 1851 664 1909 mutuant,
682 1859 731 1897 eoo
746 1844 789 1897 oei
806 1858 948 1910 nunquam
974 1842 1023 1897 mit
1040 1844 1134 1912 ῧῡῇεπ
1155 1844 1223 1901 tritt.
1256 1842 1383 1897 Eundem
1403 1844 1494 1898 locum
1514 1843 1596 1898 nobis
1612 1842 1711 1914 objicit
1728 1842 1809 1897 Mart

111 1927 337 1994 resuscitandos,
355 1928 399 1982 ool
410 1936 480 1997 post
497 1927 739 1982 renunciationem
756 1945 790 1981 ac
802 1927 948 1996 judicium
974 1928 1133 1983 Borrichius
1152 1928 1338 1986 Calvinianus.
1371 1929 1506 1983 Pistorius
1527 1929 1555 1983 in
1570 1929 1672 2000 hodeg.
1690 1934 1808 1999 cap.12.

111 2012 208 2066 statim
236 2013 267 2067 in
293 2015 414 2069 nihilum
450 2016 626 2082 redipendoe.
671 2013 752 2078 Quod
787 2028 885 2066 revera
907 2011 948 2065 ita
974 2031 1000 2084 p.
1019 2018 1077 2069 5³6.
1099 2014 1237 2069 liutherus
1256 2015 1378 2068 animam
1396 2013 1514 2069 hominis
1527 2014 1597 2069 dicit
1615 2014 1727 2070 interire
1745 2030 1808 2067 cum

115 2098 258 2167 sentiant,
283 2098 367 2154 facile
393 2105 511 2169 apparet
538 2098 710 2169 exipsorum
736 2096 946 2168 hypothesibus.
974 2115 1088 2170 corpore
1106 2108 1135 2156 et
1149 2118 1209 2155 csse
1227 2101 1381 2155 mortalem.
1413 2100 1639 2171 Respondemus:
1662 2106 1685 2155 1.
1705 2099 1809 2154 Lutbe·

114 2183 249 2238 sntuunt
264 2185 353 2253 enim,
374 2186 452 2254 quod
468 2201 544 2239 moro
559 2185 679 2238 ltomimie
697 2184 735 2237 sit
754 2185 880 2251 eiusdem
898 2200 947 2236 aa·
974 2203 1021 2239 rus
1037 2187 1172 2241 sexcentis
1190 2187 1220 2240 in
1238 2186 1307 2241 locis
1319 2202 1406 2240 suam
1422 2186 1457 2240 de
1476 2186 1585 2240 ammae
1602 2185 1808 2240 immortalitate

112 2271 245 2324 nubilatio
262 2270 320 2326 sire
338 2270 368 2324 in
393 2271 510 2325 nihilum
535 2271 675 2339 redactio,
701 2270 832 2341 quodque
859 2286 947 2323 resur·
975 2272 1127 2326 doctrinam
1156 2273 1299 2343 proponit,
1327 2287 1410 2342 quam
1429 2272 1473 2325 his
1489 2271 1581 2327 verbis
1602 2271 1742 2342 abnegare
1760 2286 1808 2325 no·

111 2357 198 2411 rectio
225 2361 255 2411 et
280 2372 427 2428 resurgere
457 2356 528 2410 nihil
560 2356 636 2410 aliud
654 2356 704 2424 sit,
735 2373 819 2425 quam
842 2372 874 2409 ec
892 2373 948 2409 non
973 2357 1033 2412 luit.
1072 2363 1095 2415 2.
1114 2356 1261 2413 Gretserus
1279 2365 1308 2413 et
1325 2357 1373 2412 alii
1390 2373 1424 2412 ex
1441 2357 1558 2413 Jesuitis
1576 2356 1700 2412 Luthero
1720 2369 1806 2426 ψυχο-

112 2441 257 2497 Metonis
289 2444 391 2496 iterum
422 2443 553 2511 euirtere,
587 2447 619 2497 ut
654 2442 775 2496 vidimus
811 2442 946 2512 superius.
974 2452 1132 2513 παννυχίσιν
1147 2444 1285 2509 tribuunt,
1305 2451 1337 2498 ut
1354 2443 1469 2499 inferius
1485 2444 1646 2515 apparebit,
1665 2458 1732 2514 ergo
1751 2459 1807 2497 non

112 2527 239 2600 Negant,
258 2529 365 2584 animas
382 2528 525 2585 hominum
544 2535 608 2598 post
628 2535 744 2584 mortem
761 2529 884 2600 praemia
902 2529 946 2583 vel
972 2529 1086 2601 negavit
1104 2531 1213 2584 animae
1232 2529 1476 2598 immortalitatem,
1494 2530 1572 2584 aliud
1590 2530 1662 2584 enim
1683 2535 1725 2583 est
1742 2530 1807 2583 dor·

112 2630 215 2684 poenas
239 2615 380 2685 accipere,
409 2625 465 2688 qua
494 2616 529 2671 de
556 2632 587 2670 re
606 2615 755 2672 concilium
774 2615 946 2670 Recovieusc
972 2615 1053 2684 mire,
1079 2614 1155 2669 aliud
1184 2632 1240 2670 non
1258 2617 1399 2672 ersutere.
1443 2621 1467 2671 3.
1486 2615 1639 2670 Contentus
1662 2613 1807 2669 manifeste

112 2699 151 2755 sic
182 2700 319 2770 loquitur:
349 2702 640 2756 Animadvertendum
666 2709 722 2770 est,
754 2701 894 2756 Obrimum
922 2708 948 2753 et
972 2700 1101 2763 ostendit,
1119 2700 1275 2754 Lutherum
1294 2718 1350 2755 non
1368 2717 1472 2772 negare
1487 2701 1597 2756 ammae
1616 2698 1807 2756 immortalita-

111 2786 255 2855 apostoios
288 2795 401 2841 coactor
436 2789 529 2855 [uiam
565 2789 771 2858 qstodammodo
805 2787 947 2841 bominum
972 2793 1043 2856 tem,
1061 2787 1110 2842 sed
1130 2788 1248 2843 illudere
1262 2787 1394 2857 pontifici,
1421 2788 1468 2860 qui
1487 2805 1573 2843 novos
1589 2787 1655 2841 fidei
1674 2786 1805 2841 articmos

111 2873 296 2942 opisionsbue,
308 2889 381 2942 quae
392 2880 456 2927 tune
465 2875 631 2943 plerumque
643 2875 779 2944 tripedem,
797 2890 827 2927 se
839 2890 946 2927 accom-
971 2873 1000 2925 in
1019 2872 1076 2925 suis
1101 2873 1225 2927 conciliis
1252 2873 1398 2943 promittat
1418 2879 1446 2928 ct
1471 2890 1533 2927 cum
1552 2875 1589 2929 ad
1607 2890 1665 2927 rem
1684 2878 1806 2938 ventum,

112 2960 237 3023 modare,
256 2960 489 3029 quemadmodum
508 2962 579 3014 rans
596 2968 693 3030 aperte
706 2962 787 3014 dccet
800 2960 946 3029 parabola
971 2958 1095 3029 proferat
1109 2958 1153 3014 vel
1168 2975 1223 3028 eos,
1240 2961 1288 3028 qui
1302 2960 1360 3030 jam
1373 2965 1437 3014 autc
1450 2959 1479 3014 in
1493 2959 1642 3030 seripturis
1654 2964 1683 3013 et
1695 2956 1806 3027 symbo

112 3045 209 3098 divitis
227 3051 255 3098 et
272 3045 388 3099 acrore
432 3046 508 3100 Nam
528 3047 653 3114 aliquem
671 3047 702 3099 in
720 3047 836 3111 inferno
854 3047 945 3112 fuisse
971 3045 1006 3099 lis
1020 3045 1086 3101 lidei
1114 3046 1182 3100 satis
1208 3045 1324 3109 firmati,
1354 3047 1444 3116 qualis
1471 3050 1513 3101 est
1534 3046 1569 3101 de
1593 3043 1806 3105 immortalitate,

111 3139 135 3184 et
150 3131 193 3184 ibi
211 3132 350 3200 torqueri,
377 3131 408 3184 ia
433 3132 499 3186 sino
517 3132 651 3186 Abrahae
678 3134 855 3199 demmbere,
882 3141 946 3188 sunt
971 3149 1055 3203 quam
1074 3148 1129 3185 non
1156 3131 1195 3185 itu
1219 3130 1328 3203 pridem
1353 3130 1499 3186 definierat
1521 3131 1669 3185 concilium
1695 3131 1806 3184 Latera·

107 3217 196 3287 plane
215 3217 316 3283 fictitia
328 3225 355 3271 et
373 3217 481 3273 similia
499 3219 568 3285 illis,
585 3235 658 3287 quoe
665 3225 770 3289 poetae
790 3221 826 3273 de
838 3220 946 3289 Ixione,
972 3234 1057 3273 nense
1076 3217 1129 3271 sub
1149 3217 1245 3272 Leone
1264 3216 1300 3272 X.
1320 3233 1387 3273 sess.
1406 3223 1430 3272 8.
1449 3216 1492 3272 vel
1512 3234 1567 3280 eos,
1586 3216 1684 3288 quiex
1705 3213 1806 3269 scholis

112 3304 249 3374 Sisypho,
280 3305 403 3358 Tantalo
432 3306 574 3374 acribarum
605 3306 657 3359 bae
684 3306 769 3359 etiam
791 3308 947 3375 pmtdentia
972 3303 1200 3375 philosophorum
1229 3303 1309 3373 petiti
1333 3308 1361 3357 et
1384 3302 1420 3356 ed
1447 3303 1545 3357 salutis
1566 3302 1718 3357 doctrinam
1736 3300 1807 3354 nihil

110 3390 193 3444 bodie
216 3392 298 3458 apud
320 3391 421 3460 culpus
447 3390 672 3446 Christianorum
693 3393 724 3445 in
748 3393 802 3446 hae
827 3393 947 3447 materia
971 3391 1124 3462 quidquam
1142 3389 1314 3461 pertineant,
1334 3389 1424 3459 qualis
1445 3396 1487 3443 est
1506 3389 1541 3443 de
1559 3387 1699 3443 essentiali
1717 3387 1806 3441 forma

110 3477 242 3530 utendum
255 3476 331 3542 iliis,
359 3478 410 3547 qui
435 3478 546 3545 plor-iae
568 3479 628 3531 Dei
652 3479 808 3533 cmsuitam
825 3479 947 3548 cupiunt.
971 3477 1107 3546 corporis3
1126 3475 1171 3529 vel
1190 3474 1274 3529 etiam
1296 3475 1389 3539 falsos,
1408 3472 1633 3528 antichristianos
1652 3480 1680 3528 et
1697 3472 1806 3543 impios,

110 3564 176 3617 Noe
193 3580 237 3616 me
254 3563 330 3632 latet,
347 3563 447 3636 inquit,
465 3571 492 3618 te
511 3565 596 3617 etiam
623 3580 728 3632 nepaes
748 3565 945 3619 immortalite·
972 3563 1069 3634 quales
1089 3567 1156 3616 sunt
1176 3561 1211 3616 de
1229 3561 1405 3632 purgatorio,
1431 3560 1465 3614 de
1485 3559 1805 3621 transsubstantiatione,

109 3657 163 3703 tem
180 3650 342 3703 animarum
366 3650 424 3702 nisi
442 3649 670 3704 Ohmbtianosum
687 3652 718 3703 in
733 3651 945 3706 rerurrectione.
971 3650 1006 3704 de
1025 3647 1160 3703 sacrificio
1174 3647 1280 3712 missae,
1299 3646 1335 3701 de
1352 3653 1490 3716 potestate
1507 3663 1605 3717 papae,
1625 3650 1660 3698 de
1679 3644 1805 3698 ciborum

109 3734 143 3789 ld
161 3733 273 3805 quidem
291 3733 352 3804 ipss
376 3741 463 3806 negat
488 3752 552 3806 pag.
575 3741 616 3792 56.
643 3742 672 3792 et
698 3752 762 3808 pag.
783 3743 824 3792 11.
845 3737 945 3792 seder
972 3736 1080 3790 delectu
1099 3739 1150 3788 etc.
1168 3749 1238 3803 quos
1252 3748 1285 3786 ex
1303 3732 1429 3801 apostolo
1442 3738 1523 3787 vocat
1540 3731 1681 3787 doctrinas
1692 3729 1805 3784 daemo-

10 3823 43 3870 ltt.
57 3835 96 3882 tet
109 3819 159 3874 illa
178 3818 341 3890 hypothesi,
370 3820 445 3891 quod
470 3820 538 3874 mori
565 3820 601 3873 sit
620 3821 735 3889 penitsts
760 3823 900 3893 eastinpui
916 3829 946 3877 et
970 3822 1086 3876 nicrum.
1124 3819 1204 3873 Hanc
1222 3834 1282 3872 esse
1306 3818 1455 3889 genuinam
1476 3816 1593 3873 Lutbcri
1611 3821 1739 3884 mentem,
1755 3830 1804 3886 ap-

109 3922 253 3978 resurgere
275 3922 309 3960 ea
336 3924 392 3959 non
412 3913 472 3960 ente
490 3907 593 3960 dmum
617 3907 767 3971 emittm,
794 3907 945 3964 efficaciter
970 3911 1051 3977 paret
1068 3922 1101 3960 ex
1120 3920 1169 3973 eo,
1189 3903 1264 3975 qood
1282 3903 1398 3958 arficulo
1418 3904 1453 3958 de
1472 3902 1679 3959 immortalitate
1696 3901 1805 3956 animm

109 3991 242 4060 infertur,
267 3992 342 4048 unde
369 3991 454 4047 etiam
482 4009 547 4063 pag.
566 3998 608 4049 19.
636 3991 729 4047 locum
749 3993 943 4064 Ecclesiastico,
970 4007 1081 4063 apapa
1099 3990 1223 4046 stabilito
1242 3994 1389 4064 sipontinis
1415 3990 1547 4060 subjicit,
1576 3989 1679 4044 oblitus
1699 3988 1804 4042 suimet

109 4079 227 4151 epiritus
244 4079 320 4132 sedit
338 4080 379 4131 ad
398 4079 507 4145 Deum,
533 4080 584 4147 qui
602 4079 683 4131 dedit
699 4095 775 4146 eum,
794 4097 876 4151 quem
893 4097 944 4152 pro
970 4087 1033 4133 erat
1041 4077 1196 4147 Spirituee.
1205 4076 1291 4146 liujus
1301 4077 1418 4129 articuli
1426 4078 1457 4129 in
1464 4076 1596 4144 symbolo,
1606 4075 1805 4143 inquoomnee

110 4163 220 4218 minim
237 4163 445 4219 immortalitate
469 4164 641 4219 adstruenda
668 4164 788 4220 Paccius
807 4167 943 4237 produxe·
970 4166 1132 4227 eonfitemur
1149 4163 1234 4218 odam
1247 4171 1398 4216 naamam.
1426 4161 1532 4216 Eodem
1546 4158 1805 4230 sensueccipienda

109 4259 166 4319 rat,
202 4251 301 4305 misere
331 4256 452 4306 coavat
500 4249 685 4306 Schmaltzius
719 4251 789 4322 disp.
822 4259 844 4308 1.
869 4259 942 4310 cont.
969 4256 1036 4306 sunt
1051 4250 1137 4305 verba
1150 4248 1266 4304 Lutheri
1283 4249 1418 4303 inessert.
1438 4248 1559 4302 omnium
1573 4246 1681 4302 articul.
1696 4251 1748 4300 art.
1761 4250 1803 4302 21.

109 4335 221 4391 Fracta
241 4350 306 4406 pag.
325 4342 384 4391 1119.
411 4335 481 4391 falso
501 4335 555 4390 sibi
582 4335 694 4406 suisque
713 4323 826 4391 asseclis
845 4338 943 4410 affingi
970 4345 1037 4394 tom.
1058 4335 1350 4393 nummatam:
1370 4335 1614 4397 Permittotomeu,
1633 4333 1803 4402 quodpapa

108 4422 302 4494 conqueritur,
329 4421 405 4492 quod
434 4427 573 4489 statuent,
603 4423 741 4477 bominem
759 4426 832 4477 mori
849 4429 945 4494 quood
970 4427 1075 4478 condat
1093 4423 1230 4477 articulos
1249 4421 1320 4488 fidei
1337 4422 1393 4474 sibi
1415 4428 1441 4474 et
1458 4420 1517 4472 suis
1528 4419 1678 4489 fidelibus,
1706 4419 1805 4488 quales

108 4509 244 4572 animam,
262 4507 366 4563 ibidem
384 4513 478 4564 tamen
496 4508 591 4577 addit,
616 4526 655 4562 an
674 4510 794 4578 spiritur
812 4511 875 4578 ille,
894 4513 945 4580 qui
969 4518 1045 4573 eunt,
1072 4525 1175 4578 panem
1201 4515 1227 4561 et
1255 4508 1350 4561 einum
1376 4505 1642 4559 transsubstantiari
1660 4505 1690 4559 in
1707 4523 1804 4559 sacra·

108 4597 150 4648 ad
168 4597 261 4649 Deum
278 4595 354 4648 redit
371 4603 398 4648 et
428 4611 447 4647 a
466 4611 585 4662 corpore
604 4602 754 4663 separatus
785 4603 836 4659 eet,
861 4613 944 4650 senen
969 4603 1073 4659 mento,
1104 4595 1252 4648 essentiam
1270 4594 1331 4646 Dei
1348 4609 1399 4645 nec
1428 4607 1571 4659 perorare,
1595 4606 1645 4644 nee
1663 4590 1804 4661 penerari,

108 4681 207 4749 aliquo
219 4681 372 4752 praeditur
387 4681 425 4734 sit
438 4684 491 4738 etc.
501 4681 588 4735 ualde
600 4681 767 4747 dubitamus,
786 4682 842 4735 imo
857 4682 943 4736 als'ter
970 4684 1094 4737 animam
1121 4698 1182 4735 eree
1203 4682 1329 4746 sormam
1355 4677 1569 4731 substantialem
1596 4679 1725 4749 corporis
1755 4676 1804 4729 ita-

107 4783 168 4819 rem
183 4783 214 4820 se
232 4767 334 4819 batem
352 4767 502 4821 mmmm.
520 4782 586 4837 pag.
605 4772 671 4821 llll:
702 4767 862 4833 credimus,
883 4769 943 4820 ani·
971 4770 1055 4838 mani,
1074 4785 1102 4823 se
1121 4784 1180 4822 ease
1199 4768 1397 4835 imperatorem
1421 4764 1520 4817 mundi
1536 4770 1562 4816 et
1581 4780 1673 4832 nepem
1694 4764 1804 4818 coeliet

108 4868 169 4906 mas
186 4853 230 4907 sot
248 4852 368 4922 spiritur
379 4861 446 4921 post
462 4861 577 4906 mortem
595 4853 691 4906 redire
708 4854 751 4905 od
770 4854 878 4917 Deum,
896 4855 946 4924 qui
970 4858 1053 4910 deum
1077 4863 1230 4921 umerum,
1251 4852 1375 4905 animam
1398 4866 1456 4903 erse
1479 4851 1673 4905 immortalem.
1714 4847 1801 4904 Simili

108 4955 156 4991 eas
174 4938 267 5005 dedit,
293 4946 321 4992 et
345 4939 387 4993 ita
413 4955 464 4992 suo
488 4940 572 4993 modo
591 4940 677 5007 (note)
695 4941 859 5007 supmstitee
879 4956 945 4995 esee
970 4943 1053 5014 plane
1070 4938 1243 5011 impudentia
1258 4936 1394 4991 Pistoriae
1414 4934 1442 4989 in
1462 4935 1519 4989 suis
1539 4936 1615 4990 mille
1634 4934 1732 5005 viginti
1752 4933 1803 4988 iel·

107 5024 216 5080 Ibidem
250 5024 353 5081 refellit
382 5030 560 5095 argumenta,
590 5041 663 5094 quae
691 5042 742 5096 pro
774 5025 946 5082 adstruenda
970 5030 1008 5083 sis
1026 5026 1153 5084 omnibus
1171 5022 1338 5079 Lutheranis
1354 5023 1426 5076 hanc
1444 5020 1553 5076 affricet
1570 5021 1706 5082 haeresin,
1727 5020 1805 5088 quod

107 5114 215 5168 animm
233 5113 441 5168 immortalitate
466 5112 615 5166 Frentuius
635 5129 668 5167 ex
688 5113 767 5168 Luca
787 5119 836 5178 23,
855 5132 882 5168 v.
902 5119 944 5170 tt.
970 5133 1031 5170 cum
1051 5111 1228 5168 Sadducaeia
1247 5126 1303 5162 non
1323 5109 1442 5162 credant
1459 5108 1620 5161 animarum
1639 5106 1803 5159 immortali·

107 5198 207 5270 Philip.
230 5206 252 5269 1,
270 5217 296 5255 v.
316 5204 358 5256 2³.
377 5199 495 5270 Apocsl.
514 5204 538 5263 6,
558 5214 584 5250 v.
602 5204 627 5254 9.
647 5204 702 5255 etc.
723 5199 886 5263 adduxerat,
905 5216 940 5254 ao
969 5210 1062 5269 tatem,
1079 5205 1226 5270 propterea
1246 5195 1321 5267 quod
1339 5199 1450 5249 sanctos
1467 5210 1531 5247 cum
1545 5191 1655 5246 Christo
1672 5193 1702 5246 in
1720 5191 1804 5247 coelis

108 5302 172 5357 pag.
191 5290 251 5341 tte.
271 5286 425 5358 subjungit,
440 5287 532 5339 locum
549 5285 660 5341 Ecciee.
680 5288 732 5354 12,
759 5304 781 5340 r.
804 5290 826 5344 7.
853 5286 945 5341 solam
969 5288 1094 5342 viventes
1112 5283 1256 5354 appellent
1273 5288 1407 5335 mortuos.
1445 5279 1531 5350 Atqui
1555 5285 1575 5334 1.
1594 5278 1734 5349 sequimur
1749 5276 1804 5333 hec

106 5375 170 5438 fere
197 5390 269 5441 eree,
294 5375 344 5443 qui
370 5381 467 5442 aperte
488 5374 644 5441 confirmet,
672 5372 791 5426 bominis
820 5374 945 5427 animam
970 5373 999 5427 in
1019 5377 1099 5443 parte
1117 5370 1232 5423 ductum
1250 5366 1410 5437 scripturae
1426 5365 1504 5422 Rom.
1521 5370 1559 5433 ll,
1578 5382 1604 5419 v.
1618 5368 1642 5420 8.
1665 5371 1686 5420 l.
1706 5363 1803 5420 Thess.

105 5469 173 5529 pest
204 5469 322 5514 mortem
353 5459 528 5527 oupmetitem
558 5476 631 5525 erse,
664 5459 713 5513 sed
742 5458 820 5512 illum
852 5459 944 5529 ipsum
970 5467 1000 5528 l,
1018 5477 1043 5513 v.
1066 5463 1106 5512 11).
1126 5456 1213 5526 Apoo.
1235 5460 1279 5516 11,
1303 5470 1331 5509 v.
1352 5457 1391 5508 13.
1411 5458 1440 5506 et
1459 5451 1578 5522 symboli
1597 5450 1755 5521 apostolici,
1774 5450 1804 5505 in

108 5546 224 5604 Soeintu
243 5547 271 5601 in
289 5542 468 5616 peregrinum
492 5559 605 5600 sensum
636 5544 801 5614 detorquere
817 5548 944 5614 conetur,
971 5561 1026 5617 quo
1044 5543 1170 5599 Ohristus
1196 5540 1298 5596 dicitur
1318 5538 1406 5610 judex
1430 5537 1553 5593 rivorum
1576 5543 1606 5593 et
1624 5543 1803 5595 mortuorum.
