4104 6014
873 293 925 352 DF.
944 289 1083 354 MORTE.
1781 305 1815 363 13

122 448 363 514 Quemadmodum
380 467 490 508 romnus
517 449 604 508 oritur
627 469 660 508 ex
679 452 827 524 vaporibus
854 453 954 509 ventri·
983 454 1051 524 ipsi,
1084 469 1136 507 nec
1164 451 1307 507 adstantes
1337 457 1505 507 momentum
1538 453 1627 508 exitus
1660 452 1814 512 observent.

122 537 179 591 culi
199 539 236 592 ad
262 539 406 595 cerebrum
427 539 542 605 delatis,
572 541 620 612 qui
643 557 742 595 nervos
770 546 907 611 occupant
929 548 958 594 et
984 538 1054 595 Gen.
1073 546 1114 609 21,
1131 556 1156 594 v.
1176 545 1198 596 2.
1218 541 1318 610 ipnoro
1337 540 1413 592 diem
1431 540 1528 593 mortis
1545 555 1633 594 meae.

121 626 299 695 operationes
318 644 449 683 sensuum
460 627 630 697 impedirem
647 627 688 681 sic
705 644 778 680 mors
790 627 910 698 corporis
923 644 955 681 ex
1019 629 1102 681 Mors
1121 635 1199 681 certo
1218 635 1267 692 est,
1285 627 1382 681 mortis
1400 626 1472 680 nihil
1489 636 1529 680 eet
1547 629 1682 681 incertius
1699 626 1778 680 bora.

123 726 157 763 eo
177 711 311 783 originem
330 713 430 780 trahit,
455 713 530 785 quod
558 713 639 785 primi
666 714 751 768 nostri
771 719 901 784 parentes
922 713 957 766 de
1019 713 1103 775 Quod
1116 712 1249 777 morern,
1279 722 1383 768 certum
1400 720 1455 782 cst,
1484 715 1632 782 incertum,
1660 714 1724 777 ubi,
1751 729 1818 781 quo·

122 795 218 851 fructu
249 797 355 854 arboris
386 800 488 855 vetitae
520 800 701 868 comederint,
736 800 801 854 inde
837 816 957 871 namque
1149 802 1241 868 modo,
1259 803 1382 869 qrsondo.

126 881 247 953 factum,
272 890 305 939 ut
326 894 477 941 venenatus
495 887 603 957 peccati
621 886 689 941 odor
704 892 793 941 totum
811 903 911 957 corpus
929 891 958 940 et
985 886 1223 950 Quemadmodum
1248 885 1368 940 infantes
1395 903 1429 940 ac
1458 887 1536 957 pueri
1568 902 1623 940 non
1656 883 1816 954 intelligunt
1832 893 1902 934 xvn.
1912 892 1945 936 11.

123 969 218 1024 omnia
240 971 300 1041 ejus
324 971 448 1026 membra
474 972 674 1043 pertransiens,
698 979 757 1026 tum
780 973 869 1043 ipsos,
897 978 956 1025 tum
983 973 1072 1026 somni
1104 973 1263 1040 commoda,
1289 973 1353 1026 ideo
1385 989 1468 1042 aegre
1496 972 1620 1027 cubitum
1645 986 1704 1026 sese
1727 969 1817 1024 coufe-

123 1071 220 1109 omnes
237 1062 362 1126 posteros
388 1058 469 1112 morti
493 1058 625 1113 obnoxios
645 1057 810 1127 reddiderit,
835 1057 913 1112 Rom.
932 1064 956 1123 5,
982 1065 1061 1127 runt3
1082 1059 1123 1113 sic
1139 1058 1289 1130 spiritualis
1309 1057 1474 1128 prudentiae
1494 1065 1626 1129 respectu
1647 1073 1738 1111 coram
1757 1055 1818 1110 Deo

123 1158 150 1197 r.
172 1147 211 1197 12.
229 1158 291 1213 cap.
310 1148 344 1213 6,
361 1161 387 1197 v.
405 1149 446 1200 23.
464 1162 497 1201 11
517 1146 583 1216 1111
600 1162 736 1201 venenum
762 1145 831 1199 illud
848 1144 955 1215 peccati
982 1161 1046 1199 sero
1063 1150 1129 1198 sunt
1144 1145 1238 1215 pueri,
1256 1145 1302 1215 qui
1330 1161 1384 1198 non
1405 1144 1577 1216 intelligunt,
1601 1151 1736 1213 quantum
1751 1141 1817 1196 boni

38 1232 41 1236 ’
122 1244 174 1282 nos
193 1228 314 1297 ipsorum
331 1229 435 1299 posteri
452 1229 481 1283 iu
500 1247 614 1302 corpore
630 1236 767 1302 perpetuo
783 1231 810 1284 in
829 1230 957 1284 haesita
982 1232 1067 1286 sitin
1095 1237 1183 1286 morte
1209 1231 1330 1302 piorum,
1367 1230 1484 1301 ideoque
1521 1236 1638 1286 mortem
1667 1229 1819 1299 nimiopere

124 1311 270 1368 nobiscum
289 1313 513 1383 circumferimus,
532 1316 595 1371 ideo
610 1318 693 1371 etiarn
706 1322 820 1371 mortem
835 1323 956 1372 nostram
982 1318 1184 1374 exhorrescunt.
1228 1318 1465 1384 Quemadmodum
1490 1333 1615 1383 somnus,
1643 1316 1684 1369 ita
1706 1331 1818 1386 111111
1831 1320 1888 1364 ¹V11
1907 1319 1941 1362 10-

123 1397 153 1451 in
172 1398 252 1454 nobis
279 1400 346 1471 ipsis
369 1417 477 1471 semper
501 1402 734 1471 circumferimus,
761 1419 814 1457 nec
841 1408 956 1473 repente
982 1422 1054 1458 mors
1083 1403 1210 1458 omnibus
1238 1402 1393 1458 hominibus
1425 1404 1578 1458 communis
1605 1408 1660 1470 cst,
1686 1417 1720 1455 ae
1745 1401 1818 1454 sicut

123 1483 153 1537 in
180 1490 294 1541 mortem
322 1485 481 1556 incidimus,
509 1487 559 1542 sed
580 1488 738 1543 minutatim
769 1488 953 1558 procedimus.
983 1507 1102 1558 somnus,
1123 1488 1163 1543 ita
1183 1506 1293 1559 quoque
1313 1506 1386 1544 mors
1405 1490 1488 1543 etiam
1507 1489 1600 1543 invitis
1618 1487 1726 1558 obrepit
1745 1492 1797 1542 etc.

124 1570 243 1635 Quando
267 1589 402 1628 venenum
432 1581 476 1629 est
507 1574 579 1630 intro
607 1581 759 1629 assumtum
789 1575 956 1646 quandoque
1021 1582 1059 1631 111.
1096 1577 1263 1632 2.]1111111
1286 1575 1535 1629 concomitantiam.
1575 1573 1815 1639 Quemadmodum

124 1657 172 1711 diu
190 1658 286 1713 haeret
306 1659 335 1713 in
356 1677 478 1731 corpore,
497 1667 645 1733 antequam
664 1661 720 1715 vim
738 1678 815 1716 suam
834 1668 955 1731 exserat3
984 1676 1096 1715 somnus
1114 1668 1234 1731 occupat
1255 1660 1343 1714 solum
1362 1660 1485 1715 membra
1503 1666 1645 1715 11111111
1663 1659 1818 1728 exteriores,

123 1745 164 1799 sic
183 1745 266 1800 etiarn
285 1747 392 1815 peccati
416 1763 550 1802 venenum
572 1747 601 1802 in
629 1765 710 1802 carne
735 1754 831 1802 nostra
848 1746 953 1814 haeret,
983 1764 1045 1801 curn
1065 1747 1174 1802 interim
1195 1746 1290 1800 anima
1306 1746 1449 1800 interiores
1468 1763 1532 1800 1111
1551 1746 1726 1817 operationes
1744 1760 1818 1799 exer·

124 1831 203 1886 Rom.
225 1838 255 1899 1,
281 1849 309 1890 v.
332 1838 370 1888 16.
389 1832 475 1888 Hebr.
497 1839 542 1897 12,
566 1851 592 1890 v.
615 1841 637 1890 1.
654 1834 724 1889 illud
741 1836 770 1889 in
790 1833 957 1905 quibusdam
983 1839 1054 1905 1111,
1071 1839 1103 1887 11
1122 1850 1156 1889 ex
1180 1824 1321 1887 insomniis'
1335 1833 1489 1903 colligitur:
1508 1833 1548 1887 sic
1570 1833 1597 1885 in
1614 1839 1702 1887 morte
1719 1847 1818 1900 corpus

125 1918 215 1982 citius,
235 1919 264 1972 in
283 1918 450 1989 qubiusdam
467 1921 575 1975 tardius
598 1928 714 1976 mortem
733 1926 870 1991 operatur,
888 1919 956 1974 inte·
983 1919 1072 1973 solum
1111 1919 1221 1987 interit,
1264 1918 1357 1974 anirns
1393 1926 1486 1973 autem
1520 1918 1629 1989 piorum
1662 1918 1692 1969 in
1728 1918 1818 1970 unnim

123 2005 174 2058 rim
193 2003 321 2060 omnibus
338 2011 381 2060 est
405 2006 502 2073 letale,
527 2023 560 2061 ac
579 2008 601 2060 si
621 2008 665 2063 vel
683 2007 801 2062 maxime
818 2006 855 2061 ab
869 2005 955 2060 omni·
985 2006 1118 2060 Abrahae
1138 2005 1304 2060 transfertur
1322 2006 1391 2060 Luc.
1415 2012 1459 2076 16,
1487 2023 1512 2058 v.
1534 2011 1575 2062 22.
1595 2005 1706 2070 fruitur
1726 2021 1820 2057 cosso·

124 2091 177 2146 bus
194 2091 286 2145 causis
305 2092 401 2145 mortis
426 2094 545 2147 externis
564 2110 598 2148 ac
618 2095 747 2149 violentis
765 2093 850 2147 simus
868 2091 956 2160 liberi,
984 2093 1091 2146 latione
1118 2111 1144 2147 v.
1166 2097 1207 2147 21.
1238 2108 1271 2146 ac
1301 2109 1384 2148 serae
1412 2092 1486 2147 vitae
1516 2091 1655 2162 particeps
1687 2091 1819 2145 redditur.

128 2184 222 2233 tamen
241 2192 313 2230 mors
333 2184 360 2233 et
384 2180 523 2249 corruptio
546 2181 673 2250 provenit
691 2198 708 2235 a
727 2197 812 2235 causa
829 2177 957 2233 interiore
984 2176 1082 2234 Matth.
1116 2185 1162 2246 10,
1191 2197 1216 2234 v.
1244 2183 1284 2234 28.
1314 2180 1437 2231 animum
1469 2178 1596 2230 occidere
1615 2195 1670 2230 non
1691 2184 1819 2245 possuntt.

125 2263 252 2319 omnibus
270 2263 427 2318 homiuibus
445 2267 590 2322 communi.
635 2266 876 2329 Quemadmodum
901 2280 955 2318 uon
983 2264 1158 2335 Augustinus
1175 2264 1223 2321 lib.
1238 2271 1261 2320 6.
1276 2264 1425 2321 confusae.
1444 2269 1490 2319 tr:
1510 2263 1817 2332 Mortccorporisoita

127 2367 222 2406 omnes
232 2349 343 2421 placide
356 2366 389 2404 ac
402 2351 523 2406 suaviter
535 2351 749 2422 obdormiscunt,
765 2352 813 2407 sed
829 2351 869 2405 illi
884 2351 953 2405 dun·
984 2351 1096 2403 onimnc
1126 2369 1182 2404 non
1212 2351 1390 2407 consum-itur.
1434 2349 1673 2414 Quemadmodum
1704 2365 1815 2401 somnus

125 2441 218 2500 taxat,
245 2435 294 2506 111
313 2435 405 2490 animo
420 2435 514 2507 quieto
532 2443 559 2492 et
572 2454 687 2508 corpore
712 2439 852 2513 moderate
873 2442 955 2508 pasto
984 2443 1026 2490 est
1045 2437 1137 2490 suavis
1156 2442 1184 2490 et
1200 2436 1276 2490 utilis
1288 2437 1397 2507 requies
1416 2444 1474 2490 tem
1492 2436 1622 2507 aegrotis,
1641 2451 1724 2506 quam
1743 2434 1817 2487 sanis

126 2522 251 2577 cubitum
264 2538 324 2577 sese
342 2521 504 2590 conferunt,
526 2524 573 2593 qui
593 2525 667 2578 curis
685 2542 745 2580 seso
765 2529 906 2580 macerant
926 2539 958 2577 ac
983 2521 1152 2576 hominibus:
1180 2521 1245 2577 loh.
1270 2530 1312 2590 11,
1339 2540 1363 2577 v.
1386 2528 1423 2577 12.
1449 2522 1489 2576 111
1504 2523 1604 2576 mortui
1624 2523 1769 2590 quiescunt
1787 2521 1817 2573 in

126 2608 311 2664 conscientiae
329 2624 412 2663 onero
429 2617 588 2680 gravantur,
603 2610 711 2665 illorum
730 2628 842 2666 somnus
859 2616 902 2664 est
919 2611 957 2663 iu·
985 2610 1122 2662 cubilibus
1140 2609 1337 2675 1111111126,
1356 2625 1381 2664 s.
1396 2615 1436 2664 21.
1458 2626 1491 2664 ac
1508 2611 1684 2677 requiescunt
1703 2629 1722 2662 o
1739 2609 1816 2662 tolo-

127 2697 238 2768 quietus
269 2712 302 2750 ac
332 2695 522 2751 turbulentus:
552 2698 593 2752 sic
620 2698 711 2769 impiis
735 2716 808 2753 mors
833 2715 889 2751 111
917 2702 959 2751 111
984 2697 1063 2750 ribus
1081 2695 1817 2766 11111111.14ςν.1111111111111111111111111

126 2783 220 2837 suavis
238 2798 363 2851 somnus,
386 2782 435 2836 sed
459 2782 552 2852 potius
578 2782 686 2837 initium
705 2784 801 2840 mortis
821 2790 957 2849 aeternae,
985 2798 1008 2836 c.
1031 2782 1156 2836 318111
1173 2799 1249 2834 mors
1276 2791 1316 2835 est
1342 2784 1451 2853 requies
1474 2784 1544 2837 uiro.
1594 2781 1661 2837 Dies
1681 2784 1768 2837 nostri
1786 2783 1814 2836 in

125 2868 256 2925 auferunt
284 2869 358 2924 enim
386 2885 479 2924 secum
505 2886 539 2924 er
567 2869 621 2925 hac
644 2871 702 2925 vita
724 2872 868 2926 rodentem
891 2888 957 2926 con·
984 2868 1037 2921 hac
1054 2868 1113 2922 rita
1132 2874 1199 2922 sunt
1218 2870 1281 2922 dies
1299 2871 1477 2938 mercenarii,
1497 2876 1528 2924 ut
1547 2885 1615 2940 ergo
1632 2869 1816 2924 mercenarius

126 2957 257 3012 1111111111
277 2973 396 3010 onmem
426 2955 556 3024 111166,
586 2973 610 3011 v.
634 2962 674 3012 21.
699 2957 750 3012 soli
776 2964 867 3013 autem
893 2973 957 3011 vere
985 2954 1170 3025 praestolatur
1187 2953 1269 3008 finem
1288 2956 1379 3025 operis
1398 2957 1455 3024 sui;
1477 2955 1515 3009 sic
1534 2954 1630 3010 mortis
1648 2955 1768 3026 quietem
1788 2956 1816 3009 in

125 3044 181 3114 pii,
200 3044 248 3115 qui
265 3045 295 3097 nr
315 3044 438 3098 Domino
461 3045 634 3111 moriuntur,
658 3045 767 3115 placide
783 3045 959 3113 requiercunt
985 3042 1068 3112 hujus
1091 3042 1165 3096 sitae
1187 3041 1304 3097 miseriis
1328 3050 1357 3098 11
1379 3044 1520 3100 laboribus
1549 3041 1651 3114 cupide
1678 3043 1814 3098 desidere-

126 3150 146 3184 u
163 3130 306 3185 laboribus
325 3131 384 3183 secie
402 3130 517 3201 Apocal.
542 3137 588 3198 14,
613 3149 639 3187 v.
661 3137 700 3186 16.
726 3132 869 3201 deponunt
886 3132 958 3187 euim
984 3145 1057 3198 mus,
1089 3128 1153 3184 lob.
1173 3134 1203 3197 1,
1226 3146 1252 3183 r.
1272 3135 1293 3185 1.
1323 3136 1352 3184 11
1376 3135 1398 3185 2.
1420 3129 1658 3194 Quemadmodum
1677 3130 1764 3184 animi
1790 3138 1818 3185 11

125 3232 286 3288 pernoram
304 3217 502 3288 poenitentiam
522 3223 551 3271 et
577 3217 661 3271 fidem
680 3218 709 3271 iu
729 3217 869 3272 Christum
888 3234 958 3271 onus
985 3215 1106 3293 corporis
1124 3215 1196 3269 vires
1219 3214 1248 3269 in
1265 3231 1361 3269 somno
1379 3222 1555 3286 reparantur,
1579 3223 1611 3270 ut
1633 3216 1713 3271 homo
1733 3233 1811 3270 mane

126 3303 235 3374 peccati
265 3303 339 3373 ipsos
367 3319 508 3373 premens,
532 3302 671 3357 Christum
699 3303 773 3358 vitae
805 3304 903 3358 ducem
932 3309 960 3357 et
985 3301 1101 3355 alacrior
1118 3317 1152 3355 ac
1172 3301 1295 3372 vegetior
1312 3301 1350 3356 ad
1367 3302 1512 3373 pristinum
1528 3319 1598 3372 opus
1616 3302 1719 3370 redeat,
1741 3301 1814 3357 unde

127 3390 223 3443 mortis
249 3390 380 3444 victorem
409 3405 476 3443 vera
504 3390 595 3444 cordis
624 3388 727 3444 fiducia
755 3390 959 3460 amplectuntur
984 3386 1476 3444 Τ11111111111111.111111ι.1.13.
1494 3407 1521 3459 p.
1540 3393 1596 3444 281.
1615 3404 1739 3441 somnum
1758 3388 1818 3457 pul·

127 3491 161 3530 ec
178 3475 263 3530 vitam
282 3493 360 3530 suam
377 3475 417 3531 ita
430 3482 607 3547 componunt,
626 3483 783 3533 utmortem
803 3478 958 3532 venientem
985 3472 1119 3527 cherrima
1137 3479 1218 3528 vocat
1231 3483 1414 3530 recreatorem
1430 3492 1589 3544 corporum,
1610 3473 1815 3542 redintcprato·

127 3569 230 3634 pacato
245 3579 280 3617 ac
297 3561 371 3617 laeto
389 3561 480 3617 animo
506 3580 613 3633 semper
630 3570 797 3634 exspectent.
835 3566 958 3618 Mortem
984 3575 1042 3612 rem
1071 3559 1189 3629 vidum,
1217 3560 1397 3630 probatorem
1425 3561 1629 3626 valetudinum,
1654 3566 1817 3628 poccatorem

127 3649 278 3703 uenientem
292 3666 372 3702 nemo
397 3649 489 3702 iaetus
507 3650 623 3717 sucipit,
651 3651 708 3703 nisi
729 3651 779 3718 qui
801 3667 830 3702 ee
848 3650 898 3702 diu
918 3653 960 3704 nd
985 3663 1101 3716 operum
1124 3655 1151 3700 et
1176 3648 1314 3701 medicum
1332 3648 1476 3716 laborum
1501 3647 1541 3701 sic
1558 3663 1630 3700 mors
1648 3646 1756 3714 piorum
1775 3652 1817 3700 est

128 3753 189 3790 earn
217 3737 384 3806 composuit,
408 3735 514 3792 Seneca
542 3736 622 3808 epist.
650 3742 691 3793 ³0.
721 3736 959 3800 Quemadmodum
985 3732 1072 3786 veluti
1089 3734 1227 3803 quaedam
1246 3731 1438 3794 ἀνακαίνωσις.
1456 3732 1607 3799 renovatio,
1626 3748 1659 3786 ac
1679 3732 1818 3802 reparatio

128 3839 225 3878 somno
255 3839 305 3878 nos
333 3821 424 3878 daturi
449 3830 539 3878 vestes
577 3822 753 3894 deponimus,
781 3823 821 3876 itu
849 3839 959 3894 quoque
986 3819 1106 3873 omnium
1125 3819 1237 3888 virium,
1261 3826 1293 3874 11
1310 3818 1417 3875 Christo
1434 3819 1560 3891 justitiae
1577 3819 1634 3873 sole
1650 3819 1680 3872 iu
1697 3826 1817 3873 extremo

129 3910 270 3981 apostolus
297 3909 400 3967 2.(111
429 3916 461 3973 5,
495 3929 519 3967 v.
548 3917 574 3966 4.
599 3909 710 3977 asserit,
738 3925 787 3962 nos
817 3910 844 3963 11
872 3918 959 3966 morte
986 3905 1032 3958 die
1051 3907 1188 3961 exoriente
1215 3906 1361 3961 alacriores
1388 3923 1422 3961 11
1439 3906 1592 3978 vegetiores
1611 3904 1667 3960 sint
1683 3906 1718 3959 ad
1739 3923 1817 3976 pera-

129 3993 316 4064 eminerem,
336 3997 414 4065 emti,
441 3994 506 4066 quia
534 4013 607 4051 mors
625 3995 752 4051 omnibus
771 3994 854 4068 hujus
886 3998 959 4053 vitae
984 3993 1077 4064 geuda
1100 4010 1196 4064 opera,
1217 3995 1254 4049 ad
1279 4010 1351 4064 quae
1377 3994 1512 4065 inprime
1530 3993 1669 4049 creatione
1686 3993 1817 4047 divinitus

128 4083 209 4138 11111
227 4098 277 4137 111
295 4081 416 4137 1111111
434 4085 563 4136 accurate
579 4081 727 4153 perquirit,
752 4083 955 4156 nequidquam
985 4087 1049 4134 sunt
1066 4080 1178 4135 conditi.
1214 4080 1451 4146 Quemadmodum
1478 4079 1616 4134 dormiens
1634 4079 1671 4133 ab
1690 4078 1816 4133 omnibus

128 4176 298 4224 terrenorum
311 4185 344 4223 ex
362 4167 415 4223 hac
431 4169 490 4222 rita
503 4168 646 4223 nobiscum
661 4169 825 4224 auferamus.
854 4170 917 4227 lob.
935 4177 959 4241 1,
985 4166 1130 4222 affectibus
1152 4172 1268 4223 naturae
1287 4167 1423 4235 adversis,
1441 4184 1459 4220 a
1476 4167 1564 4236 curis,
1579 4166 1746 4237 angoribus,
1768 4167 1817 4219 tri·

129 4274 154 4312 v.
180 4260 228 4312 21:
257 4256 360 4309 Nudus
383 4270 510 4323 epressus
535 4273 595 4309 sum
616 4257 651 4309 dc
668 4264 748 4309 utero
765 4257 865 4310 matris
882 4274 959 4312 meae
986 4254 1075 4323 111111,
1101 4255 1209 4324 dolore,
1237 4260 1312 4309 metu
1336 4260 1379 4309 est
1405 4253 1548 4319 immunis3
1568 4253 1608 4307 sie
1626 4253 1665 4322 pii
1685 4253 1713 4305 in
1729 4262 1816 4308 morte

129 4353 154 4397 et
173 4344 267 4396 nudus
285 4349 411 4395 reuertar
427 4343 506 4398 illuc.
545 4349 568 4398 1.
591 4342 662 4399 Tim.
679 4349 703 4409 6,
729 4362 754 4397 v.
770 4351 798 4398 7:
819 4344 901 4397 Nilil
914 4345 958 4397 in·
985 4340 1022 4395 ab
1046 4340 1101 4394 illis
1116 4340 1235 4412 flagellis
1258 4340 1337 4396 liberi
1362 4341 1473 4395 beatam
1499 4346 1528 4393 et
1546 4338 1722 4409 tranquillam
1740 4339 1815 4409 apud

128 4431 243 4484 tulimus
259 4429 289 4481 in
308 4430 453 4491 mundum,
481 4429 675 4495 manifestum,
701 4432 779 4500 quod
802 4447 852 4483 nec
878 4432 958 4501 qnid-
985 4425 1076 4481 Deum
1094 4425 1179 4480 vitam
1198 4433 1286 4498 agunt
1300 4427 1366 4481 etin
1387 4425 1520 4497 sepulcris
1542 4425 1618 4502 velut
1633 4431 1816 4498 κοιμητηρίοις

128 4534 211 4587 dudm
233 4516 349 4580 oufens
369 4517 517 4585 poscimur.
560 4516 668 4587 Corpus
693 4525 815 4572 11111111
841 4523 884 4572 111
901 4519 958 4572 ani·
985 4529 1017 4566 sc
1043 4511 1208 4567 dormitoriis
1236 4512 1293 4566 suis
1321 4526 1416 4576 somno
1446 4510 1569 4566 fruentes
1595 4511 1698 4566 laetum
1726 4528 1814 4566 resur-

128 4618 190 4657 111
208 4603 286 4673 quasi
303 4601 411 4676 ἔνδυμα
425 4618 458 4655 ac
470 4602 672 4666 vestimentum,
690 4603 767 4672 utqui
786 4602 855 4657 illud
868 4603 957 4675 ipsum
984 4598 1114 4654 rechonis
1133 4599 1206 4653 diem
1224 4597 1252 4652 in
1278 4615 1347 4669 pace
1367 4603 1536 4668 exspectant.
1577 4590 1815 4663 Quemadmodum

129 4689 156 4742 in
175 4693 263 4744 morte
282 4688 421 4759 deponere
438 4689 590 4760 eodemque
614 4688 675 4744 exui
695 4688 827 4760 cogimur,
847 4696 871 4745 2.
885 4689 958 4747 Petr.
985 4685 1150 4761 dormientes
1171 4703 1227 4740 nou
1249 4685 1473 4741 animadvertunt
1491 4703 1542 4742 uec
1561 4691 1672 4754 curant,
1699 4687 1766 4757 quid
1786 4686 1815 4740 in

131 4779 158 4845 1,
183 4793 211 4830 v.
237 4780 275 4830 11.
323 4772 535 4845 chrysostomus
558 4772 587 4828 in
614 4775 711 4829 morali
739 4774 831 4830 homil.
862 4783 886 4832 6.
915 4793 959 4848 ep.
985 4773 1084 4845 plateis
1101 4779 1214 4845 agatur,
1234 4789 1270 4827 an
1286 4772 1410 4829 homines
1429 4779 1523 4828 emant
1541 4773 1585 4828 vel
1604 4772 1738 4841 vendant,
1763 4773 1815 4827 111-

128 4860 228 4916 Hebr.:
247 4861 317 4914 Cum
335 4868 416 4915 tanto
428 4860 569 4928 facilitate
586 4877 697 4915 curnem
711 4877 811 4916 emcerc
824 4865 959 4930 debemus,
984 4865 1045 4916 tent
1062 4861 1106 4916 rel
1126 4867 1259 4932 pugnent,
1277 4877 1368 4932 11111
1383 4865 1493 4931 tempus
1514 4866 1675 4914 mensurant
1691 4866 1740 4915 aut
1754 4862 1815 4931 ejus

128 4967 189 5003 cnm
210 4956 317 5018 111111
343 4948 531 5002 vestimentum
555 4949 685 5004 acuimus.
730 4948 910 5020 Deponamus
930 4958 959 5005 et
985 4947 1116 5003 articulos
1143 4954 1320 5020 computant3
1358 4948 1397 5003 sic
1428 4948 1529 5002 mortui
1567 4965 1623 5002 non
1658 4945 1816 5002 afficiuntur

127 5052 177 5091 nos
196 5035 298 5091 veteris
317 5033 418 5089 Adami
441 5035 580 5104 tunicam,
605 5052 737 5091 exuamus
761 5053 854 5091 curam
874 5044 958 5094 terre·
985 5035 1059 5090 curis
1077 5035 1159 5106 hujus
1177 5035 1285 5098 mundi,
1308 5051 1397 5106 neque
1423 5034 1499 5104 pensi
1526 5033 1676 5103 quidquam
1703 5026 1814 5104 habent,

127 5141 242 5194 norum,
279 5123 319 5177 its
351 5123 502 5192 poterimus
538 5121 633 5193 quiete
669 5122 870 5180 obdormiscere
906 5131 958 5181 etc.
984 5139 1020 5177 au
1038 5122 1199 5193 superstites
1217 5121 1299 5190 bello,
1317 5122 1361 5177 vel
1381 5122 1470 5189 fame,
1488 5119 1726 5190 persecutionibus
1744 5119 1815 5175 affli-

127 5208 363 5276 Quemadmodum
387 5225 498 5263 somnus
518 5208 655 5264 hominem
681 5211 846 5282 quandoque
870 5212 957 5282 inopi·
985 5216 1101 5282 gantur,
1124 5209 1211 5263 multo
1235 5210 1326 5263 minus
1350 5209 1455 5280 aliquid
1473 5207 1616 5263 molestiae
1632 5207 1676 5261 vel
1694 5207 1816 5262 solicita·

126 5306 191 5351 usto
213 5295 359 5366 opprimit,
390 5296 459 5350 adeo
487 5302 520 5350 ut
547 5302 716 5351 momentum
731 5296 801 5351 illud
818 5299 956 5370 temporis,
984 5297 1056 5351 dinis
1073 5313 1106 5351 ex
1124 5296 1247 5351 adversis
1265 5295 1443 5366 superstitum
1460 5296 1672 5366 persentiscunt.
1703 5300 1726 5349 2.
1745 5293 1815 5366 Reg.

126 5401 181 5454 quo
199 5381 350 5439 obdormit.
375 5400 430 5437 non
451 5382 539 5453 possit
557 5388 652 5437 exacte
675 5390 786 5452 notare,
812 5385 852 5439 sie
869 5385 955 5439 homi·
984 5388 1025 5450 22,
1043 5401 1068 5439 v.
1087 5389 1135 5439 20:
1170 5383 1307 5453 Collipum
1332 5391 1359 5436 te
1379 5386 1419 5435 ari
1433 5391 1533 5453 patrea
1552 5390 1626 5446 tuos,
1650 5399 1684 5434 ne
1701 5383 1815 5436 or'dsont

124 5485 172 5523 nes
189 5468 359 5540 quandoque
371 5468 546 5538 eotemporis
564 5475 701 5524 momento
721 5470 881 5535 moriuntur,
900 5489 955 5541 quo
984 5470 1061 5524 oculi
1076 5470 1119 5522 tui
1132 5470 1226 5524 omniu
1238 5470 1324 5537 mula,
1346 5486 1417 5538 quae
1429 5470 1640 5522 introducturus
1652 5485 1713 5521 sum
1727 5485 1813 5541 super

125 5556 160 5612 de
186 5563 274 5610 morte
302 5555 415 5610 minime
441 5554 562 5609 omniurn
590 5555 729 5626 cogitant,
761 5573 793 5610 ac
824 5558 955 5627 opinione
982 5558 1073 5610 locum
1100 5557 1193 5613 istum.
1227 5556 1291 5612 Job.
1311 5563 1357 5618 11,
1376 5574 1400 5609 v.
1419 5560 1469 5610 21:
1490 5555 1554 5608 Sive
1578 5555 1685 5608 nobiles
1701 5556 1809 5617 frierint

124 5635 206 5699 citius
226 5642 321 5697 anima
336 5658 352 5697 1
370 5643 492 5714 corporis
514 5640 675 5696 habitaculo
698 5643 828 5714 emigrat,
856 5649 887 5697 ut
904 5661 955 5699 nec
980 5643 1038 5709 filii
1053 5642 1128 5713 ejus,
1152 5643 1209 5697 siue
1228 5643 1379 5712 ignobiles,
1404 5660 1460 5695 non
1482 5642 1627 5710 intelliget.
1662 5641 1767 5697 Eccles.
1786 5648 1811 5708 9,
