4074 6022
808 206 860 262 nn
886 206 1027 266 noers.
1723 217 1763 278 93

63 371 228 419 nnmerum
247 361 388 417 menanti
411 361 576 432 provideas.
622 363 760 433 Appende
779 380 861 431 erqo,
879 361 908 415 si
930 365 1033 430 stituit,
1058 373 1089 419 ut
1113 380 1206 418 onmes
1224 365 1280 429 filii
1297 365 1392 420 Imail
1410 375 1454 421 ter
1476 366 1507 420 in
1524 383 1598 420 anno
1617 369 1658 420 ad
1674 367 1763 420 taber·

64 457 161 504 tuntus
179 451 216 505 sit
234 451 348 514 metus
368 450 494 515 itineris,
514 458 544 503 ut
562 450 695 519 supplere
708 451 801 520 possit
820 452 905 503 inter·
931 452 1062 506 naculum
1080 452 1124 506 ael
1136 453 1267 521 templum
1280 454 1400 508 Dmnini
1412 455 1669 524 pereqrinarentur,
1688 456 1765 524 quod

64 538 171 590 ιιιιίιαι
200 537 380 609 dispendium
410 537 593 590 obedientiae.
640 536 767 591 Tandem
795 536 904 592 conclu·
928 545 1111 607 praeceptum
1142 539 1267 592 studiose
1298 541 1429 594 seruabat
1458 542 1590 595 Helcana
1624 549 1649 594 et
1679 541 1764 594 Anna

67 621 123 678 dit:
142 624 188 676 Tu
207 624 302 693 inque
317 640 373 692 pro
390 630 453 677 uoto
470 622 659 692 rapacitatem
677 630 760 693 atque
783 623 904 676 enectin-
930 641 1001 676 asor
1019 626 1080 693 ejus
1102 631 1124 679 1.
1144 617 1251 697 Reg.'l.
1271 644 1321 684 nec
1338 645 1394 682 non
1409 625 1535 681 Obristm
1553 627 1614 697 ipse
1632 645 1692 680 cum
1711 645 1764 680 sua

67 724 119 762 nes
138 717 250 763 morum
276 726 432 779 compesce,
462 727 534 779 quas
559 725 717 779 pauperum
749 709 855 763 clamor
879 715 905 761 et
930 718 1018 763 matre
1036 720 1063 764 et
1082 710 1110 766 S.
1128 711 1253 781 Josepbo
1295 712 1363 767 Luc.
1385 719 1407 769 2.
1443 713 1568 770 101112.
1598 715 1682 767 etiam
1698 731 1762 782 pen·

67 796 260 865 orphanorum
276 797 394 864 penitus
412 804 438 848 et
456 797 597 864 lacrymae
615 796 784 850 comburitur
803 795 903 866 sidun-
930 796 1150 850 tilesoeniebant
1163 799 1286 851 adorare
1299 799 1329 850 in
1343 799 1503 853 Jerusalem
1512 801 1638 870 propria
1649 800 1763 867 reqione

65 901 138 937 ram.
175 883 232 936 His
250 882 314 945 tibi,
331 883 359 935 si
376 883 481 952 nescis,
505 882 710 936 thesaurizatur
727 882 774 934 ira
794 881 853 934 Dei
869 882 898 933 in
930 882 1036 936 relicta.
1078 883 1142 937 Act.
1165 888 1191 939 8.
1217 885 1371 937 Eunuchus
1396 886 1532 956 Aethiops
1550 904 1583 941 ec
1609 887 1763 955 lonqinquo

68 969 116 1021 die
134 969 198 1022 irae
216 977 243 1022 et
261 968 442 1022 metationis
454 968 531 1037 justi
546 968 659 1037 judicii
676 969 750 1037 Dei,
775 967 825 1037 qui
841 969 903 1019 red·
930 970 1044 1039 cepione
1060 971 1185 1023 ueniebat
1213 972 1337 1023 adorare
1367 971 1397 1024 in
1424 973 1592 1027 Jerusalem.
1627 972 1690 1028 Act.
1721 976 1761 1025 26.

67 1056 116 1107 det
134 1056 285 1125 unicuique
298 1057 449 1108 secundum
466 1071 555 1124 opera
573 1072 625 1107 sua
643 1062 695 1110 etc.
742 1055 821 1110 Sicut
837 1071 904 1121 erqo
931 1055 1043 1108 Paulus
1060 1056 1122 1126 ipse
1139 1056 1295 1120 festinabat
1316 1057 1345 1109 in
1363 1057 1473 1123 itinere,
1502 1066 1533 1111 ut
1556 1058 1586 1110 in
1603 1057 1763 1110 Jermatem

63 1142 213 1209 praesenti
225 1142 337 1210 papiria
357 1141 548 1204 commoneris,
565 1149 643 1194 utere
662 1149 772 1196 tucrum
785 1140 903 1194 conmlio
931 1143 1039 1202 faceret
1062 1149 1247 1210 pentecosten.
1292 1141 1369 1196 Idem
1398 1152 1592 1215 argumentum
1620 1142 1764 1213 proferunt

69 1227 233 1294 amicornm,
252 1235 330 1280 utere
349 1243 423 1295 meo,
445 1229 524 1281 domi
540 1229 649 1294 sedens,
664 1244 823 1297 pauperum
842 1227 903 1278 mb-
932 1227 1078 1283 Grodicius
1095 1245 1172 1284 conc.
1190 1233 1214 1283 2.
1232 1229 1261 1283 in
1280 1227 1360 1283 Dom.
1382 1236 1403 1285 1.
1421 1236 1484 1301 post
1501 1230 1605 1301 Epiph.
1621 1229 1763 1285 Bartscius

68 1312 154 1365 cidiis
182 1313 328 1382 ιἰιιιιιιιιι,
361 1313 425 1367 loca
455 1321 617 1367 sanctorum
645 1332 701 1368 non
735 1313 904 1367 desiderans
931 1323 997 1372 tom.
1011 1321 1036 1372 2.
1049 1331 1125 1369 conc.
1141 1333 1168 1385 p.
1182 1320 1223 1369 93.
1253 1313 1639 1384 Respondemustbfeximum
1652 1315 1763 1370 omnino

69 1399 189 1468 intueri,
213 1401 266 1453 sed
281 1407 393 1454 tuarum
413 1409 559 1470 sataqens5
588 1416 638 1453 nec
657 1401 839 1468 circumferri
853 1416 906 1468 per
932 1401 1079 1456 discrimen
1101 1408 1142 1456 est
1167 1401 1239 1455 inter
1264 1401 1499 1472 peregrinationes
1526 1402 1588 1456 illas
1606 1410 1762 1456 sanctorum

69 1486 224 1539 memoraba
259 1487 403 1557 lapidum,
442 1488 494 1541 sed
526 1488 708 1551 circumferre
743 1487 905 1541 numanam
932 1501 960 1544 et
976 1487 1191 1543 Pontificiorum
1213 1493 1234 1542 1.
1258 1486 1327 1541 111ιι
1353 1494 1432 1542 erant
1450 1505 1468 1542 a
1487 1487 1547 1542 Deo
1567 1489 1628 1557 ipso
1646 1490 1764 1541 manda·

69 1572 210 1625 ιιιίιιιιιιιιι.
932 1583 986 1639 ιιι,
1005 1574 1058 1629 bae
1078 1591 1144 1628 vero
1162 1573 1273 1646 proprio
1292 1573 1384 1628 cordis
1401 1573 1517 1629 arbitrio
1536 1581 1603 1628 sunt
1622 1575 1763 1646 excogita·

10 1655 56 1695 111·
108 1663 167 1713 134.
210 1663 234 1714 8.
266 1657 396 1730 Denique
425 1677 445 1712 c
475 1659 634 1723 Pontificiis
661 1658 822 1713 sanioribus
851 1676 906 1712 nan
932 1665 986 1714 tae.
1043 1659 1139 1727 Voluit
1168 1660 1285 1715 Deus'
1278 1679 1307 1714 ιιι
1338 1660 1428 1717 tribus
1461 1660 1539 1716 festis
1572 1661 1764 1716 anniversariis

10 1717 43 1798 11-
71 1745 226 1798 admcdum
241 1746 406 1814 probantur
451 1745 518 1798 In'
506 1761 569 1815 Jure
594 1745 726 1800 canonico
755 1762 778 1799 c.
810 1743 907 1799 Gloria
932 1763 1025 1801 omnes
1043 1747 1179 1801 masculos
1202 1747 1302 1818 viginti
1328 1747 1409 1801 annis
1434 1749 1553 1818 majores
1578 1748 1614 1803 ad
1634 1749 1764 1802 taberna-

10 1820 45 1900 ¹,⁰'
71 1830 102 1885 in
135 1830 181 1884 fin.
210 1837 249 1887 12.
274 1837 379 1902 quaest.
406 1836 430 1886 2
464 1831 567 1886 citatur
597 1831 703 1885 dictum
729 1830 906 1901 Hieronymi:
932 1833 1024 1888 culum
1044 1839 1071 1888 et
1082 1839 1180 1903 postea
1200 1834 1234 1886 ad
1253 1834 1387 1904 templum
1400 1834 1555 1903 convenire,
1573 1839 1631 1887 tum
1651 1839 1765 1903 propter

10 1923 57 1963 '¹⁹'
70 1918 137 1973 Non
162 1918 369 1985 levlymt't
398 1917 504 1986 sulm,
533 1920 586 1971 ted
613 1918 817 1986 ffitrotolymis
842 1919 906 1970 bene
932 1920 1072 1990 publicam
1102 1936 1184 1973 verae
1212 1919 1355 1974 doctrinae
1390 1919 1603 1988 confessionem,
1644 1927 1676 1973 nt
1705 1920 1766 1989 ejus

69 2007 173 2060 unns
191 2004 368 2057 laudandum
396 2010 442 2056 est.
478 2002 615 2058 Henricus
640 2003 795 2059 Tolosanus
814 2019 906 2058 mona·
932 2006 1038 2076 puritas
1069 2013 1097 2060 et
1126 2022 1275 2059 consensus
1305 2010 1529 2076 conservaretur,
1566 2011 1626 2060 tum
1653 2012 1767 2076 propter

69 2092 140 2147 ebus
159 2091 235 2147 una
253 2106 357 2144 annum
378 2095 452 2146 1141.
471 2089 609 2145 referente
630 2089 810 2145 Gcnebrardo
829 2105 906 2159 pere·
931 2092 1140 2147 benevolentiae
1160 2092 1233 2146 inter
1253 2092 1377 2162 ejusdem
1404 2092 1547 2163 sanguinis
1573 2096 1602 2146 et
1624 2091 1769 2163 religionis

69 2178 242 2251 grinationes
261 2175 297 2231 ad
317 2176 379 2231 loca
396 2182 555 2231 sanctorum
574 2176 750 2249 improbavit.
785 2177 904 2235 Vincen-
932 2178 1048 2234 hominis
1071 2178 1305 2246 conciliationem,
1331 2186 1390 2233 tum
1420 2185 1533 2249 propter
1558 2178 1671 2247 maj0ris
1688 2194 1764 2233 reve·

69 2264 128 2318 tius
157 2263 234 2318 circa
264 2279 368 2317 annum
405 2269 477 2319 1459.
509 2263 538 2318 in
570 2279 685 2321 sermon.
718 2264 754 2319 de
793 2268 906 2319 assumt.
932 2266 1037 2322 tentiae
1060 2265 1089 2320 in
1118 2265 1216 2320 animis
1243 2264 1386 2319 hominum
1411 2282 1478 2337 erga
1506 2265 1629 2320 ᾱίιίιιιιιιι
1657 2265 1762 2318 cultum

70 2349 212 2420 Virginis:
236 2349 435 2420 spiritualiter
452 2352 485 2418 fit
501 2352 712 2421 perspi-inette,
738 2352 810 2404 rictu
837 2350 906 2403 dicit
933 2353 1140 2417 excitationem,
1157 2357 1217 2406 tum
1237 2357 1350 2423 propter
1367 2352 1552 2406 necessariam
1571 2350 1606 2405 de
1624 2350 1707 2404 rebus
1726 2349 1762 2404 ad

70 2438 192 2502 Paulus,
206 2437 349 2507 sispiritu
359 2437 484 2505 oimmus,
497 2438 789 2508 spirituambulemus.
813 2437 907 2491 Hodie
934 2440 1081 2495 ecclesiam
1100 2444 1129 2494 et
1153 2436 1353 2506 rempublicam
1380 2437 1583 2509 pertinentibus
1607 2437 1636 2491 in
1653 2436 1767 2508 publico

70 2531 98 2577 et
116 2522 241 2592 quolibet
260 2524 306 2577 die
319 2523 440 2591 potestis
466 2525 508 2577 ire
531 2524 562 2577 in
588 2524 730 2577 Nazareth
755 2526 797 2577 ad
816 2540 906 2576 came·
933 2532 962 2582 et
989 2525 1169 2581 oecumenico
1201 2525 1250 2578 illo
1279 2523 1398 2578 concilio
1431 2523 1670 2591 deliberationem
1708 2531 1766 2578 tum

69 2628 143 2677 ram,
160 2610 211 2663 ubi
228 2608 323 2662 bilius
340 2610 400 2663 Dei
416 2610 475 2670 fuit
492 2611 667 2677 incarnatam,
688 2619 714 2664 et
731 2611 771 2664 sic
788 2613 823 2663 de
839 2611 907 2664 aliis
933 2617 1045 2684 propter
1062 2611 1127 2666 fidei
1146 2610 1305 2666 exercitium
1324 2617 1353 2664 et
1365 2609 1607 2673 confirmationem,
1626 2608 1766 2680 pollicitus

70 2699 153 2752 nea.
216 2695 360 2753 lohannes
405 2695 567 2767 lbenhagen
614 2695 787 2750 sacrificulus
831 2697 907 2750 circa
933 2700 1005 2756 enim
1024 2705 1085 2754 erat
1101 2699 1253 2769 Dominus,
1282 2716 1312 2753 se
1333 2698 1452 2753 feminas
1469 2704 1497 2752 ct
1513 2714 1613 2767 pueros
1631 2696 1705 2751 domi
1724 2714 1765 2752 re·

71 2801 137 2839 aun
151 2787 225 2838 1186.
239 2781 408 2852 improbavit
419 2783 656 2854 peregrinationes
673 2782 709 2835 ad
722 2782 748 2838 S.
760 2782 905 2850 iacobum,
932 2786 1011 2841 lictos
1040 2789 1146 2840 interea
1176 2785 1212 2840 ab
1238 2785 1312 2840 omni
1338 2785 1365 2838 vi
1391 2783 1419 2838 et
1441 2784 1590 2855 tyrannide
1612 2783 1765 2839 vicinorum

71 2870 191 2924 Mariam
212 2874 241 2923 ct
256 2867 327 2923 alios
346 2868 431 2924 divos.
451 2869 608 2940 Polydorus
624 2868 759 2939 Virgilius
779 2869 807 2921 in
823 2869 907 2923 inter·
934 2873 1054 2927 hostium
1074 2872 1210 2926 immunes
1229 2879 1369 2942 praestare
1389 2871 1477 2939 velle,
1500 2870 1587 2926 Exod.
1609 2875 1656 2933 34,
1679 2886 1703 2923 ι.
1725 2876 1766 2926 24.

71 2964 144 3027 pret
163 2960 233 3012 orat
250 2953 361 3009 Domin.
381 2971 444 3026 pag.
467 2959 530 3010 567:
549 2956 615 3008 Non
634 2963 687 3024 est,
715 2957 793 3024 quod
810 2956 906 3023 aliquo
933 2959 982 3015 sed
1006 2960 1035 3014 in
1060 2957 1330 3030 peregrinationibus
1346 2956 1556 3012 Pontificiorum
1584 2973 1685 3012 causae
1701 2958 1766 3011 illae

73 3053 217 3098 urramm
247 3059 402 3112 pereamus
442 3044 501 3095 Dei
528 3043 687 3111 quaerendi
718 3059 819 3109 causa,
860 3042 910 3111 qui
934 3049 1051 3103 cessant.
1092 3051 1114 3101 2.
1135 3044 1205 3099 111ιι
1221 3044 1363 3115 pertinent
1390 3044 1425 3097 ad
1445 3043 1480 3100 V.
1499 3042 1533 3097 T.
1552 3042 1581 3096 in
1600 3060 1656 3115 quo
1675 3042 1766 3097 cultus

72 3132 177 3199 ubique
193 3131 336 3183 nobiscum
355 3136 403 3195 est,
423 3131 502 3198 quod
517 3128 649 3182 nonnulli
667 3129 758 3181 minus
777 3131 907 3196 sentiunt,
935 3132 1045 3187 divinus
1062 3131 1098 3186 ad
1113 3138 1219 3187 certum
1240 3131 1331 3185 locum
1349 3136 1408 3186 crat
1425 3129 1573 3184 adstrictus
1601 3135 1630 3184 et
1648 3130 1766 3184 ecclesia

73 3234 144 3289 qnos
167 3216 335 3285 uoluptatis,
365 3233 421 3268 non
439 3217 504 3268 item
529 3216 648 3286 pietatis
665 3216 761 3282 pratia
778 3215 843 3268 ideo
862 3216 908 3268 de·
935 3219 1061 3291 angustis
1078 3218 1204 3274 iudaeae
1221 3217 1355 3271 limitibus
1374 3216 1592 3285 terminabatur,
1609 3217 1654 3270 cui
1673 3234 1767 3272 omnes

72 3305 160 3358 lectae
172 3302 373 3372 pereminens,
391 3309 422 3355 nt
439 3301 496 3354 clii
512 3299 571 3355 alio
586 3308 765 3370 percurrant,
783 3318 837 3370 quo
856 3301 909 3354 ali·
936 3306 1083 3360 salrandos
1109 3304 1238 3359 associari
1264 3303 1429 3374 oportebat3
1456 3310 1508 3358 has
1537 3321 1601 3358 vero
1629 3304 1658 3357 in
1683 3304 1717 3361 N.
1735 3302 1768 3359 Τ.

73 3390 159 3458 cujus
179 3388 239 3442 disi
257 3389 407 3457 imaqinem
425 3388 537 3455 'as'sant,
560 3387 633 3440 nibil
659 3387 771 3440 interim
793 3397 909 3441 mentem
936 3392 1126 3459 instituuntur,
1146 3391 1175 3444 in
1193 3407 1248 3462 quo
1267 3388 1336 3444 illud
1354 3389 1501 3445 discrimen
1518 3389 1641 3444 locorum
1658 3390 1770 3459 penitus

73 3479 119 3530 ad
141 3478 235 3529 Deum
266 3476 412 3543 criqsntes.
457 3474 588 3528 Erasmus
620 3473 649 3527 in
676 3472 775 3545 colloq.
800 3473 829 3528 in
848 3491 908 3544 cap.
936 3478 1138 3533 estsublatum.
1183 3476 1284 3532 berem.
1310 3481 1337 3540 3,
1371 3494 1398 3529 v.
1426 3479 1465 3532 16.
1495 3475 1594 3531 laban.
1621 3481 1652 3546 4,
1678 3494 1704 3531 v.
1729 3481 1770 3530 21.

72 3561 267 3634 Peregrinatio
295 3560 436 3632 religIonis
468 3577 544 3631 ergo.
575 3576 602 3630 p.
630 3565 677 3615 27:
712 3559 828 3616 Arnold.
860 3560 912 3614 Ubi
940 3569 964 3619 1.
982 3563 1103 3620 Timotb.
1124 3569 1149 3631 2,
1167 3581 1192 3616 ι.
1205 3568 1229 3618 8.
1268 3561 1402 3625 Quamvis
1421 3578 1486 3616 vero
1504 3578 1606 3615 novum
1624 3567 1771 3618 testamen·

73 3651 188 3705 tamdiu
204 3649 404 3719 pereprinatus
420 3650 470 3701 ssi
503 3646 612 3703 cornel.
639 3647 685 3699 Ab
705 3647 912 3715 Hierosolymis
938 3657 996 3704 tum
1032 3651 1158 3721 jamdum
1197 3648 1282 3704 fuerit
1316 3648 1489 3715 inchoatum,
1528 3666 1591 3703 cum
1629 3648 1772 3704 eunuchus

73 3740 180 3793 adarna
201 3737 260 3794 tibi.
280 3742 345 3790 Αιιι.
376 3737 464 3789 Estne
483 3736 560 3803 illic,
585 3736 662 3804 quod
687 3743 718 3787 tu
741 3743 824 3805 putes
851 3752 913 3806 spe·
939 3736 1070 3807 Aethiops
1091 3753 1125 3791 ac
1150 3735 1255 3791 Paulus
1280 3735 1502 3806 Hierosolymam
1524 3734 1773 3806 proficiscerentur,

75 3834 156 3880 ctatu
175 3825 315 3892 dipsium!
341 3821 441 3877 Cornel
478 3823 512 3876 Ut
541 3825 658 3890 inpenue
672 3824 774 3892 fatear
793 3822 850 3889 tibi,
868 3825 909 3876 ni·
939 3829 1031 3879 ιιιιιιιι
1065 3840 1211 3895 synagoga
1242 3822 1362 3879 ludaica
1398 3823 1522 3878 nondum
1558 3828 1617 3877 erat
1653 3824 1772 3893 sepulta,

11 3934 60 3976 ua
73 3914 127 3968 bs‘l.
168 3912 359 3966 Ostenduntur
384 3909 524 3979 qrsaedam
553 3917 729 3963 monumenta
760 3913 912 3976 uetustatis,
941 3909 1082 3965 eunuchus
1110 3909 1138 3964 io
1168 3910 1224 3964 fide
1250 3909 1352 3965 Christi
1383 3910 1505 3965 nondum
1530 3914 1591 3963 erat
1613 3909 1771 3971 instructus,

74 4015 196 4070 quorum
213 3997 283 4050 mibi
301 3997 375 4050 nibil
396 4012 453 4048 non
479 3996 628 4049 videbatur
653 3998 866 4051 commentitium
887 4007 914 4052 et
940 3996 1044 4052 Paulus
1075 4013 1109 4051 ex
1138 3996 1255 4052 caritate
1286 3997 1408 4051 Judneis
1437 3997 1568 4050 Jrsdaeus
1603 3998 1699 4060 semiss
1732 4005 1772 4048 est

74 4086 265 4154 suscitatum
281 4085 321 4137 ad
348 4083 518 4137 alliciendos
548 4083 690 4152 simplices
716 4093 744 4137 et
772 4084 914 4154 credulos,
943 4091 964 4140 1.
983 4083 1044 4138 Cor.
1065 4090 1095 4147 9,
1114 4100 1140 4139 v.
1161 4087 1203 4140 26.
1221 4099 1254 4136 ιι
1271 4082 1300 4136 in
1317 4086 1395 4136 ιιιιιι
1414 4082 1511 4152 populi
1527 4081 1686 4154 frequentia
1704 4080 1772 4134 mul·

76 4175 136 4228 imo
153 4187 205 4225 nec
222 4171 273 4224 boc
291 4170 416 4223 arbitror
433 4170 500 4223 illos
519 4171 600 4236 scire,
619 4188 672 4240 quo
692 4171 753 4225 loca
770 4173 827 4225 sita
846 4173 913 4226 olim
939 4176 982 4224 tos
1002 4169 1110 4225 Christo
1129 4169 1198 4224 lucri
1216 4167 1308 4223 facere
1330 4168 1426 4225 voluit.
1465 4175 1488 4223 3.
1506 4168 1576 4223 Illae
1603 4167 1772 4238 propositum

72 4259 168 4325 fuerit
211 4255 420 4324 Hierosolyma.
459 4256 527 4311 Arn.
568 4256 644 4319 Quid
678 4258 764 4325 ipitur
798 4259 915 4311 oidutil
939 4256 1098 4312 babuerunt
1110 4259 1199 4325 finem
1217 4256 1373 4322 salutarem,
1391 4252 1636 4309 videlicetutDeo
1649 4253 1773 4307 debitum

73 4345 185 4402 Comei.
227 4344 365 4413 Mapnam
395 4344 496 4413 ubique
515 4344 681 4399 barbariem.
727 4343 841 4399 Arnold.
861 4345 912 4398 Ni·
943 4348 1130 4414 praestaretur
1148 4341 1311 4412 obsequium
1339 4348 1367 4395 ct
1394 4341 1484 4395 cultus
1503 4340 1612 4394 divium
1631 4355 1775 4394 conserva-

73 4433 136 4487 bslo
155 4431 281 4486 sanctior
308 4431 409 4484 redis!
443 4429 550 4485 Comei.
577 4430 640 4483 Ima
667 4431 763 4484 mutis
781 4431 913 4500 partibus
941 4438 1018 4485 retur
1044 4446 1077 4483 ac
1100 4434 1315 4500 propagareturJ
1341 4427 1393 4481 bae
1418 4444 1483 4481 vero
1507 4425 1562 4480 fine
1586 4427 1776 4497 suscipiuntur

76 4519 212 4574 deterior.
254 4515 371 4571 Arnold.
403 4517 582 4570 Nummatior
604 4518 690 4583 erpo!
724 4515 831 4572 Cornel.
850 4516 913 4571 Ima
941 4514 1142 4587 superstitioso,
1160 4512 1349 4568 satisfaciendi
1362 4512 1532 4582 scilicetpro
1545 4513 1665 4582 peccetis
1679 4517 1707 4568 et
1720 4512 1774 4568 Dei

73 4606 183 4660 audior
203 4603 346 4658 Leberide.
383 4601 499 4658 Amold.
530 4603 576 4654 An
609 4620 664 4656 nan
684 4603 810 4670 poenitet
826 4604 914 4673 ipitur
940 4601 1067 4701 gretiam.
1086 4599 1277 4670 promerendi,
1306 4616 1370 4654 cum
1400 4606 1491 4654 tamen
1513 4599 1590 4654 nulla
1621 4598 1674 4653 bac
1691 4598 1726 4653 de
1745 4617 1776 4654 re

76 4700 137 4747 tem
163 4691 334 4760 lonqinquae
359 4690 597 4759 pereprinationis
621 4690 732 4753 frustra
749 4693 915 4760 susceptae!
941 4686 1086 4760 promissio
1102 4690 1199 4743 exstet.

78 4778 190 4834 Comei.
209 4778 270 4831 Nec
283 4777 382 4848 pudet,
402 4775 469 4845 quia
486 4783 542 4828 tam
555 4776 657 4829 multos
675 4775 762 4831 babeo
781 4778 916 4831 stultitiae
977 4779 1034 4830 136.
1072 4776 1097 4828 2.
1115 4774 1162 4827 lle
1184 4772 1329 4842 patribus,
1356 4771 1411 4850 qui
1425 4772 1484 4842 Jam
1509 4772 1578 4825 clim
1605 4781 1631 4825 et
1650 4774 1710 4841 ipsi
1733 4775 1901 4871 αάἓῖιξιῐωιῑ·

77 4883 159 4921 ιιιιαι
189 4865 319 4931 sodales,
356 4880 406 4917 nec
432 4863 572 4932 poenitet,
609 4863 676 4931 quia
706 4864 825 4929 frustra
848 4864 914 4932 J'em
941 4863 1123 4919 locosancto
1144 4858 1322 4928 perecrinati
1352 4865 1428 4925 ment,
1456 4863 1488 4913 ut
1505 4858 1672 4913 Menander
1697 4858 1773 4928 apud

76 4953 116 5006 rit
154 4951 311 5024 poenitere.
378 4948 449 5003 Vide
495 4947 599 5003 ibidem
641 4947 723 5018 plura
766 4949 795 5002 in
838 4947 914 5001 illam
942 4947 1094 5002 Eusebium
1110 4945 1157 5001 lib.
1173 4951 1197 5000 6.
1211 4945 1274 5000 hist.
1294 4961 1355 5015 cap.
1373 4950 1397 5001 9.
1427 4945 1539 4999 Helena
1559 4945 1634 5016 apud
1652 4944 1769 4999 eundem

75 5037 255 5095 sententiam.
942 5034 988 5090 lib.
1008 5038 1032 5088 3.
1047 5031 1082 5087 de
1097 5033 1154 5085 vita
1169 5030 1351 5100 Constantini,
1369 5030 1556 5101 Gaudentius,
1575 5032 1774 5097 Hieronymus,

10 5152 22 5182 ι
117 5130 176 5181 135.
212 5122 400 5194 Argumenta,
428 5120 529 5193 quibus
553 5119 692 5175 Pontifiaii
718 5121 915 5192 peregrinatio·
943 5120 1080 5174 Eudoxio
1102 5117 1254 5172 lbeodasii
1271 5117 1399 5186 junioris
1430 5136 1501 5171 uuor
1524 5124 1575 5172 etc.
1600 5123 1629 5172 et
1655 5117 1684 5169 in
1708 5116 1776 5169 aliis

11 5226 129 5288 „nes
152 5225 219 5263 suas
236 5206 413 5272 suffulciunt,
431 5223 464 5262 ex
483 5213 557 5262 statu
575 5206 745 5279 quaestionis
765 5212 840 5262 recte
859 5205 913 5261 for·
940 5207 1018 5262 illud
1030 5207 1271 5268 commendarunt,
1288 5209 1320 5257 ut
1341 5204 1550 5272 Cbrysostamus
1568 5201 1660 5257 homil.
1679 5206 1721 5257 66
1741 5200 1776 5254 ad

10 5254 57 5399 Ξ·
76 5302 155 5351 mato
186 5294 299 5350 facilem
327 5293 430 5349 babent
459 5293 679 5365 explicationem.
731 5293 915 5348 Bellarminus
942 5292 1074 5348 Antioch.
1121 5292 1311 5357 Hieronymus
1341 5291 1419 5361 epist.
1442 5295 1497 5345 154.
1529 5288 1564 5345 ad
1591 5288 1774 5357 Desiderium,

10 5406 61 5443 ..ι-
51 5383 127 5439 lib.
149 5387 173 5437 3.
194 5381 230 5435 de
248 5380 328 5435 cultu
346 5386 432 5436 sanct.
458 5398 481 5435 c
500 5385 525 5437 8.
545 5380 600 5435 tria
620 5388 845 5453 argumentorum
866 5397 912 5452 ge-
945 5379 1085 5479 Sulpitius
1102 5376 1151 5432 lib.
1172 5383 1196 5434 2.
1214 5393 1310 5432 sacrae
1322 5377 1453 5433 historiae
1469 5384 1521 5432 etc.
1551 5374 1775 5445 Respondemus:

10 5512 62 5547 ,a
15 5452 147 5527 u¹nera
164 5467 302 5539 producit.
335 5467 418 5521 lEc
430 5467 589 5537 Scriptura
621 5466 703 5521 Deut.
719 5472 757 5522 lb
772 5467 884 5520 Dens
871 5484 912 5520 sn·
946 5472 967 5522 1.
982 5464 1012 5518 in
1029 5464 1142 5519 civitate
1153 5463 1207 5518 Dei
1221 5481 1276 5519 non
1288 5464 1390 5520 vivitur
1407 5462 1549 5518 bominum
1564 5462 1706 5532 exemplis,
1726 5461 1775 5517 sed
