4104 6014
249 315 289 374 26
839 307 962 366 DOOUS
977 307 1183 365 monemus
1201 307 1347 366 SEXTUS

248 480 309 535 esp.
328 469 358 531 2,
384 482 410 522 v.
439 471 480 520 23.
507 465 665 523 immedmts
681 483 731 538 per
748 465 889 538 quandam
908 467 1082 535 αἰτιολογίαν
1111 470 1178 520 orat
1200 464 1236 521 de
1253 464 1388 520 mearunt
1424 463 1511 521 Verbi
1535 483 1563 536 p.
1583 464 1625 522 tt.
1644 462 1729 533 dicit,
1747 463 1883 518 laminam
1902 479 1944 517 se·

121 560 192 604 xvu.
203 559 236 606 n.
248 549 409 622 subjungit,
433 558 462 607 et
482 554 524 606 aei
551 553 701 623 imaqinem
722 554 862 624 propriae
888 550 1084 607 similitudinis
1110 552 1232 604 candaca
1251 559 1384 605 naturam
1408 551 1538 622 corpors's
1562 551 1796 617 casamariam,
1819 551 1871 603 sed
1886 567 1944 602 non

244 636 325 707 fecit
342 638 430 693 mam
464 637 498 693 In
509 638 618 695 Gracco
630 646 673 696 en
684 636 778 696 alaisa
795 642 840 707 τῆς
858 640 932 699 ἰδίας
951 636 1084 704 ἰδιότητος
1103 638 1200 705 fnisse
1217 637 1385 691 maritarum
1404 644 1523 707 propter
1541 638 1691 708 imaginem
1710 637 1781 703 Dei,
1800 638 1840 689 ad
1858 653 1943 706 qaam

250 723 380 792 iactatas
402 722 502 794 siris,
526 726 677 795 imaoinem
700 725 841 797 propriae
865 742 934 780 snas
963 731 1082 777 naturae
1109 731 1172 778 arat
1195 724 1332 778 conditas.
1379 723 1556 794 Augustinus
1581 722 1628 778 lib.
1651 728 1688 778 16.
1718 721 1754 776 de
1777 719 1877 777 Gener.
1906 720 1944 775 ad

247 812 320 876 fecit
337 829 407 869 eam.
447 816 473 868 2.
488 814 517 867 A
535 815 633 868 martis
651 813 871 869 comminatione.
910 810 991 877 Quod
1010 825 1084 866 com·
1108 809 1180 867 liter.
1209 827 1271 881 cap.
1297 815 1337 866 tt.
1363 808 1578 865 immortalitatis
1609 824 1720 863 causam
1748 808 1848 862 arbori
1870 807 1944 861 citae

248 897 406 954 minationis
433 897 493 954 loco
522 905 656 971 tanquam
679 915 770 970 poena
798 897 906 968 peccati
934 902 963 952 et
988 893 1249 976 mohs-iaeseribit,
1278 896 1344 968 qnia
1363 896 1425 967 ejus
1443 913 1507 952 esus
1526 900 1612 967 atque
1626 911 1693 949 usus
1712 898 1877 964 perpetuam
1892 892 1944 947 bo·

250 984 373 1040 dientiae
394 984 498 1039 bomini
518 985 710 1051 denuntiatur,
733 1001 789 1040 non
809 989 904 1056 potest
923 997 984 1038 esse
1002 986 1082 1036 natu·
1108 983 1191 1037 minis
1207 982 1355 1038 sanitatem
1382 981 1528 1038 effecisset.
1563 980 1683 1045 Quidam
1700 981 1731 1034 in
1749 980 1838 1035 libero
1856 979 1944 1033 bomi-

248 1086 296 1125 rae
331 1070 459 1126 conditio.
514 1071 604 1142 Atqui
647 1086 721 1126 mors
763 1068 983 1127 comminationis
1022 1066 1083 1120 loco
1109 1069 1154 1122 nis
1171 1069 1291 1123 artinis
1303 1085 1416 1124 causam
1432 1074 1583 1139 quaerunt,
1601 1067 1676 1139 quod
1695 1064 1786 1122 aDeo
1804 1065 1844 1121 ita
1861 1063 1945 1120 inerit

248 1156 352 1213 bomini
374 1157 560 1213 densabatur.
590 1156 690 1215 Genea.
715 1164 746 1224 2,
775 1175 802 1215 r.
831 1162 878 1212 lt:
917 1154 1083 1222 Qaacanqat
1109 1154 1254 1220 munitum,
1272 1160 1303 1210 ut
1321 1155 1344 1208 si
1361 1154 1463 1222 vellet,
1482 1160 1578 1225 posset
1594 1152 1686 1208 omnia
1702 1168 1801 1207 navem
1819 1156 1848 1206 et
1866 1166 1943 1205 aver-

249 1244 296 1298 dis
314 1245 470 1298 rememsis
485 1245 584 1300 anilla
600 1245 709 1314 arbore,
728 1251 817 1298 morte
838 1241 977 1298 morieris
1008 1239 1084 1310 Ergo
1110 1246 1180 1310 tare,
1209 1257 1281 1313 quae
1300 1242 1345 1296 vel
1359 1241 1443 1306 intus,
1460 1241 1507 1296 vel
1524 1239 1592 1294 ioris
1611 1246 1726 1293 mortem
1745 1243 1774 1293 et
1790 1237 1943 1307 corruptio·

145 1360 147 1365 π
248 1345 300 1385 nse
322 1333 415 1401 potest
438 1330 542 1401 excipi,
567 1331 808 1386 comminationem
830 1329 912 1384 illam
936 1329 972 1382 de
996 1333 1084 1380 morte
1109 1345 1173 1384 nem
1189 1328 1292 1383 homini
1315 1328 1414 1384 afferre
1433 1332 1559 1399 possunt.
1596 1325 1718 1382 Thomas
1737 1331 1808 1396 part.
1825 1331 1883 1396 tq.
1899 1329 1941 1380 at.

250 1424 365 1471 canna
381 1418 519 1472 dantem
536 1419 622 1487 loqui,
642 1418 708 1490 quia
720 1417 858 1489 generalis
873 1415 975 1470 locutio
993 1417 1082 1468 osten-
1109 1422 1160 1469 art
1182 1420 1202 1470 1.
1229 1414 1385 1479 existimat,
1409 1413 1439 1468 id
1465 1412 1589 1468 futurum
1608 1411 1694 1468 fuisse
1710 1412 1741 1466 oi
1759 1411 1886 1479 animae,
1910 1428 1943 1464 ea

250 1502 304 1568 dit,
328 1502 542 1574 intelligendum
567 1520 626 1560 esse
654 1504 683 1558 id
702 1519 798 1573 omne,
823 1502 898 1574 quod
922 1499 1017 1554 mortis
1034 1511 1083 1552 no·
1109 1517 1166 1570 qua
1186 1501 1216 1553 in
1233 1501 1506 1570 aarprtstransitara
1523 1500 1627 1564 fnisset
1642 1499 1792 1567 plenitudo
1809 1496 1943 1550 samtatis

250 1588 325 1644 mine
349 1588 379 1643 in
399 1587 550 1659 Scripturis
569 1589 743 1661 intelligitur,
761 1589 791 1644 id
810 1587 886 1660 quod
905 1585 1017 1657 gemina
1033 1582 1083 1637 illa
1110 1595 1136 1641 et
1170 1595 1326 1656 perpetuae
1373 1585 1593 1656 incorruptionis
1635 1586 1723 1653 αἰροα.
1777 1583 1878 1639 Status
1918 1587 1942 1637 2.

249 1674 344 1731 mortis
370 1675 473 1730 mentio
504 1675 610 1741 innuit,
641 1681 674 1731 ut
704 1675 833 1746 superius
862 1690 896 1729 ex
923 1670 1082 1742 Augustino
1109 1677 1226 1728 mutent
1257 1670 1377 1726 dbdnct
1410 1677 1453 1728 29.
1489 1677 1584 1743 negat,
1616 1670 1701 1726 talem
1723 1668 1940 1725 immortalitatis

251 1759 402 1816 docuimus.
440 1763 467 1817 3.
491 1768 519 1815 A
538 1762 760 1817 comminationis
776 1762 858 1816 illins
880 1766 947 1829 post
971 1757 1083 1825 lapsam
1109 1760 1232 1831 vigorem
1249 1758 1286 1813 ab
1304 1759 1397 1813 anima
1408 1758 1437 1813 in
1452 1774 1552 1829 corpus
1571 1757 1729 1813 transfundi
1749 1757 1880 1828 potuisse,
1893 1756 1943 1812 scd

251 1847 431 1903 exsecatione.
471 1846 523 1902 Cui
552 1855 617 1918 post
654 1848 764 1919 lapsum
794 1852 907 1918 propter
936 1848 1082 1915 peccatum
1108 1847 1239 1910 mamm
1258 1845 1372 1914 quidem
1382 1846 1480 1913 saissa
1493 1861 1594 1915 corpas
1609 1844 1784 1907 dissolubile,
1800 1861 1943 1914 nunqnam

250 1932 406 1988 mortalitas
426 1939 456 1988 et
476 1949 549 1988 mors
567 1933 696 2000 obvenit,
724 1933 771 1988 ille
788 1948 845 1988 uon
864 1931 919 1986 suit
937 1945 987 2001 per
1004 1933 1082 1982 natu
1110 1940 1202 1986 mmen
1236 1913 1373 1986 leirainem
1409 1931 1500 1996 faisse
1536 1931 1717 1994 morituram,
1757 1930 1825 2000 qaia
1862 1930 1944 1983 Dens

251 2034 310 2072 ram
334 2023 400 2074 ante
430 2019 539 2090 lapsum
559 2019 689 2076 mortalis.
716 2012 883 2089 'Gregorius
900 2016 1019 2087 Nyssen.
1048 2012 1084 2068 de
1106 2019 1299 2090 praevenisset
1319 2025 1425 2087 tempas
1443 2016 1639 2071 dessolatione}
1663 2018 1943 2081 transferendorum

251 2104 318 2174 opii.
339 2105 412 2162 hom.
440 2122 502 2177 cap.
522 2111 552 2161 l:
593 2107 628 2162 Si
643 2108 724 2160 Dens
742 2106 881 2160 bominem
905 2121 924 2157 a
936 2100 1083 2173 principio
1110 2123 1143 2160 ea
1161 2105 1215 2159 lac
1230 2105 1289 2159 sita
1314 2105 1344 2158 in
1369 2104 1513 2159 coelestem
1533 2104 1637 2173 absqete
1663 2104 1762 2158 mortis
1778 2105 1942 2160 intes-senta.

251 2191 398 2246 mortalem
426 2194 553 2258 fecisset,
589 2209 766 2263 nequaqnam
796 2197 957 2261 peccantem
995 2193 1085 2240 marte
1108 2191 1223 2247 Interim
1239 2191 1269 2245 in
1279 2207 1313 2246 eo
1330 2189 1513 2254 consentiunt,
1530 2206 1583 2245 nec
1601 2189 1772 2255 mortalitati,
1792 2206 1844 2244 nee
1860 2189 1942 2243 morti

252 2280 468 2347 condemnasset,
487 2297 552 2333 nam
570 2280 716 2334 mortalem
730 2278 905 2333 mortalitate
923 2275 1084 2330 solimanus
1110 2278 1229 2349 primum
1246 2276 1387 2333 bominem
1405 2282 1469 2332 ants
1488 2277 1598 2348 lapsum
1616 2275 1765 2332 obnoxium
1784 2276 1882 2341 fuisse,
1909 2292 1943 2330 ac

252 2366 429 2419 condemnat.
483 2365 571 2437 Atqui
598 2365 707 2422 Adamo
736 2370 799 2436 post
830 2365 939 2434 lapsum
973 2361 1083 2417 demum
1110 2370 1227 2437 possunt
1242 2364 1392 2436 pleraeque
1409 2364 1475 2420 illae
1491 2380 1601 2432 causae,
1620 2368 1716 2435 utpote
1736 2361 1943 2430 subordinatas,

211 2490 214 2496 -
251 2455 367 2522 propter
383 2456 529 2521 peccatum
542 2450 697 2506 mortalitas
709 2455 738 2507 et
751 2468 824 2505 mors
837 2448 959 2505 obvenit
978 2447 1048 2504 Gen.
1059 2451 1084 2515 ³,
1109 2451 1216 2522 optima
1233 2450 1341 2506 ratione
1365 2448 1505 2522 conjungi.
1551 2453 1577 2505 t'.
1601 2452 1629 2504 A
1648 2467 1799 2504 camaram
1817 2448 1943 2502 mortali·

251 2555 277 2591 r.
301 2542 330 2591 l't
342 2557 348 2588 z
376 2537 449 2600 Qun
468 2536 615 2591 comedisti
631 2552 664 2592 ea
681 2537 735 2591 illa
754 2537 971 2593 ariarectes.
993 2533 1083 2590 tata
1108 2540 1175 2594 tates
1194 2539 1331 2594 etmmtis
1348 2538 1547 2608 assipnatione.
1576 2537 1699 2608 Spiritus
1717 2554 1739 2594 s.
1757 2535 1862 2608 ubique
1879 2552 1943 2591 can·
1957 2545 2047 2590 mat

251 2623 349 2677 tatae
366 2623 460 2677 melias
474 2624 518 2678 tui
533 2625 651 2678 ααιαονίι
659 2640 738 2693 pane
751 2631 806 2693 tao,
826 2625 915 2678 ἀοιιαο
932 2623 1083 2677 interram
1110 2642 1170 2680 eam
1192 2624 1288 2681 mortis
1311 2625 1410 2680 tribuit
1431 2631 1546 2681 naturae
1569 2623 1687 2680 hominis
1715 2640 1771 2678 non
1799 2622 1944 2678 institutae

251 2709 419 2777 revertaris,
445 2725 460 2763 e
486 2727 543 2779 oua
562 2717 668 2764 samtns
688 2727 725 2764 ss.
763 2714 788 2766 4.
806 2712 853 2764 Es
868 2708 1011 2778 primaevi
1028 2715 1084 2762 sta·
1111 2713 1160 2769 sed
1180 2711 1345 2782 destitutae,
1373 2711 1465 2768 idest
1486 2728 1541 2768 non
1558 2717 1591 2766 ut
1609 2727 1627 2766 a
1644 2710 1705 2765 Deo
1721 2708 1797 2764 lacta
1815 2715 1870 2778 est,
1892 2709 1944 2765 sed

252 2802 296 2849 tne
313 2796 510 2866 descriptione.
537 2796 637 2853 Genea.
658 2800 690 2865 2,
716 2814 743 2853 v.
763 2803 804 2853 25.
847 2795 933 2851 Primi
959 2794 1084 2851 homines
1111 2805 1143 2855 ut
1166 2815 1272 2856 veneno
1296 2800 1410 2870 'pcccati
1440 2816 1491 2870 per
1521 2798 1710 2854 seductionem
1740 2795 1876 2867 serpentis
1902 2796 1944 2851 in-

252 2890 334 2937 erant
350 2884 429 2950 nadi,
449 2899 517 2954 ergo
544 2899 660 2955 corpora
682 2882 805 2954 ipsorum
833 2900 888 2939 non
907 2883 1021 2938 luerunt
1037 2879 1084 2934 fri·
1108 2887 1185 2942 tecta
1202 2890 1252 2950 ert,
1268 2885 1333 2956 sap.
1352 2891 1384 2956 2,
1412 2904 1438 2941 v.
1458 2891 1499 2941 24.
1518 2885 1603 2941 Βοιιι,
1616 2891 1647 2953 5,
1673 2901 1699 2937 r.
1718 2889 1757 2941 12.
1778 2888 1801 2940 l.
1822 2882 1883 2938 Cor.
1903 2889 1944 2946 15,

251 2968 313 3041 geri
341 2968 437 3026 abisse
467 2969 576 3041 injuriis
595 2969 728 3034 obnoxia,
760 2969 830 3025 alim
858 2969 918 3024 sine
945 2968 1039 3024 dolore
1056 2971 1085 3022 et
1109 2989 1136 3029 r.
1157 2977 1196 3029 21.
1217 2978 1266 3028 stc.
1293 2989 1410 3044 quoram
1435 2971 1572 3026 dictorum
1599 2969 1742 3041 emphasin
1762 2969 1942 3040 expendimus

253 3055 379 3110 mnitsfis
397 3055 562 3111 demente
587 3072 644 3110 non
666 3055 823 3126 potuissent
848 3055 916 3110 nudi
934 3053 1084 3122 ambulare,
1110 3057 1237 3128 superius
1255 3054 1282 3132 ξ.
1304 3062 1343 3114 32.
1375 3057 1542 3129 sicergoex
1566 3056 1622 3110 illis
1638 3055 1797 3127 Scripturas
1820 3055 1943 3111 asama

252 3141 318 3196 inda
336 3141 401 3213 Sap.
419 3146 449 3210 2,
474 3159 501 3199 r.
528 3147 570 3199 23.
590 3141 707 3206 dicitur,
731 3142 806 3212 quod
826 3144 906 3197 Dens
925 3141 1085 3196 condiderit
1109 3144 1162 3199 niis
1180 3144 1379 3199 concludimus.
1414 3143 1496 3210 Quod
1512 3147 1556 3198 est
1573 3142 1789 3213 poenapeccati
1808 3147 1837 3196 et
1864 3134 1944 3195 iratu-

252 3227 390 3282 bominem
418 3225 459 3281 ἐπ’
491 3225 653 3304 ἀφθαρσίᾳ,
682 3228 758 3300 quod
786 3228 851 3298 plus
880 3233 923 3283 est
945 3243 1028 3298 quam
1053 3226 1085 3280 iv
1109 3247 1170 3285 ram
1188 3229 1320 3298 destruit,
1342 3229 1412 3284 illud
1430 3230 1520 3301 primo
1545 3229 1648 3283 homini
1666 3228 1774 3300 integro
1793 3226 1879 3282 tribui
1896 3244 1944 3283 ne·

253 3313 409 3384 ἀθανασίᾳ,
439 3313 506 3385 quia
536 3314 658 3371 excludit
684 3333 739 3370 non
766 3316 855 3371 solum
879 3320 1008 3378 mortem,
1034 3313 1084 3369 sed
1111 3317 1179 3388 quit.
1231 3316 1306 3372 Mors
1336 3323 1364 3372 et
1392 3316 1544 3372 mortalitas
1574 3320 1618 3371 cst
1655 3331 1745 3385 poena
1771 3313 1880 3385 peccati
1909 3331 1943 3369 ac

252 3399 335 3455 etism
372 3400 580 3470 mortalitatem,
618 3400 743 3472 adeoque
780 3416 888 3455 omnem
925 3399 1085 3473 asaperaii
1109 3410 1237 3459 naturam
1266 3403 1391 3460 destruit.
1435 3403 1520 3476 Ergo.
1564 3401 1645 3466 Quod
1673 3419 1723 3472 per
1747 3405 1893 3472 paccatum
1914 3401 1943 3454 in

252 3485 397 3554 κακότητα.
442 3491 468 3544 t.
488 3489 535 3541 Ea
558 3504 708 3542 rammam
735 3487 916 3541 mortalitatis
935 3504 969 3540 ac
986 3487 1085 3540 mortis
1111 3492 1244 3546 mundum
1263 3489 1389 3554 intravit,
1418 3489 1489 3544 illud
1513 3495 1578 3544 anta
1607 3494 1753 3559 peccatum
1781 3487 1811 3542 in
1838 3488 1943 3542 mundo

253 3574 411 3628 remotione.
445 3574 489 3628 '·In
515 3573 604 3645 primo
629 3573 746 3628 bominis
769 3578 844 3628 statu
874 3573 970 3628 aberat
997 3573 1084 3628 omnis
1110 3577 1244 3632 nonfuit
1274 3593 1325 3631 nec
1346 3575 1449 3630 bomini
1473 3591 1523 3646 per
1549 3583 1676 3630 naturam
1695 3580 1724 3629 et
1752 3573 1942 3629 excreatione

253 3674 339 3714 causa
357 3659 452 3714 mortis
470 3659 601 3731 physica3
636 3659 733 3715 aberat
755 3658 797 3713 sis
814 3666 936 3725 externa,
954 3674 1038 3730 quam
1055 3659 1083 3714 iu
1110 3663 1246 3718 convenit.
1292 3661 1381 3732 Atqui
1398 3679 1471 3718 mors
1494 3677 1528 3716 ac
1547 3660 1701 3716 mortalitas
1725 3677 1775 3730 per
1794 3665 1940 3730 peccatum

253 3744 408 3814 bominem,
439 3746 561 3800 omnium
592 3750 781 3800 creaturarum
810 3744 952 3800 dominum
980 3762 998 3799 a
1023 3744 1084 3800 Deo
1110 3750 1223 3805 intravit
1240 3749 1269 3802 in
1287 3749 1431 3805 muudum.
1466 3747 1549 3818 Ergo.
1587 3747 1669 3812 Quod
1685 3763 1736 3818 per
1752 3745 1857 3801 diaboli
1875 3745 1943 3801 invi·

253 3831 446 3901 constitutum,
487 3831 565 3886 nulla
603 3839 731 3887 creatura
771 3846 898 3886 exercere
933 3830 1084 3901 potuissem
1111 3836 1184 3891 diam
1202 3835 1317 3891 inuasit
1334 3836 1364 3889 in
1389 3834 1537 3897 mundum,
1564 3833 1634 3889 illud
1659 3832 1764 3888 bomini
1782 3850 1838 3887 non
1854 3831 1944 3888 inerat

254 3917 351 3974 aberat
378 3917 465 3974 lamas
483 3924 512 3973 et
525 3917 594 3984 sitis,
612 3934 697 3988 quam
710 3916 791 3973 bomo
803 3916 941 3973 fructibus
953 3916 1083 3972 arborum
1110 3924 1175 3978 ante
1194 3920 1303 3992 lapsum
1322 3927 1529 3990 perustarum.
1574 3920 1630 3976 Sed
1647 3936 1721 3976 mors
1739 3936 1772 3974 ac
1791 3918 1944 3974 mortalitas

252 4003 491 4075 paradisiacamm
522 4011 550 4060 et
567 4011 635 4075 potu
662 4003 783 4058 fluminis
807 4003 904 4058 sedare
930 4003 1084 4074 potuisset3
1111 4025 1160 4080 per
1184 4007 1317 4063 invidiam
1345 4006 1449 4062 diaboli
1476 4006 1591 4061 intrarit
1618 4005 1648 4060 in
1678 4006 1818 4062 mundum.
1859 4003 1944 4075 Ergo.

240 4090 371 4147 'aberant
396 4091 499 4159 morbi,
518 4090 619 4162 quibus
637 4090 779 4161 subjectus
798 4090 878 4145 homo
899 4107 954 4145 non
971 4089 1085 4160 iuisset3
1114 4099 1136 4148 7.
1154 4094 1179 4147 A
1196 4092 1304 4147 Christi
1320 4093 1499 4149 redemtione.
1529 4094 1556 4146 A
1569 4108 1736 4164 quocunque
1752 4108 1803 4148 nos
1819 4090 1944 4145 Christus

253 4176 350 4233 abemt
372 4178 479 4234 senium
502 4183 531 4234 et
547 4177 690 4247 debilitas,
710 4193 728 4231 a
754 4193 809 4248 qua
831 4193 881 4247 per
899 4175 1023 4231 fructum
1041 4192 1083 4231 ar·
1111 4179 1251 4248 liberavit,
1270 4179 1339 4235 illud
1357 4179 1462 4250 ipsum,
1480 4178 1505 4232 si
1522 4195 1577 4233 non
1595 4183 1741 4248 peccatum
1760 4184 1818 4241 est,
1835 4177 1943 4248 peccati

252 4262 416 4320 bonevitae
430 4269 623 4342 praeservatur
640 4263 746 4318 fuisset
776 4261 861 4334 Hugo
880 4261 915 4317 de
932 4261 959 4318 S.
972 4261 1084 4317 Victore
1110 4270 1204 4320 tanim
1227 4264 1394 4337 supplicium
1423 4272 1466 4321 est
1497 4269 1527 4320 et
1557 4281 1655 4335 poena
1701 4265 1790 4337 Atqui
1818 4262 1944 4319 Christus

253 4349 283 4404 in
308 4366 369 4420 cap.
394 4357 419 4407 2.
450 4350 565 4407 Genea:
593 4351 673 4404 Dens
700 4350 841 4403 munierat
866 4349 1003 4403 bominem
1028 4365 1084 4419 per
1109 4352 1228 4407 redemit
1246 4370 1296 4407 nos
1314 4370 1331 4409 a
1349 4359 1436 4408 morta
1454 4351 1591 4423 corporali
1618 4368 1651 4406 ac
1667 4349 1743 4419 fecit,
1763 4357 1795 4405 ut
1813 4365 1846 4404 aa
1863 4347 1944 4403 nobis

252 4435 360 4505 liparem
385 4438 459 4492 ortae
485 4445 511 4492 et
540 4439 670 4492 deetram
689 4436 848 4506 potentiae,
870 4441 902 4488 nt
915 4442 1011 4504 posset
1028 4453 1084 4490 non
1111 4444 1184 4494 esset
1203 4456 1284 4495 verae
1303 4439 1377 4495 ritae
1391 4440 1489 4510 janua.
1518 4438 1595 4510 Ergo
1613 4456 1685 4494 mors
1704 4435 1863 4506 corporalis,
1879 4451 1944 4489 cum

252 4523 333 4591 mori,
349 4523 426 4578 intas
439 4532 555 4593 portam
566 4524 752 4592 nsqlipentiae
767 4538 823 4592 per
836 4522 974 4577 rationem
988 4522 1083 4577 lama·
1111 4543 1167 4580 nou
1184 4526 1222 4580 sit
1241 4532 1402 4596 peccatum,
1429 4524 1484 4580 fuit
1504 4525 1614 4595 peccati
1633 4524 1817 4597 supplicium,
1844 4528 1872 4577 et
1894 4539 1945 4592 per

253 4626 332 4680 nam,
352 4617 432 4664 enno
443 4618 559 4679 portam
576 4608 725 4666 violentiae
738 4611 872 4665 obserans
886 4625 941 4679 per
958 4609 1083 4664 divinam
1110 4629 1297 4685 consequens,
1328 4612 1358 4666 in
1380 4611 1470 4683 primo
1495 4615 1570 4666 statu
1597 4618 1662 4666 ante
1689 4616 1834 4682 peccatum
1853 4608 1943 4663 locum

254 4696 423 4761 custodiam,
451 4703 482 4749 st
511 4698 568 4751 nisi
593 4698 675 4752 bomo
699 4695 810 4751 ratione
835 4697 950 4750 walens
968 4704 1084 4765 portam
1111 4717 1166 4755 non
1185 4697 1290 4756 habuit.
1334 4702 1358 4755 8.
1377 4700 1405 4752 Α
1423 4698 1569 4767 speranda
1595 4699 1669 4751 citae
1688 4705 1819 4750 aeternae
1837 4696 1944 4749 restitu-

254 4781 440 4852 neplioentiae
470 4784 608 4854 aperiret,
635 4801 776 4854 nanqnom
802 4799 858 4852 per
880 4791 996 4852 portam
1026 4784 1084 4839 sio
1110 4787 1192 4841 tione.
1234 4785 1335 4840 Petrus
1362 4785 1426 4839 Act.
1446 4787 1482 4850 3,
1511 4799 1537 4836 v.
1558 4784 1598 4839 st.
1630 4783 1660 4837 in
1685 4782 1744 4837 vita
1771 4788 1883 4836 aeterna
1899 4798 1945 4836 ex-

252 4867 358 4923 lsntiae
387 4868 501 4938 aliquid
530 4870 558 4924 ei
583 4872 696 4925 noriam
727 4870 857 4926 intraret.
896 4867 1000 4924 Contra
1019 4885 1084 4924 vero
1111 4870 1291 4944 spectandam
1310 4869 1378 4926 dicit
1396 4864 1621 4924 inarariaroam
1642 4866 1762 4923 πάντων.
1799 4867 1864 4925 lam
1879 4885 1945 4924 vero

256 4954 354 5010 stent
373 4955 547 5011 mactimima
566 4956 773 5027 temperamenti
800 4960 956 5028 συμμετρία
974 4971 1007 5009 ac
1023 4956 1084 5010 har-
1110 4959 1139 5011 in
1157 4956 1216 5010 vita
1233 4961 1347 5011 aeterna
1365 4971 1417 5010 nec
1441 4970 1522 5024 mars,
1540 4971 1592 5010 uec
1612 4952 1766 5009 mortalitas
1784 4954 1876 5008 locum
1893 4953 1943 5008 ha·

254 5039 361 5110 moniaq
385 5046 495 5112 praesto
509 5047 569 5096 erat
585 5041 667 5097 arbor
685 5042 768 5110 sitae,
780 5059 830 5112 per
844 5056 927 5111 quam
941 5040 1084 5107 humidum
1111 5042 1198 5111 bebit,
1213 5042 1302 5114 Apoc.
1320 5049 1372 5110 21,
1397 5060 1423 5099 v.
1440 5049 1463 5098 t.
1498 5041 1574 5114 Ergo
1591 5057 1644 5096 nec
1662 5040 1692 5094 in
1709 5045 1785 5095 statu
1802 5040 1944 5112 integrita-

254 5127 458 5200 primogenium
484 5133 512 5183 et
536 5127 612 5182 calor
633 5127 743 5182 natium
767 5126 876 5198 aequali
897 5126 1021 5184 bonitate
1038 5146 1083 5183 us·
1111 5130 1146 5184 tis
1165 5124 1257 5183 locum
1274 5114 1381 5185 habuit.
1419 5131 1443 5184 9.
1461 5129 1508 5182 Εα
1528 5128 1641 5181 animae
1659 5133 1686 5180 et
1707 5127 1836 5195 comeam
1853 5143 1945 5181 essem

254 5232 309 5287 que
326 5214 363 5270 ad
377 5214 556 5269 coustitutum
569 5213 643 5268 vitae
656 5213 782 5268 mimalia
796 5212 943 5268 terminum
961 5216 1084 5286 reparari
1111 5216 1177 5270 tiali
1205 5214 1313 5269 aniona
1361 5215 1395 5268 In
1426 5231 1482 5286 quo
1501 5231 1552 5286 per
1568 5218 1696 5268 naturam
1717 5218 1759 5268 est
1778 5213 1942 5280 essentialis,

254 5301 423 5372 potuissent;
441 5300 539 5357 adeum
557 5301 674 5370 provida
690 5299 742 5355 Dei
761 5317 828 5355 cura
848 5299 952 5356 erfida
971 5302 1083 5373 angelo·
1112 5306 1246 5372 perpetua
1267 5304 1296 5356 et
1315 5299 1515 5356 indissolubilis
1547 5299 1620 5353 inter
1646 5298 1765 5354 animam
1793 5304 1821 5355 at
1844 5315 1945 5371 corpus

255 5404 316 5443 rum
332 5386 472 5455 custodia,
498 5392 530 5442 ut
554 5386 682 5457 superius
700 5386 850 5442 docuimus.
888 5386 1007 5444 Variani
1026 5391 1084 5461 qui-
1112 5387 1191 5450 unio,
1223 5387 1264 5442 illi
1292 5404 1364 5443 mors
1391 5405 1447 5444 non
1474 5392 1566 5458 potest
1594 5402 1654 5441 esse
1676 5385 1819 5441 naturalis.
1862 5384 1945 5442 Ratio

255 5475 318 5531 dem
335 5479 458 5531 vetmnm
470 5473 622 5530 renuntias
640 5473 675 5528 ds
689 5489 782 5539 causa,
800 5490 849 5531 cur
863 5474 954 5529 Adam
967 5474 1084 5531 instatu
1110 5473 1285 5530 connexionis
1312 5473 1414 5546 pendet
1442 5489 1460 5527 a
1487 5470 1647 5528 definitione
1674 5471 1784 5537 mortis,
1810 5472 1885 5543 qnod
1909 5473 1946 5528 sit

254 5560 429 5638 messentius
447 5559 568 5634 potuerit
584 5575 640 5616 non
658 5559 735 5617 mori.
772 5559 943 5616 Athanasius
960 5561 1081 5618 enimin
1110 5560 1256 5631 separatio
1273 5561 1384 5616 animae
1403 5577 1422 5615 a
1440 5575 1565 5630 corpora
1597 5557 1686 5630 Atqui
1703 5557 1733 5614 in
1750 5556 1861 5615 Adsmo
1878 5562 1944 5616 ante
