4104 6014
888 263 941 318 DE
961 260 1099 319 MORTE.
1786 270 1844 327 11³

144 416 221 488 Ergo
253 434 309 472 non
332 418 421 472 solam
443 418 552 488 corpori
577 422 676 489 parata
699 423 741 472 est
756 417 885 489 gehenna
914 416 988 488 ignis
1013 432 1069 469 uno
1086 415 1163 470 iente
1183 417 1310 487 nuspiam
1328 417 1412 472 hodie
1430 417 1601 481 inveniatur,
1631 418 1733 472 fruens
1761 419 1847 489 igitur

145 503 248 558 Matth.
277 511 307 567 5,
330 520 357 559 r.
386 511 427 560 29.
443 504 492 558 sed
509 505 593 559 etiam
612 505 704 559 anima
723 504 869 574 impiorum
893 502 987 556 statim
1012 501 1155 567 statuitur,
1186 507 1325 557 terrenum
1350 503 1428 557 illum
1451 503 1612 574 paradisum
1638 504 1728 559 adhue
1752 520 1846 575 super·

145 597 211 659 post
242 595 360 644 mortem
387 593 416 643 in
444 589 599 661 gehennam
629 589 779 643 descendit.
824 587 989 659 Metaphora
1012 601 1080 638 esse.
1129 587 1210 652 Quod
1237 589 1310 641 enim
1328 588 1448 642 Basilius
1471 589 1499 642 in
1518 595 1586 643 orat..
1608 590 1643 643 de
1669 591 1800 659 paradiso
1818 597 1847 646 et

146 675 343 745 appellationis
368 675 490 730 deducte
521 682 563 730 est
582 693 599 728 a
616 676 677 730 loco
696 674 743 728 illo
761 673 943 728 foetidissimo
960 678 989 726 et
1014 670 1201 726 Damascena«
1227 673 1289 728 libr.
1318 679 1341 730 2.
1371 674 1477 729 orthod.
1506 674 1551 728 lid.
1579 692 1602 729 c.
1631 681 1669 730 11.
1695 676 1847 747 disputant,

146 759 347 829 abominabili,
365 760 392 813 in
413 777 469 830 quo
490 760 609 814 cultores
629 759 739 814 Moloeh
757 758 859 814 liberos
876 774 939 812 euos
958 757 987 810 in
1013 757 1170 824 paradisum
1201 773 1262 810 esse
1291 758 1381 812 locum
1414 758 1503 826 πάσης
1534 763 1578 826 τῆς
1602 765 1651 831 γῆς
1674 761 1848 834 inqio'upar

146 844 339 900 holocaustum
360 846 384 900 ai
403 845 566 913 offerebant,
582 844 685 901 Jerem.
704 850 729 899 7.
750 862 776 898 r.
796 850 835 899 31.
850 860 988 913 quemque
1012 857 1047 893 ac
1065 843 1147 907 loape
1166 844 1346 910 interjacente
1367 847 1461 913 spatio
1479 847 1524 899 uel
1541 849 1631 898 maris
1648 849 1692 900 uel
1716 855 1847 901 terrosa

147 931 242 987 dosias
261 930 372 985 ossibtm
391 939 578 997 mortuorum,
599 930 783 985 cadaveribus
797 930 987 1000 jumentorum
1012 928 1126 994 repioue
1151 932 1297 982 mundana
1321 941 1456 984 socratem
1474 941 1501 984 et
1520 934 1550 984 ia
1571 934 1630 985 alta
1657 935 1741 985 situm
1760 950 1847 1002 usque

148 1021 177 1070 et
208 1015 337 1071 sordibus
374 1032 407 1070 ex
438 1016 529 1070 vicina
561 1015 629 1071 urbe
647 1015 842 1086 Hierosolyma
868 1017 896 1069 in
924 1031 986 1067 eum
1013 1015 1054 1064 acl
1083 1013 1167 1065 lunae
1194 1016 1330 1067 circulum
1352 1019 1571 1086 prertiupentem,
1600 1035 1655 1086 quo
1683 1035 1733 1071 aec
1757 1036 1847 1087 aptiae

148 1103 283 1171 conjectis
322 1119 453 1170 spurcum
489 1108 519 1155 et
559 1101 773 1156 abominabilem
816 1100 985 1167 reddiderat,
1014 1098 1118 1151 diluuii
1143 1102 1334 1168 pervenerint,
1363 1102 1392 1154 id
1422 1119 1484 1156 cum
1514 1104 1701 1173 descriptione
1726 1104 1848 1159 Massica

150 1193 174 1242 2.
198 1187 270 1259 Reg.
295 1192 343 1261 23,
371 1203 396 1240 r.
427 1195 465 1242 10.
506 1187 574 1243 Luc.
598 1193 643 1251 16,
673 1206 698 1242 v.
724 1192 765 1242 23.
790 1191 905 1241 vocatur
921 1185 988 1254 ᾅδης
1013 1201 1068 1237 uon
1087 1186 1191 1253 poterit
1208 1186 1350 1241 conciliari
1370 1193 1399 1241 et
1417 1205 1433 1242 a
1454 1189 1566 1244 Pererio
1586 1189 1632 1244 lib.
1654 1196 1677 1245 3.
1701 1191 1846 1245 commin

149 1290 175 1326 r.
196 1277 239 1329 28.
257 1269 343 1334 τόπος
359 1277 406 1341 τῆς
423 1271 558 1341 perduco,
577 1273 611 1327 de
631 1272 734 1343 quibua
752 1272 986 1343 appellationibus
1013 1267 1085 1324 Gen.
1111 1288 1136 1339 p.
1166 1277 1224 1325 ate.
1250 1278 1282 1325 ut
1307 1274 1460 1326 absurdum
1483 1293 1518 1326 ar
1540 1276 1696 1329 ridiculum
1714 1277 1846 1346 rejicitur.

149 1362 179 1411 et
215 1374 310 1412 earum
348 1359 455 1412 ratione
485 1359 512 1412 in
541 1358 633 1428 capite
663 1358 698 1411 de
735 1358 842 1413 inferno
879 1357 987 1426 plenius
1014 1360 1037 1409 2.
1057 1355 1178 1427 Vulgata
1196 1357 1284 1411 versio
1302 1358 1387 1413 Sirac.
1401 1367 1442 1426 st,
1458 1376 1484 1414 r.
1503 1366 1540 1416 13.
1559 1361 1664 1428 asserit,
1684 1361 1847 1416 Henochum

149 1443 265 1498 dicetur.
1013 1443 1181 1495 translatum
1212 1461 1271 1497 esse
1300 1446 1329 1497 in
1359 1447 1543 1514 paradisum,
1580 1453 1609 1502 et
1645 1452 1737 1501 tamen
1774 1447 1848 1502 idem

190 1534 247 1585 163.
283 1531 353 1583 Cum
372 1545 438 1599 ergo
466 1529 522 1582 duo
542 1537 651 1583 tantum
671 1530 727 1583 sint
754 1530 907 1583 animarum
925 1532 989 1596 post
1014 1535 1112 1581 auctor
1127 1545 1154 1607 c.
1171 1535 1222 1595 49,
1241 1547 1265 1583 v.
1288 1535 1325 1588 13.
1346 1531 1459 1599 asserit,
1484 1532 1575 1602 ipsum
1597 1550 1656 1588 esse
1674 1534 1847 1587 auterens

153 1622 270 1670 mortem
279 1615 464 1684 receptacula,
474 1614 581 1669 coelum
591 1615 697 1669 scilicet
706 1620 735 1670 et
743 1615 875 1682 infernus,
887 1614 950 1667 ideo
968 1619 988 1669 1.
1015 1623 1108 1677 terra,
1130 1615 1228 1685 utique
1245 1633 1312 1686 ergo
1331 1616 1477 1686 paradisus
1497 1636 1552 1674 non
1573 1624 1616 1673 est
1631 1619 1660 1673 iu
1678 1628 1767 1690 terra,
1795 1636 1847 1675 nee

152 1700 314 1754 damnanda
339 1708 406 1754 sunt
428 1702 574 1769 prutilium
602 1701 636 1755 de
657 1706 730 1754 statu
748 1701 903 1754 animarum
922 1705 987 1769 post
1014 1705 1140 1753 terrenus
1176 1701 1277 1771 aliquis
1316 1701 1407 1766 locus,
1446 1705 1493 1758 sed
1532 1703 1678 1758 beatitudo
1710 1705 1847 1760 coelestis.

151 1793 267 1841 mortem
300 1787 414 1841 somnia
465 1787 544 1841 Plato
575 1787 727 1853 existimat,
760 1787 922 1839 excellentes
962 1792 988 1836 et
1015 1789 1038 1839 3.
1058 1784 1177 1839 Animae
1207 1787 1351 1841 beatorum
1379 1805 1442 1842 cum
1470 1790 1526 1842 sint
1553 1791 1666 1859 spiritus
1684 1791 1847 1860 incorporei,

151 1872 281 1925 luricas
300 1874 411 1925 animas
430 1881 566 1939 tanquam
584 1874 716 1941 puriores
733 1890 843 1925 sur-mm
862 1874 988 1935 moriere,
1014 1872 1180 1925 amoenitate
1206 1873 1342 1927 terrestris
1364 1875 1484 1943 paradisi
1511 1882 1607 1946 utpote
1634 1878 1758 1946 corporei
1785 1877 1849 1946 capi

154 1967 262 2011 ceteras
278 1975 344 2010 aero
363 1960 481 2024 ipaauas
502 1968 527 2010 rt
543 1959 733 2026 uoluptatibus
751 1975 900 2026 carporum
924 1974 985 2010 cou-
1013 1961 1097 2025 atque
1124 1955 1198 2010 affici
1224 1959 1387 2028 neutiquam
1406 1968 1525 2030 possent
1579 1960 1651 2025 Quid
1678 1963 1751 2016 enim
1767 1962 1849 2031 prod·

152 2045 307 2096 taminatus
317 2044 393 2096 leumi
407 2045 510 2112 vapori
527 2045 605 2096 circa
616 2045 758 2112 sepulcra,
772 2052 797 2096 et
808 2045 860 2096 has
873 2043 985 2110 iudicat
1014 2045 1088 2094 esset
1105 2042 1252 2096 animabus
1271 2043 1415 2098 abundare
1427 2046 1524 2116 pomis,
1547 2046 1654 2114 herbis,
1676 2048 1757 2118 aquis
1774 2046 1848 2102 etc?

152 2144 210 2182 esse
227 2136 350 2201 spectra,
364 2146 435 2198 pisae
452 2130 611 2196 aliqsiando
624 2138 783 2182 amnentur.
807 2128 865 2182 Alii
876 2145 910 2182 ex
922 2146 988 2198 gen·
1016 2132 1040 2180 t.
1061 2126 1205 2196 Scriptura
1229 2129 1335 2182 animes
1355 2129 1400 2198 pie
1421 2131 1613 2186 defunctorum
1641 2150 1697 2186 nou
1715 2134 1744 2186 in
1762 2140 1849 2186 terre·

154 2214 251 2269 tilibus
270 2213 404 2280 sentiunt,
423 2215 570 2266 estimatus
587 2231 606 2266 a
625 2231 743 2283 corpore
767 2216 909 2283 separatis
926 2214 989 2278 hiae
1015 2219 1111 2280 dreia,
1146 2214 1195 2268 sed
1235 2216 1378 2268 casualem
1416 2217 1585 2284 paradisum
1618 2218 1779 2285 introducit,
1817 2224 1850 2272 ut

152 2302 217 2354 iude
243 2301 431 2354 amandum
458 2317 531 2366 esse,
564 2303 653 2354 donec
679 2318 816 2369 romara,
847 2319 865 2353 a
890 2301 989 2369 quibem
1016 2299 1143 2369 superius
1173 2300 1351 2355 ostendimus.
1401 2309 1425 2357 5.
1444 2301 1570 2356 Christus
1602 2302 1696 2356 inille
1720 2303 1850 2374 paradiso

150 2403 204 2457 per
233 2395 350 2439 mortem
374 2395 438 2439 urat
464 2387 639 2455 disjunctae,
670 2387 793 2453 lepitime
809 2387 989 2454 sepeliantur.
1019 2384 1118 2438 lamani
1131 2385 1270 2454 promittit
1280 2386 1447 2440 consortium
1461 2403 1549 2455 suum,
1563 2386 1631 2440 dicit
1643 2387 1724 2452 enim,
1743 2406 1848 2442 meeum

154 2471 298 2526 Patroclus
321 2472 350 2524 iu
373 2471 475 2525 somnis
500 2480 618 2541 apparet
638 2471 739 2525 Achilli
765 2488 797 2525 ac
817 2471 896 2541 petit,
909 2473 988 2540 justa
1016 2473 1071 2523 ens
1097 2471 1127 2524 in
1149 2473 1298 2539 paradiso.
1344 2471 1468 2527 Christus
1493 2480 1585 2528 autem
1610 2490 1664 2529 non
1683 2479 1850 2541 tentonem,

153 2558 206 2614 sibi
224 2556 353 2627 persolvi,
373 2557 485 2625 alioqui
501 2575 561 2610 eunt
574 2566 679 2625 portas
698 2558 810 2621 inferni
832 2558 916 2610 adire
933 2575 989 2610 aaa
1016 2555 1065 2608 sed
1084 2556 1231 2610 coelestem
1252 2557 1412 2627 paradisum
1431 2562 1473 2612 eat
1492 2558 1640 2629 ingressus.
1689 2558 1851 2630 Respondet

149 2662 243 2716 posse,
262 2643 410 2696 animabus
429 2644 601 2714 sepultorum
621 2659 682 2696 eum
701 2662 720 2696 a
737 2660 767 2695 se
780 2643 989 2712 repellentibus,
1016 2641 1127 2711 quidem
1148 2642 1325 2712 Euthymida,
1346 2642 1488 2695 Christum
1505 2661 1564 2697 ease
1583 2645 1694 2714 ubiqrse,
1720 2653 1752 2698 ut
1772 2647 1851 2698 Deus

153 2729 229 2800 quod
251 2728 408 2798 exemplum
426 2726 614 2782 Tertullianus
642 2728 689 2782 lib.
718 2729 753 2784 de
771 2729 854 2782 enim.
874 2728 990 2781 adducit
1016 2735 1069 2792 est,
1094 2745 1129 2780 aa
1143 2729 1268 2796 proinde
1287 2744 1346 2781 esse
1363 2746 1425 2781 arim
1455 2730 1566 2783 latrone
1601 2731 1722 2799 aliisqrse
1745 2733 1852 2785 sanctis

152 2822 182 2870 et
214 2814 288 2869 hauc
322 2814 470 2885 gentilium
501 2813 656 2882 opinionem
686 2814 836 2884 redarguit.
887 2813 988 2867 Existi-
1016 2814 1045 2864 in
1070 2815 1212 2880 paradiso
1236 2814 1366 2866 terrestri
1386 2823 1412 2867 et
1437 2832 1499 2866 eum
1524 2816 1635 2884 anpelis
1660 2816 1691 2867 in
1705 2819 1850 2883 paradiso

154 2906 266 2955 marunt
295 2901 380 2954 etiem
412 2899 546 2969 gentiles,
578 2902 689 2953 animas
718 2917 826 2961 smum,
859 2901 908 2970 qui
926 2908 991 2952 aute
1017 2898 1138 2951 coelesti.
1174 2897 1229 2952 Sed
1249 2898 1301 2952 hac
1320 2898 1426 2952 ratione
1444 2898 1511 2952 nihil
1538 2899 1602 2953 novi
1627 2901 1671 2954 rel
1688 2899 1754 2955 laeti
1773 2901 1850 2956 Chri·

154 2989 258 3055 justum
270 2988 344 3039 ritae
365 2993 472 3056 temptes
490 2987 619 3053 defuncti
637 2994 714 3054 sunt,
737 2987 906 3055 praesertim
933 3003 990 3054 eos,
1016 2990 1075 3035 stus
1102 2982 1201 3037 latroni
1224 2984 1406 3053 promisisset,
1433 2984 1498 3054 qnia
1520 2985 1603 3038 etiem
1628 2992 1689 3038 erat
1707 3002 1770 3039 cum
1790 2987 1851 3056 ipso

155 3076 205 3143 qni
236 3073 361 3127 uiolenta
391 3080 480 3125 morte
511 3073 672 3142 periemmt,
705 3090 774 3143 qrros
807 3071 991 3140 proterritum
1017 3084 1050 3122 co
1070 3068 1161 3136 modo,
1182 3085 1244 3122 cum
1263 3068 1291 3122 in
1311 3085 1394 3123 cruce
1412 3068 1505 3122 adhrm
1525 3069 1666 3138 penderet.
1715 3075 1738 3126 6.
1759 3070 1850 3126 Voces

154 3167 270 3222 uacant,
293 3159 405 3210 tamdiu
422 3159 525 3225 sapori
542 3165 568 3209 et
587 3158 732 3224 obemme,
756 3159 993 3227 quamdiueicis·
1016 3154 1052 3210 N.
1071 3153 1102 3206 T.
1123 3171 1185 3208 cum
1204 3155 1260 3208 sint
1277 3154 1440 3225 ambiguae,
1465 3155 1558 3224 potius
1576 3156 1663 3225 accipi
1684 3155 1801 3222 debent,
1819 3165 1851 3211 ut

155 3255 228 3314 sent,
261 3245 319 3296 nisi
342 3244 466 3296 uiolenta
491 3251 579 3295 morte
598 3243 730 3296 exstincti
745 3244 886 3313 pausent,
916 3244 991 3313 quod
1017 3246 1165 3294 sumuntur
1186 3241 1215 3293 in
1231 3241 1293 3294 aliis
1311 3240 1378 3294 locis
1397 3240 1431 3296 N.
1450 3239 1483 3292 Τ.
1504 3256 1588 3309 quam
1608 3246 1641 3294 ut
1659 3248 1805 3297 sumuntur
1822 3244 1851 3298 in

155 3331 290 3387 somnium
314 3328 502 3383 Tertullianus
532 3328 628 3382 itidem
652 3327 728 3382 dicto
754 3328 815 3382 loco
836 3329 991 3398 impugnat.
1018 3326 1052 3382 V.
1072 3324 1105 3377 T.
1125 3326 1213 3396 Atqui
1229 3342 1282 3379 ror
1302 3324 1423 3393 paradisi
1443 3331 1466 3379 2.
1485 3325 1548 3380 Cor.
1569 3330 1608 3390 12,
1629 3344 1655 3378 r.
1676 3334 1701 3383 t.
1724 3333 1808 3399 Apoc.
1827 3335 1851 3398 2,

155 3415 282 3487 cyrillus
302 3414 509 3469 Alexandrinus
537 3414 599 3470 libr.
629 3420 653 3468 1.
676 3414 704 3467 in
729 3413 829 3469 Johan.
858 3431 919 3484 cap.
950 3419 990 3468 22.
1018 3430 1044 3464 ν.
1066 3419 1089 3466 l.
1118 3414 1234 3466 sumitur
1259 3428 1311 3480 pro
1337 3412 1467 3482 paradiso
1498 3412 1648 3481 spirituali
1673 3431 1708 3466 ac
1733 3416 1851 3470 coelesti,

160 3503 254 3569 refert,
267 3501 386 3572 gentiles
400 3499 646 3563 nrisseiabulatos,
664 3500 861 3567 drp'rlactorum
881 3501 992 3554 animas
1019 3504 1042 3552 7.
1063 3497 1177 3550 Petrum
1201 3496 1295 3565 opinio
1319 3497 1415 3550 nititur
1439 3496 1586 3567 hypothesi
1615 3507 1853 3570 ψυχοπινννυχίας,

156 3605 215 3642 esse
246 3590 275 3640 in
307 3588 428 3640 tumulis.
476 3591 501 3642 2.
531 3585 647 3640 Probari
680 3601 735 3639 uon
767 3591 859 3654 potest
896 3585 991 3652 opinio
1018 3583 1052 3637 de
1072 3599 1196 3652 quasue
1215 3583 1275 3636 loco
1293 3582 1403 3652 plenius
1421 3598 1544 3657 memus.

156 3676 333 3746 mutandam
349 3680 478 3741 patrum,
507 3671 555 3741 qui
575 3672 683 3725 animas
700 3670 809 3740 piorum
825 3677 926 3740 putant
944 3671 991 3725 de-
1056 3674 1111 3724 164.
1148 3674 1171 3723 3.
1192 3667 1300 3721 isthaec
1328 3672 1438 3737 patrum
1467 3669 1560 3739 opinio
1589 3670 1624 3724 de
1649 3670 1778 3742 paradiso
1797 3679 1850 3727 ter

157 3761 222 3815 duci
248 3761 279 3812 in
293 3760 466 3829 paradisum
483 3764 656 3824 terrestrem,
690 3757 719 3810 in
744 3773 799 3827 quo
817 3764 992 3811 asserventur
1017 3755 1096 3809 rastri
1125 3753 1260 3823 originem
1285 3752 1397 3807 duxisse
1420 3754 1529 3809 videtur
1552 3773 1586 3810 ex
1606 3758 1777 3813 &saeorum
1794 3760 1852 3815 sive

158 3861 246 3916 usque
266 3844 303 3898 ad
320 3844 393 3897 diem
407 3842 516 3912 judicii.
553 3841 682 3897 Justinus
699 3844 729 3896 in
746 3859 819 3913 resp.
832 3842 869 3895 ad
885 3850 992 3913 quaest.
1019 3843 1189 3894 Essenorum
1205 3840 1328 3902 samnio,
1358 3839 1432 3910 quod
1453 3840 1585 3895 describit
1603 3841 1741 3912 Josephus
1760 3844 1806 3899 lib.
1828 3851 1852 3900 2.

158 3931 229 3987 arth.
250 3948 275 4000 q.
297 3936 337 3983 15.
359 3935 400 3985 76.
418 3934 459 3987 85.
478 3928 584 3996 asserit,
600 3930 767 3997 paradisum
781 3937 921 3981 terrenum
940 3930 992 3981 ad·
1019 3928 1053 3980 de
1073 3925 1139 3980 bell.
1156 3924 1267 3979 Judaie.
1285 3941 1311 3980 c.
1329 3929 1352 3979 8.
1371 3925 1446 3979 drea
1469 3924 1559 3981 finem
1605 3929 1722 3996 Opinio,
1753 3931 1852 4001 iuquit,

159 4018 212 4070 llus
233 4024 343 4069 exstare
360 4024 386 4067 et
401 4031 620 4086 permansurum
635 4030 720 4083 usque
736 4016 777 4066 ad
788 4015 862 4067 diem
875 4014 993 4082 judicii,
1019 4014 1101 4082 aperd
1122 4011 1189 4064 illos
1208 4013 1328 4078 firmata
1346 4012 1487 4080 consutis,
1516 4014 1714 4081 corruptibilia
1740 4017 1852 4084 quidem

159 4105 188 4156 ia
223 4120 255 4156 eo
284 4102 394 4155 ausari
426 4100 586 4155 Henochum
626 4109 651 4152 et
687 4100 803 4163 Elium,
835 4099 905 4153 illuc
934 4117 993 4153 esse
1020 4117 1078 4153 esse
1109 4114 1232 4166 corpora
1258 4097 1459 4164 numenque
1490 4115 1588 4152 eorum
1617 4116 1672 4152 aaa
1702 4117 1761 4153 esse
1785 4118 1851 4170 per·

160 4192 272 4243 ductum
290 4189 440 4254 latronem,
464 4187 493 4239 in
514 4189 632 4240 mandem
650 4188 754 4239 deduci
773 4203 865 4240 amnes
883 4187 994 4240 animas
1018 4194 1146 4255 punam,
1176 4184 1287 4235 animas
1313 4189 1405 4235 autem
1422 4182 1595 4236 immortales
1617 4200 1726 4253 semper
1741 4201 1853 4240 manen

156 4275 296 4342 justarum
335 4290 392 4325 uon
429 4273 622 4325 admittendas
663 4273 705 4324 ad
741 4271 896 4335 beatificam
937 4273 996 4325 Dei
1021 4280 1046 4324 et
1077 4272 1113 4324 de
1137 4269 1250 4322 aethere
1274 4267 1457 4321 subtilissimo
1481 4277 1665 4322 commeantes
1689 4271 1772 4338 quasi
1790 4288 1852 4324 aar·

157 4361 289 4413 maenam
316 4366 379 4411 ante
406 4359 481 4411 diem
493 4359 609 4426 judicii.
654 4356 732 4411 Idem
758 4357 845 4410 tradit
866 4357 994 4412 irenaeus
1022 4358 1131 4411 ceribus
1160 4355 1200 4408 ita
1233 4354 1398 4421 corporibus
1424 4354 1577 4420 implicari,
1605 4355 1678 4407 uelut
1696 4373 1767 4424 quas
1792 4357 1852 4411 ille·

157 4447 219 4501 libr.
249 4453 273 4500 5.
307 4446 371 4499 adv.
399 4445 503 4500 haeres.
531 4452 559 4500 et
589 4444 685 4505 addit,
714 4445 744 4496 in
764 4445 836 4496 hunc
853 4450 995 4497 terrenum
1022 4444 1104 4497 cebro
1134 4440 1278 4493 naturalis
1303 4440 1461 4491 attremit.
1511 4437 1580 4491 &sm
1606 4456 1671 4493 uero
1690 4443 1805 4507 stoerint
1836 4461 1855 4498 a

154 4531 327 4602 paradisum
352 4539 466 4599 raptum
491 4548 548 4585 esse
568 4531 703 4593 Paulum,
734 4529 815 4598 cujus
842 4529 995 4583 sententiae
1023 4528 1187 4583 carnalibus
1218 4525 1359 4579 revelatae
1388 4525 1524 4592 vinaciis,
1552 4528 1636 4595 quasi
1660 4529 1696 4580 de
1723 4530 1855 4584 seruitute

159 4634 226 4672 suae
255 4615 455 4687 suffragatores
482 4615 579 4671 laudat
602 4616 782 4687 presdptrros
808 4615 896 4667 Asiae
926 4630 995 4683 apo·
1022 4613 1188 4683 turpissima
1205 4612 1343 4665 liberatas
1363 4611 1404 4662 ita
1421 4610 1489 4663 ilico
1507 4611 1611 4664 laetari
1634 4629 1683 4665 eas
1712 4615 1855 4670 sublimes·

160 4704 295 4756 dolorum
320 4701 483 4770 discipulos.
531 4701 563 4754 Id
591 4701 680 4771 ipsum
705 4703 790 4755 etiarn
810 4699 909 4754 statuit
928 4698 995 4753 Ter-
1023 4717 1075 4770 que
1104 4700 1185 4757 terri.
1234 4699 1273 4750 Et
1299 4697 1411 4765 quidem
1442 4696 1527 4773 bonas
1553 4699 1726 4752 candaules
1751 4701 1781 4753 ia
1804 4703 1856 4755 hoc

161 4788 297 4843 tullianus
325 4787 373 4844 lib.
405 4788 439 4842 de
468 4787 576 4854 anima,
604 4804 750 4857 superesse
777 4787 885 4840 scilicet
902 4788 995 4839 orlhrsc
1025 4788 1200 4839 &asomum
1229 4782 1373 4835 sententiis
1390 4785 1578 4850 monuntiant
1606 4785 1685 4837 ultra
1722 4802 1853 4840 oceanum

160 4876 329 4945 paradisum
350 4883 508 4927 tmestrem
528 4882 553 4926 ct
572 4891 631 4927 osse
643 4874 817 4928 domicilium
834 4881 996 4925 sanctarum
1024 4876 1137 4940 deperc,
1155 4869 1204 4921 uhi
1223 4869 1263 4920 eis
1281 4868 1318 4918 sil
1334 4867 1463 4934 reposita
1478 4869 1647 4940 perfruitio,
1672 4871 1734 4923 illia
1754 4872 1856 4940 quippe

162 4962 323 5015 animarum
349 4977 434 5029 usquc
458 4962 500 5013 ad
518 4960 592 5012 diem
611 4959 728 5027 judicii,
775 4957 943 5028 Euthymius
967 4958 997 5012 in
1023 4974 1083 5013 esse
1102 4956 1252 5023 rupissem,
1271 4969 1343 5022 quae
1363 4969 1450 5021 neque
1470 4955 1619 5022 imbribus,
1636 4973 1722 5025 neque
1740 4957 1859 5026 airibrrs,

164 5064 261 5102 comm.
282 5045 373 5101 Lucae
393 5051 433 5101 23.
455 5062 586 5097 seuuemo
612 5046 718 5099 latroni
742 5045 885 5098 terrestris
910 5033 1112 5115 para-'neque
1130 5042 1251 5095 aestibus
1270 5046 1454 5108 apprecatur,
1474 5042 1526 5094 sed
1542 5057 1625 5109 msam
1644 5059 1747 5096 oceano
1765 5043 1859 5097 oriens

165 5135 224 5186 disi
241 5132 408 5195 felicitatem
414 5131 545 5200 proraitti
556 5130 705 5198 existimat,
717 5129 836 5199 ideoque
848 5129 998 5186 Dominum
1024 5132 1160 5200 replprus
1192 5135 1217 5180 et
1252 5125 1352 5178 leniter
1387 5126 1542 5194 adspirans
1576 5136 1709 5182 amoenet,
1767 5129 1859 5183 Malle

19 5231 92 5274 xm
107 5226 153 5268 18¹2.
165 5236 220 5273 non
237 5217 411 5287 respondisse
431 5214 541 5282 latroni,
559 5216 642 5278 hodie
661 5230 764 5266 meacm
782 5217 839 5269 eris
857 5217 886 5268 in
905 5233 1000 5283 repro,
1025 5224 1118 5269 autem
1137 5212 1284 5265 animabus
1298 5210 1464 5278 procellosa
1482 5213 1546 5265 loca
1559 5221 1585 5265 et
1596 5214 1712 5266 hiberna
1729 5215 1860 5282 dslepaat

166 5303 215 5357 scd
235 5304 265 5356 in
281 5304 433 5372 paradiso.
468 5298 556 5369 Atqui
585 5305 606 5355 1.
624 5314 675 5367 per
700 5297 834 5353 diluvium
853 5305 929 5354 totus
947 5303 1111 5372 ter-iplsna
1135 5298 1280 5368 pemililms
1303 5298 1522 5350 eaercsndarum
1546 5300 1607 5351 sine
1620 5301 1858 5368 fiuepoeaarum.

165 5405 258 5444 rarum
285 5387 359 5442 orbis
383 5402 417 5439 ac
440 5385 557 5455 proinde
583 5384 665 5438 etiam
696 5382 792 5437 hortus
810 5385 1016 5455 paradisiacus}
1031 5389 1168 5441 Videntur
1201 5390 1291 5436 autem
1317 5382 1388 5434 mili
1405 5385 1557 5436 emendum
1573 5384 1645 5436 lanc
1670 5384 1760 5451 ipsam
1778 5384 1861 5439 intel-

167 5477 207 5529 sic
232 5474 393 5529 devastatus
417 5477 471 5536 est,
503 5477 534 5524 nt
559 5476 637 5523 ortus
656 5473 776 5537 quatuor
801 5469 945 5524 fluminum
965 5488 998 5526 cr
1013 5458 1017 5517 l
1030 5474 1175 5543 lipeutiam
1196 5468 1304 5522 Graeci
1322 5483 1430 5536 quoque
1448 5468 1573 5532 fortilm
1592 5468 1658 5536 suis,
1677 5486 1745 5538 qrsas
1759 5470 1862 5526 lerona

218 5567 321 5610 munti
334 5565 383 5607 loci.
400 5561 457 5604 vltt.
1517 5578 1532 5629 g
