4104 6014
736 193 1018 252 nnuovrssrurs
1037 192 1260 252 manneus.
1826 166 1844 258 i

148 351 181 406 sd
202 352 304 422 ἔσχατα
330 351 523 424 intelliguntur
548 349 651 421 abjecti
670 355 699 407 et
726 356 882 422 postremae
899 347 981 404 sortis
1013 348 1151 403 interitus.
1176 349 1401 405 consummative
1412 349 1441 403 in
1451 357 1622 403 mos-tuorum
1634 350 1845 418 resurrectione,

147 438 276 495 homines.
308 437 409 495 Erech.
426 444 468 506 23,
487 457 513 495 v.
527 444 575 493 25:
595 438 783 493 Novr'sss'mum
796 444 872 491 turem
883 435 982 505 plodio
1010 436 1090 506 cujus
1117 435 1180 490 finis
1208 441 1251 491 est
1277 436 1320 492 vel
1339 437 1522 491 internsedius
1548 454 1596 492 seu
1616 435 1766 503 decisivus,
1799 435 1844 489 vel

148 527 239 582 cadet.
274 542 297 579 c.
320 530 368 595 33,
395 543 421 580 v.
441 530 472 579 2:
507 526 576 580 Cura
595 525 733 578 inducero
751 525 880 594 plautium
899 538 982 594 super
1009 524 1123 578 ultimus
1141 541 1190 579 seu
1208 523 1391 578 essecutivus.
1429 522 1613 578 Intermedius
1639 539 1687 577 seu
1706 521 1843 577 decisivus

148 620 254 666 ussum
282 620 308 666 st
331 611 428 666 tulerit
456 612 582 684 populns
615 619 708 665 tes-rna
732 612 821 665 uirum
843 627 929 664 uncam
947 609 982 660 dc
1008 615 1051 663 est
1062 610 1199 677 judicium
1216 617 1372 673 astremum,
1386 609 1540 664 universale
1555 626 1588 664 ac
1613 608 1704 678 finale;
1728 607 1841 662 ultimus

152 698 312 754 nouissimis
329 698 395 753 suis.
425 697 488 753 Hoc
500 698 562 753 loco
580 698 716 769 accipitur
735 699 763 752 in
783 696 983 769 significatione
1009 696 1238 752 seuexsecutirus
1251 696 1453 752 estsenteutiac
1466 697 1576 752 decisae
1588 696 1725 751 exsecutio
1739 695 1841 766 duplex

150 784 277 856 propris,
311 801 366 855 qua
392 784 586 840 universaliter
609 792 637 840 et
655 783 780 839 absolute
795 801 845 854 pro
862 781 982 837 omnium
1008 783 1114 838 ratione
1133 781 1251 853 duplicis
1268 783 1378 853 objecti,
1400 782 1545 854 impiorum
1558 782 1664 837 scilicet
1682 788 1710 837 et
1721 783 1839 853 piorum.
1852 785 1922 826 xvu.
1943 784 1964 827 ⁸·

149 869 290 925 hominurn
310 877 339 925 et
354 870 439 926 totius
461 871 557 927 mundi
575 870 731 926 novissimis
751 875 907 941 usurpatur.
1011 868 1054 922 Pii
1079 867 1279 925 transferentur
1304 869 1340 922 ad
1364 869 1450 922 vitans
1473 885 1522 924 seu
1546 869 1662 940 gloriam
1687 878 1841 937 aeternam,

13 1001 132 1040 usmaro·
452 1007 458 1019 .
544 1007 551 1020 .
750 1008 756 1021 ,
788 1008 794 1020 ,
1009 953 1085 1024 impii
1118 971 1182 1008 vero
1208 954 1392 1011 detrudentur
1416 955 1445 1007 in
1470 953 1650 1026 ignominiam
1674 971 1707 1010 sc
1721 973 1842 1024 poenam

185 1015 208 1062 7.
244 1008 277 1062 ln
308 1013 514 1064 enumeratione
542 1014 657 1062 actorum
694 1024 903 1064 novissimorum
940 1021 983 1059 ec-

13 1052 121 1092 nsvrnt-
207 1095 213 1106 ,
260 1094 293 1106 ..
368 1094 374 1106 ,
914 1092 920 1104 ,
1009 1040 1214 1109 sempiternum.
1255 1039 1324 1094 Cum
1343 1040 1395 1095 hac
1414 1040 1610 1095 distributione
1628 1040 1687 1095 iere
1712 1040 1844 1097 coincidit

13 1114 114 1143 nomn.
149 1096 294 1151 ⁰¹oe¹⁸⁸t¹⁰¹
322 1102 469 1165 ⁵⁰¹¹pt⁰¹⁰⁸
497 1101 555 1149 mm
573 1098 687 1161 'em'
716 1111 799 1165 qm
818 1098 983 1150 mmmm
1007 1127 1055 1182 illa
1072 1126 1188 1182 aliorum
1207 1126 1300 1184 series.
1331 1125 1487 1182 Novissima
1504 1122 1843 1200 suntvelpaxpoxdopoo,

150 1180 488 1280 qu⁰d⁸mm⁰d⁰,wi⁸nt‘
507 1179 572 1278 dim
591 1180 639 1280 ali}
653 1183 752 1254 ΡΜ*
773 1182 819 1236 alii
832 1181 982 1250 pamm
1009 1214 1051 1270 vel
1088 1213 1285 1288 μικροκόσμου.
1340 1212 1526 1268 Novissimum
1561 1214 1764 1287 μακροκόσμου
1802 1219 1843 1269 est

149 1268 302 1337 eademque
322 1267 378 1322 slro
396 1272 480 1338 atque
501 1267 555 1322 alro
575 1266 672 1322 ordme
689 1274 840 1324 recensent
873 1266 981 1321 Auctor
1005 1302 1105 1355 mmuh.
1140 1301 1311 1370 (iamim
1359 1300 1507 1354 novissima
1550 1297 1740 1374 Wompov
1778 1308 1843 1355 sunt

149 1352 214 1408 libri
247 1353 283 1409 de
312 1353 426 1423 ⁸pe⁰ul⁰
450 1353 602 1423 peccam
626 1354 699 1409 inter
722 1372 806 1426 ⁰9³³
829 1353 979 1425 Augmtini
1006 1387 1125 1458 duplicis
1150 1385 1266 1459 generis.
1310 1384 1363 1442 Vel
1388 1385 1461 1441 enim
1479 1393 1544 1441 sunt
1562 1388 1609 1442 uic
1638 1386 1675 1442 ad
1694 1387 1841 1443 terminum

1005 1473 1182 1530 novissimum
1204 1471 1328 1536 tendens,
1347 1472 1391 1527 vel
1409 1480 1483 1527 mua
1502 1472 1575 1526 viam
1592 1472 1750 1530 terminans.
1789 1475 1841 1529 111⁸

146 1456 169 1493 c.
185 1445 209 1494 5.
235 1438 264 1493 in
288 1438 376 1510 princ.
402 1438 439 1492 ad
459 1439 661 1509 quaestionem,
692 1458 764 1509 quos
784 1441 840 1494 sint
858 1442 913 1494 illa
931 1458 980 1492 ao·

145 1525 270 1592 ”mima’
290 1526 805 1628 4²f⁰⁶pr⁰vifi⁶r⁶f⁰li⁶md⁶i⁶muf3
823 1527 979 1627 mp⁰¹ffdff²
1006 1559 1158 1633 porgitper
1171 1557 1311 1628 duplicem
1327 1558 1436 1625 callem,
1450 1559 1667 1615 mortisscilieet
1682 1559 1784 1615 Psalm.
1798 1566 1840 1630 23,

147 1611 262 1666 &mm
279 1620 363 1666 mm
376 1613 572 1681 mmmm
592 1620 633 1665 ⁶⁸²
656 1621 752 1682 'mm
772 1615 826 1668 ‘aa
842 1613 980 1667 ‘emm'
1005 1664 1031 1701 s.
1050 1652 1075 1701 4.
1091 1650 1119 1700 et
1138 1644 1276 1715 iosaphat
1293 1661 1341 1700 seu
1362 1645 1473 1714 judicii
1505 1644 1576 1701 doct
1597 1652 1626 1715 3,
1657 1664 1683 1700 s.
1722 1653 1745 1700 7.
1766 1647 1840 1717 quod

146 1698 234 1766 Μ’
265 1714 369 1798 ΜΨ
385 1698 490 1751 ΜΝ
507 1699 604 1752 ‘mm
620 1707 670 1753 ⁸²⁶⁰
688 1718 720 1753 ω
744 1701 795 1754 h⁰⁶
812 1700 981 1768 ⁶⁰rpu⁸ffll⁰
1003 1732 1140 1804 judicium
1171 1732 1321 1804 praecedet
1344 1733 1512 1801 universalis
1537 1735 1713 1790 resurrectio.
1765 1732 1842 1789 Meta

146 1784 327 1852 ‘'ml'i‘b‘h
345 1792 443 1837 “mm
462 1792 503 1838 ⁶⁸²
521 1801 668 1851 ‘imm
694 1792 746 1841 m·
796 1789 896 1840 R‘dw
914 1803 983 1886 W,
1008 1826 1066 1882 est,
1099 1819 1135 1873 ad
1155 1836 1237 1889 quam
1257 1819 1384 1889 pervenit
1403 1820 1447 1875 vel
1465 1820 1557 1875 anima
1574 1820 1691 1876 hominis
1717 1820 1807 1875 soluta
1825 1838 1843 1875 a

146 1870 262 1968 ‘ww
293 1887 324 1923 ἠ
356 1870 629 1970 mmmmmfuum
653 1879 803 1970 ‘imum
826 1881 915 1926 mm
941 1880 981 1925 ιω
1009 1922 1137 1976 corpore3
1156 1907 1200 1960 vel
1220 1911 1295 1961 totus
1312 1905 1467 1978 bomopost
1481 1907 1715 1964 resurrectionem.
1745 1907 1841 1978 anue

148 1959 237 2024 dcem,
265 1963 292 2010 ct
317 1964 468 2026 cutmucm
495 1973 601 2011 msssrc
625 1975 722 2011 cosmo
739 1967 789 2012 tua
813 1960 849 2012 de
868 1975 982 2013 carcere

147 2043 244 2096 curnis
266 2050 354 2111 scant,
367 2043 531 2114 providens,
553 2060 607 2111 quo
624 2045 720 2099 eadm.
757 2043 814 2099 Sed
839 2045 874 2100 ad
894 2043 982 2101 novis-

147 2128 219 2183 sima
236 2128 265 2182 in
282 2145 386 2201 genere
403 2132 520 2199 accepta
536 2129 618 2200 plura
636 2130 777 2200 pertinent
797 2148 880 2202 quarn
899 2147 971 2186 mors

1008 1993 1119 2065 gemina
1129 1999 1172 2048 est
1190 1991 1243 2046 sibi
1257 1998 1376 2048 extreme
1386 1995 1521 2064 opposita,
1539 1994 1686 2065 impiorum
1701 1995 1840 2062 infernas,

1008 2080 1116 2152 piorum
1134 2078 1195 2134 vito
1212 2088 1336 2136 aeterua.
1376 2080 1449 2135 lllud
1475 2097 1508 2135 er
1531 2079 1607 2136 bisce
1629 2081 1839 2138 enumerationi·

363 2217 376 2230 .
513 2213 520 2233 ,
855 2217 861 2230 ,
973 2171 980 2194 ’
1008 2168 1060 2224 bus
1083 2164 1211 2221 omuibus
1239 2166 1321 2221 simul
1350 2167 1447 2222 sumtis
1471 2167 1614 2232 elucescit,
1648 2167 1723 2238 quod
1746 2184 1794 2222 sex
1812 2167 1840 2222 in

149 2231 221 2286 ‘³⁰⁸⁰
255 2222 299 2270 Μ
327 2236 375 2270 '⁰²'
404 2232 595 2288 “mmm''
627 2217 752 2287 ἔσχων·
809 2218 981 2283 meumm
1007 2251 1166 2306 universum
1208 2251 1264 2307 sint
1304 2251 1421 2307 hominis
1470 2269 1503 2308 ec
1543 2253 1639 2307 mundi
1683 2253 1840 2311 novissima.

146 2302 281 2373 probatur
306 2301 375 2357 baec
402 2303 572 2357 enumeratio
602 2303 790 2360 dichotomica.
826 2303 982 2361 Novissima
1009 2343 1033 2393 1·
1058 2339 1142 2393 More
1171 2338 1290 2393 homini,
1323 2340 1504 2410 temporali„
1534 2340 1570 2395 ,d
1602 2357 1685 2411 quam
1722 2338 1842 2409 pertinet

147 2396 215 2487 'uni
227 2388 360 2488 inplieiffl
381 2394 406 2488 1:
427 2389 527 2443 mundi
553 2391 716 2488 ‘immitia
757 2394 784 2443 2·
805 2389 917 2488 armi,
929 2405 979 2488 “ps
1008 2423 1117 2479 animae
1136 2442 1154 2480 a
1171 2441 1286 2496 corpore
1304 2426 1441 2496 separatio
1461 2443 1494 2480 ac
1512 2426 1633 2497 corporis
1656 2425 1686 2479 in
1710 2424 1837 2494 sepulcro

142 2483 262 2546 persico,
282 2493 330 2547 qur
345 2483 438 2530 vemet
461 2481 482 2531 1.
501 2474 537 2530 ad
556 2478 790 2545 resuecstaudum,
808 2481 832 2531 2.
849 2476 886 2530 ad
897 2477 980 2545 puds-

297 2561 303 2574 .
421 2561 428 2574 .
471 2560 505 2573 ..
563 2562 579 2574 ..
637 2563 643 2575 ,
891 2563 897 2575 ,
949 2562 965 2575 ,,
1007 2509 1163 2567 eiueiaetio.
1206 2514 1231 2566 2.
1275 2512 1445 2566 Universalis
1475 2513 1597 2568 omnium
1634 2511 1776 2566 bominum
1794 2528 1839 2566 rs·

145 2563 325 2624 “lim
346 2561 523 2632 qu⁰J⁰d¹⁰¹⁰
542 2571 700 2631 1'¹¹⁸'’¹²“'”
717 2570 871 2632 ‘mmm'
889 2579 981 2632 mpm
1005 2597 1168 2667 marusa·
1226 2599 1252 2650 s.
1294 2598 1406 2666 jusus·
1452 2599 1568 2654 aureas
1613 2597 1839 2668 armassemus,-

145 2647 291 2717 infernum
320 2645 502 2717 adjudicabit.
551 2647 606 2704 Sed
635 2649 665 2703 iu
696 2648 748 2703 hac
787 2648 980 2704 distributione
1006 2685 1031 2738 4·
1053 2683 1154 2736 mundi
1163 2684 1365 2755 mummi&
1390 2689 1414 2738 5·
1429 2685 1579 2755 impiorum
1590 2692 1706 2739 amm
1721 2686 1839 2739 mmcc-

146 2734 283 2834 omittitur
307 2752 393 2789 uuum
409 2750 453 2832 ‘ex
478 2730 610 2803 ἐσχάτοις,
629 2735 759 2791 videlicet
780 2753 855 2791 mors
876 2741 979 2835 tempo·
1006 2769 1064 2837 sio,-
1101 2772 1126 2825 6.
1146 2772 1260 2841 Piorum
1287 2779 1402 2825 aeman
1419 2771 1596 2841 ylorpficauo.
1642 2772 1767 2843 Cumque
1785 2772 1839 2827 mi.

146 2821 222 2877 ruha
271 2820 460 2876 Communrter
484 2826 667 2876 numerentur
697 2827 816 2892 quatuor
832 2838 981 2877 novissima
1005 2861 1094 2911 mum

146 2908 201 2963 hoe
220 2906 326 2963 inclusa
346 2905 479 2963 disticho:
1113 2856 1149 2913 sit
1168 2864 1285 2929 quatuor
1305 2857 1441 2913 duntaxat
1457 2860 1607 2915 novissima
1624 2864 1760 2929 statuere,
1777 2859 1839 2914 ideo

1007 2942 1046 2997 sic
1071 2944 1201 3015 progredi
1226 2961 1381 3015 possumus.
1429 2944 1587 3001 Novissima
1613 2946 1642 3000 iu
1666 2963 1767 3016 genere
1794 2963 1839 3000 ac·

183 3047 266 3101 Mo„
283 3055 341 3112 m,
351 3047 497 3116 Merum
509 3055 690 3117 Pomm,
707 3049 803 3119 9105,
821 3050 903 3115 θοαί,
1006 3037 1089 3102 cepta
1115 3031 1223 3086 ratione
1241 3031 1361 3101 duplicis
1380 3031 1483 3103 objecti
1500 3038 1565 3086 sunt
1585 3031 1724 3102 duplicia,
1744 3038 1767 3090 l.
1782 3053 1839 3106 μα-

216 3136 256 3188 as
276 3134 360 3189 soror
378 3133 490 3202 sesana·
506 3142 571 3188 suu
589 3135 756 3190 musanus
772 3136 832 3190 ssa.
1006 3113 1174 3193 aposaspov,
1207 3124 1231 3175 2·
1259 3116 1457 3193 sessiacu-
1504 3116 1716 3194 Μακροκόσμου
1748 3120 1838 3174 nons-

1005 3203 1105 3258 simum
1134 3210 1176 3260 est
1206 3205 1296 3258 secali
1312 3206 1530 3271 consummatum
1567 3204 1716 3260 novissima
1742 3227 1838 3281 μικρο-

147 3288 328 3346 Beruhardus
347 3288 376 3344 in
394 3289 478 3360 quod.
497 3307 585 3345 serm:
606 3288 980 3359 Novissimassnstquutnor,
1005 3290 1111 3364 κόσμου
1141 3295 1207 3345 sunt
1241 3297 1360 3362 quatuor
1366 3311 1377 3356 ,·
1423 3295 1443 3344 l.
1468 3309 1544 3345 mors
1550 3312 1561 3360 ;
1603 3295 1630 3349 2.
1649 3293 1839 3362 resurrectio,-

146 3393 233 3442 mors,
251 3376 398 3445 iuds'cimn,
415 3377 549 3447 pusaeo,
568 3376 670 3447 plocen
716 3376 792 3441 Qusti
816 3377 981 3432 horribilius
1006 3379 1032 3432 3.
1043 3377 1203 3446 judicium
1240 3383 1262 3431 4.
1288 3393 1365 3431 mora
1389 3382 1516 3446 aeterna,
1546 3378 1655 3448 piorum
1679 3377 1785 3434 scilicet
1810 3377 1838 3432 in

146 3464 257 3519 mate?
275 3463 346 3533 quid
363 3463 518 3518 terribilius
531 3463 668 3532 judicio?
687 3463 758 3532 quid
772 3464 980 3520 intolerabilius
1006 3464 1083 3518 coslo
1102 3467 1130 3516 et
1149 3463 1341 3519 damnatorum
1355 3463 1384 3518 in
1404 3464 1528 3532 inferno.

145 3552 295 3624 coisnon!
327 3559 353 3605 et
379 3550 451 3620 quid
472 3551 627 3620 jucsmdisss
654 3550 769 3619 pluria!
803 3550 858 3607 Sed
879 3552 909 3607 in
927 3552 979 3606 hac
1041 3555 1063 3606 8.
1099 3550 1143 3605 De
1181 3550 1277 3607 ordine
1314 3550 1523 3606 novissimorum
1559 3550 1655 3605 itidem
1690 3551 1839 3622 plurimum
1852 3560 1920 3602 ordo.

77 3667 80 3671 ¹
146 3637 354 3695 enumeratione
385 3636 522 3693 omittitur
551 3646 725 3692 mortuorum
754 3639 922 3693 resurrectio
952 3647 981 3694 et
1006 3638 1121 3693 sanant
1171 3641 1194 3692 ·1.
1234 3639 1357 3692 Mortem
1394 3638 1513 3692 bominis
1544 3639 1732 3708 temporalem
1767 3627 1870 3694 inter¹·
1887 3630 1954 3668 ΜΝ·
1996 3664 1998 3668 ·

146 3725 248 3781 maadi
264 3725 475 3779 consummatio.
519 3723 638 3788 Quidam
666 3725 753 3796 igitur
772 3725 978 3796 quaternarium
1006 3724 1155 3779 novissima
1184 3724 1272 3794 primo
1304 3723 1364 3779 loeo
1399 3724 1555 3795 ponendam
1587 3725 1711 3796 plerique
1743 3741 1838 3780 omnes

145 3811 357 3869 unanimorum
385 3827 530 3866 numerum
556 3812 598 3866 sic
627 3811 782 3881 explicant,
807 3820 838 3867 ut
867 3819 888 3868 l.
908 3813 981 3868 inter
1006 3816 1139 3877 statuunt,
1158 3810 1224 3881 quia
1241 3809 1350 3880 reliqua
1371 3810 1462 3865 omnia
1480 3811 1612 3881 temporis
1631 3811 1736 3866 ratione
1761 3817 1836 3866 ante·

146 3918 182 3957 ee
218 3899 310 3955 locun
346 3897 473 3953 tribuant
508 3897 587 3952 morti
618 3897 750 3967 hominis,
793 3904 817 3956 2.
855 3899 980 3970 ejusdem
1006 3896 1138 3967 graditur.
1180 3897 1321 3950 Statutum
1340 3903 1381 3951 est
1398 3896 1555 3950 bonsisibus
1572 3897 1657 3951 sesrsel
1676 3898 1756 3967 mori,
1770 3905 1838 3966 post

145 3984 357 4049 munecuoni,
388 3983 489 4056 quibus
512 3983 547 4039 de
574 3983 693 4039 transitu
720 3985 814 4039 mundi
843 3985 979 4056 quaedam
1006 3983 1056 4036 troc
1075 4000 1141 4037 cero
1158 3983 1307 4051 judiciium,
1325 3982 1412 4038 Hebr.
1431 3987 1454 4050 9,
1474 3999 1499 4037 v.
1522 3987 1564 4037 27.
1589 3982 1635 4037 cui
1651 3982 1757 4052 judicio
1774 4000 1837 4037 cum

144 4071 443 4136 scemurensem
471 4075 494 4125 3.
521 4070 653 4126 adventui
667 4071 768 4126 Christi
788 4071 825 4127 ad
840 4071 978 4143 judicium
1007 4068 1164 4124 immediate
1193 4086 1226 4123 sc
1254 4068 1391 4124 indivulse
1409 4069 1557 4138 conjuncta
1575 4068 1611 4123 sit
1628 4068 1722 4124 futura
1742 4069 1838 4125 mundi

145 4160 184 4215 de
207 4158 279 4212 vivis
305 4155 387 4211 simul
414 4173 447 4212 ac
465 4157 580 4212 mortuis
604 4157 805 4228 exercendum
854 4165 879 4215 d.
898 4158 981 4213 saluti
1006 4155 1211 4220 consummatio,
1230 4155 1293 4211 ideo
1312 4156 1365 4210 hoc
1387 4157 1510 4226 ἔσχατον,
1523 4155 1716 4210 morsscilicet
1735 4160 1838 4226 tempo·

123 4244 198 4301 'seu
232 4243 397 4301 beatitudini
434 4243 543 4314 piorum
575 4251 604 4300 et
632 4243 802 4299 damnationi
833 4243 980 4316 impiorum
1005 4241 1079 4311 ralis,
1098 4242 1193 4296 mundi
1214 4242 1443 4298 consummationi
1461 4260 1516 4297 non
1535 4242 1669 4297 immerito
1693 4242 1837 4313 praeponi-

144 4337 282 4388 aetcmae.
330 4329 386 4388 Sed
418 4336 542 4401 praestat
575 4330 705 4386 distincte
741 4331 776 4386 de
811 4336 979 4387 mortuorum
1005 4334 1059 4383 tur.
1098 4329 1142 4383 De
1161 4328 1223 4394 illis,
1245 4329 1385 4400 quosdies
1405 4337 1542 4384 extremus
1555 4329 1631 4383 vivos
1643 4328 1838 4398 deprehendet,

144 4416 345 4473 resurrectione
378 4420 406 4471 et
437 4416 533 4471 mundi
564 4417 813 4487 consummatione,
846 4417 911 4473 item
945 4419 980 4474 de
1009 4415 1134 4486 quaestio
1154 4416 1257 4470 moveri
1269 4421 1435 4487 poteratan
1448 4415 1838 4479 sciliceteorums'mmctctio,

144 4504 237 4576 gloria
256 4509 370 4559 aeterna
392 4501 501 4573 piorum
525 4509 553 4558 et
569 4504 665 4574 poenis
695 4504 814 4559 aeternis
832 4503 979 4575 impiorum
1006 4517 1078 4572 quae
1107 4501 1256 4573 analogum
1284 4503 1416 4574 quiddam
1450 4503 1545 4558 mortis
1576 4508 1604 4556 et
1631 4502 1837 4558 resurrectionis

144 4606 245 4662 agere,
277 4606 361 4663 quam
385 4590 421 4644 ad
445 4607 531 4644 uuum
555 4590 685 4661 idemque
708 4598 793 4662 caput
819 4609 853 4647 ea
869 4592 978 4648 referre.
1005 4587 1153 4652 obtinebit,
1183 4588 1280 4642 mundi
1311 4589 1572 4644 consummationem
1598 4588 1634 4642 sit
1650 4605 1838 4659 praecessura,

146 4675 267 4741 Quidam
296 4676 324 4730 in
354 4676 481 4733 extremis
508 4675 564 4730 illis
589 4677 785 4747 percensendis
810 4677 850 4733 sic
868 4693 978 4750 progre-
1005 4692 1040 4729 an
1063 4691 1127 4730 vero
1152 4675 1300 4731 secutura?
1343 4675 1397 4731 Sed
1416 4693 1477 4729 cum
1505 4675 1673 4746 reliquorum
1696 4674 1837 4731 hominum

145 4763 269 4819 diuntnr.
318 4763 401 4820 Actio
417 4763 471 4819 Dei
500 4763 575 4818 circa
605 4761 743 4819 bominem
775 4769 840 4835 post
871 4765 979 4836 lapsum
1005 4779 1085 4824 mors,
1106 4762 1185 4833 cujus
1204 4761 1291 4816 instar
1302 4760 1397 4816 futura
1410 4761 1463 4840 erit
1477 4761 1532 4816 ista
1546 4759 1661 4832 ἀλλαγή.
1683 4771 1705 4820 1.
1720 4761 1782 4816 Cor.
1796 4768 1837 4831 15,

145 4849 337 4906 consideratur
367 4849 412 4906 vel
442 4851 474 4904 ia
504 4852 562 4905 uita
593 4851 739 4921 praesenti
746 4891 752 4915 ‚
783 4852 891 4908 radone
920 4857 979 4906 turn
1005 4847 1206 4905 aesmundi
1227 4848 1490 4905 consummationem
1510 4855 1687 4904 antecessura
1710 4849 1754 4918 sit,
1774 4847 1837 4903 ideo

146 4943 238 4994 status
271 4936 381 5009 peccati
408 4953 457 4993 seu
484 4937 555 5001 irae,
587 4944 645 4993 tum
673 4937 901 4993 reconciliationis
930 4956 980 4994 seu
1004 4935 1152 4992 verisimile
1169 4940 1226 5004 est,
1256 4934 1333 4989 illam
1354 4937 1479 4991 vivorum
1505 4935 1723 4990 immutationem
1741 4934 1836 4990 itidem

145 5022 269 5097 gratiam
301 5023 346 5079 vel
364 5023 395 5077 s'a
414 5024 473 5078 vitu
493 5026 609 5094 muru,
639 5041 711 5097 quae
726 5025 917 5080 consideratur
936 5025 979 5080 vel
1004 5021 1234 5078 consummationi
1265 5020 1361 5076 mundi
1383 5022 1443 5078 sore
1469 5021 1706 5095 praemittendam.
1745 5021 1836 5087 Adde,

146 5109 316 5174 inchoasse,
335 5108 380 5165 vel
406 5110 629 5165 consummative.
675 5109 835 5166 inchoativo
862 5110 980 5165 occurrit
1006 5107 1080 5181 quod
1112 5106 1274 5163 resmrectio
1307 5113 1475 5163 mortuorum
1507 5111 1684 5162 antecessura
1710 5106 1838 5185 videatur

145 5194 210 5252 linis
239 5195 353 5251 nltinms
382 5195 427 5251 vel
456 5195 647 5269 μικροκόσμου
681 5197 739 5251 sive
773 5197 906 5266 bominis,
936 5197 981 5251 sel
1006 5195 1101 5250 mundi
1118 5193 1387 5261 consummationem,
1408 5200 1440 5247 ut
1456 5201 1554 5265 postea
1571 5193 1733 5249 videbimus.
1771 5193 1836 5249 Jam

145 5280 345 5360 μακροκὸσμου
371 5283 429 5339 sive
453 5283 538 5338 totius
567 5283 705 5337 mundani
722 5286 886 5352 systematis.
924 5289 978 5337 Mr—
1006 5300 1069 5338 veru
1089 5281 1243 5337 immutatio
1263 5281 1311 5336 ills
1327 5281 1451 5335 vivorum
1470 5299 1525 5336 non
1543 5281 1633 5336 solum
1652 5280 1761 5349 mortis,
1788 5282 1836 5337 sed

145 5369 303 5445 κροκόσμου
336 5369 395 5424 sive
424 5369 542 5425 bominis
580 5369 643 5424 finis
681 5369 794 5425 ultimus
831 5377 872 5426 est
904 5390 979 5426 mors
1006 5370 1090 5425 etiam
1113 5367 1319 5424 resurrectionis
1346 5366 1503 5438 analogiam
1527 5368 1667 5439 quandam
1691 5366 1836 5438 obtinebit,

146 5456 329 5527 comparatu,
363 5455 562 5530 μακροκόσμου
588 5455 650 5511 finis
677 5456 791 5512 ultimus
815 5463 857 5512 est
880 5459 981 5513 mucidi
1005 5462 1120 5527 ergoet
1144 5455 1205 5526 ipsa
1227 5454 1322 5510 mundi
1348 5455 1608 5510 consummationem
1633 5455 1743 5510 videtur
1761 5461 1852 5533 aute·¹
