4074 6022
569 204 621 257 DE
641 199 888 259 MORTUORUM
907 198 1231 263 RESURRECTIONE.
1694 212 1755 268 tit

49 356 198 413 mensis.
235 356 343 422 Quodsi
372 356 416 411 vel
444 356 563 411 maxime
590 357 660 412 haec
689 357 744 411 sint
771 357 838 411 fieta
865 359 895 410 et
920 359 1004 413 serbo
1031 360 1166 424 reuelato,
1196 360 1249 413 sesi
1279 358 1366 411 etiam
1392 372 1425 410 eu
1451 356 1557 410 lamiae
1586 363 1706 412 acturae
1732 365 1758 411 et

50 440 143 509 falsa,
176 442 280 499 sufficit
305 449 414 511 tamen,
444 442 518 514 quod
541 442 578 497 ab
604 442 723 498 ethnicis
746 461 797 511 pro
821 443 894 498 veris
921 455 1116 501 meatururum
1131 445 1235 500 iatas’ta
1250 451 1388 500 comeare.
1420 442 1473 497 Est
1484 443 1556 497 enim
1570 443 1666 515 dispar
1678 444 1756 499 ratio.

50 521 165 583 fuerint
181 528 293 583 credita.
921 531 1043 598 Quidam
1060 531 1126 586 fidei
1144 531 1256 587 articuli
1274 538 1381 585 natura
1399 531 1604 598 msodammorio
1624 532 1686 586 uoti
1695 538 1758 585 sam

92 622 136 671 il.
170 614 225 672 Sed
249 614 319 669 hacc
342 614 435 669 omnia
458 614 581 669 noudum
605 632 623 669 a
645 615 725 671 nobis
747 616 895 689 impetrare
922 625 950 675 ct
978 634 1011 673 ex
1040 619 1195 674 rationibus
1226 618 1402 674 naturalibus
1432 617 1614 673 demonstrari
1642 623 1759 687 possunt

54 706 193 774 possum,
228 704 261 755 ut
279 705 450 769 statuamus,
480 701 707 756 resurrectionem
726 706 895 755 momuorum
921 705 1059 776 (quamvis
1082 711 1213 771 eatenus,
1241 711 1379 776 quatenus
1399 703 1563 760 naturaliter
1582 704 1707 758 sciuntur
1725 719 1760 758 ae

55 805 121 844 csse
153 786 198 842 vel
231 793 331 841 natura
362 792 471 850 notam,
513 787 557 842 vel
586 787 786 858 philosophicis
813 786 896 841 tutio·
923 791 1153 853 demonstrantur,
1170 806 1226 846 non
1246 790 1302 844 sint
1320 790 1430 861 proprie
1445 797 1549 858 arctoi,
1567 790 1615 846 sed
1629 794 1759 861 yvusrot,

54 874 141 930 nibus
161 872 315 945 apodictico
333 873 517 928 demonstrari
538 889 628 944 posse.
665 873 791 928 Dicimus
809 873 896 944 igitur
922 895 977 932 non
992 876 1101 931 articuli
1120 876 1195 945 fidei,
1214 878 1263 931 sed
1277 876 1468 932 conclusiones
1485 877 1626 945 rationis);
1646 876 1759 948 quidam

59 968 82 1018 i.
108 960 241 1035 ἀμυδρὰν
265 963 311 1015 καὶ
334 963 556 1035 συγκεχυμένην,
586 962 734 1021 confusum
760 960 897 1029 cuprum,
921 980 987 1018 vero
1010 970 1074 1016 sarr
1097 979 1189 1032 purae
1209 963 1284 1032 fidei
1306 979 1340 1018 ae
1362 979 1458 1017 meroe
1481 963 1669 1019 revelationis,
1713 962 1759 1017 Ad

56 1047 226 1118 implicitam
252 1054 281 1102 et
306 1049 476 1115 praesulem,
515 1064 571 1101 nou
602 1052 695 1101 autem
724 1046 897 1110 distinctum,
923 1049 1042 1120 priorem
1070 1048 1184 1103 classem
1212 1048 1352 1118 pertinent
1372 1054 1532 1103 enumerata
1549 1048 1598 1101 illa
1615 1047 1758 1102 doetrinae

57 1132 220 1204 suplicium
238 1139 267 1188 et
286 1133 437 1204 specialem
455 1132 540 1203 hujus
559 1131 697 1202 dogmatis
717 1131 843 1186 notitiam
863 1147 896 1187 er
909 1190 911 1195 ,
923 1134 958 1189 dc
973 1135 1034 1190 Deo
1052 1134 1154 1206 capita,
1175 1135 1212 1190 ad
1232 1135 1409 1205 posteriorem
1427 1149 1492 1189 vero
1509 1132 1643 1188 articulus
1663 1134 1699 1189 dc
1718 1150 1758 1187 re-

10 1218 163 1274 ²²·lumino
192 1224 309 1274 naturae
337 1224 365 1272 et
398 1235 431 1274 er
460 1218 588 1273 adductis
615 1218 768 1274 rationibus
792 1208 1092 1286 hauririisurrectione
1111 1226 1289 1275 mortuorum.
1325 1220 1396 1276 Nam
1416 1219 1490 1291 quod
1506 1219 1543 1273 sit
1561 1219 1656 1286 Deus,
1684 1218 1759 1289 quod

57 1322 148 1377 posse.
185 1309 210 1360 2.
237 1304 332 1361 Allata
359 1311 524 1375 arguments
550 1322 610 1359 esse
634 1304 815 1373 probabilia,
840 1298 996 1361 uon'idem
1015 1307 1052 1360 sit
1064 1307 1159 1374 justus
1174 1321 1207 1361 ae
1225 1305 1324 1375 bonus,
1340 1304 1409 1358 illud
1430 1322 1463 1360 ex
1482 1304 1584 1359 intuitu
1602 1303 1704 1375 opificii
1722 1303 1758 1358 ab

57 1396 152 1447 autem
176 1390 355 1458 uecmsuriu,·
382 1393 492 1460 topica,
514 1408 569 1446 non
593 1391 775 1463 uperiieticu;
800 1392 896 1444 serisi-
923 1392 983 1462 ipso
1007 1391 1136 1462 producti
1155 1381 1348 1461 quadantenus
1367 1392 1496 1462 cognosci
1517 1396 1623 1461 potest,
1650 1389 1699 1445 sed
1717 1405 1759 1444 re·

56 1478 148 1547 milio,
166 1493 223 1532 non
240 1479 378 1547 repentia,
401 1477 505 1549 quippe
527 1494 600 1547 quae
618 1477 714 1532 multis
733 1476 895 1532 labefactari
922 1478 1099 1533 surrectionis
1123 1494 1208 1533 causa
1232 1483 1261 1532 et
1285 1477 1384 1532 modus
1403 1478 1547 1548 ,humanae
1564 1477 1664 1531 rationi
1681 1476 1758 1546 peni·

56 1568 177 1635 possunt
202 1562 341 1618 instantiis
367 1563 520 1618 contrariis,
558 1568 583 1619 3.
602 1563 736 1619 Rationes
760 1564 811 1617 has
828 1578 895 1634 pon·
922 1570 967 1620 tus
991 1570 1034 1620 est
1052 1564 1211 1635 incognitus
1230 1579 1264 1618 ac
1284 1581 1393 1619 omnem
1410 1564 1466 1618 vim
1485 1570 1602 1619 naturae
1620 1569 1758 1618 transmu-

57 1649 111 1704 dus
133 1649 274 1720 quoddam
292 1648 418 1705 obtinere
437 1650 513 1722 apud
532 1649 609 1716 illos,
635 1650 736 1722 quibus
751 1650 811 1719 jum
830 1654 896 1704 ante
923 1651 973 1706 dit.
1021 1650 1207 1706 Resuscitatio
1236 1655 1406 1705 mortuorum
1436 1656 1479 1705 est
1506 1650 1565 1705 tale
1595 1667 1665 1720 epus
1698 1649 1759 1717 Dei,

57 1751 91 1789 ex
111 1734 198 1790 serbo
218 1734 340 1791 revelato
358 1741 528 1791 mortuorum
546 1736 712 1791 resurrectio
729 1735 897 1807 cognitaest
922 1741 1003 1809 cujus
1028 1737 1167 1809 principio
1193 1737 1282 1807 primo
1305 1754 1339 1792 ue
1363 1754 1413 1807 per
1440 1755 1471 1793 sc
1490 1755 1546 1793 non
1565 1743 1629 1792 sunt
1647 1742 1713 1791 notu
1731 1736 1759 1789 in

57 1838 92 1877 ac
108 1820 230 1890 credita;
248 1821 342 1893 exigui
359 1838 424 1877 vero
446 1822 593 1877 ueletiam
613 1821 716 1876 nullius
737 1822 820 1892 plene
839 1838 896 1876 mo·
923 1841 1013 1880 rerum
1041 1829 1148 1880 natura.
1184 1825 1326 1893 Respecta
1343 1825 1471 1889 formae,
1497 1840 1568 1894 quae
1586 1831 1628 1878 est
1646 1826 1759 1894 conjun-

57 1906 146 1962 menti
174 1907 281 1961 censeri
305 1907 342 1962 ab
367 1906 438 1977 illis,
471 1908 519 1979 qui
544 1907 624 1963 verbi
649 1907 753 1962 lumine
771 1906 896 1962 destituti
922 1912 978 1966 ctio
1009 1911 1117 1966 animae
1146 1926 1209 1965 eum
1238 1926 1353 1981 corpore
1380 1910 1527 1978 suscitato,
1553 1914 1645 1980 potest
1671 1926 1759 1965 resur·

58 1993 149 2047 solum
172 1991 288 2048 rationis
312 1993 405 2048 lumen
433 1993 477 2048 vel
501 1993 594 2063 potius
613 1992 742 2048 tenebras
767 1993 796 2047 in
821 1992 897 2047 hisce
922 1997 1009 2053 rectio
1021 1996 1233 2068 quodammodo
1249 1993 1383 2052 naturalis
1395 1995 1458 2064 dici,
1476 1994 1543 2067 quia
1557 1995 1760 2050 estseeundum

58 2076 201 2148 mysteriis
228 2083 388 2148 sequuntur.
425 2085 448 2133 4.
472 2078 551 2142 Quae
569 2077 645 2148 apud
665 2079 783 2149 gentiles
802 2078 838 2132 de
856 2094 897 2132 re·
922 2089 1050 2137 naturam
1079 2082 1213 2151 hominis,
1236 2086 1269 2136 ut
1294 2082 1388 2136 anima
1413 2097 1476 2136 eum
1506 2095 1622 2151 corpore
1647 2081 1760 2151 conjnn-
1774 2097 1849 2143 xum.
1863 2097 1911 2141 stu.

58 2163 230 2220 surrectione
258 2170 421 2233 occurrunt,
452 2164 554 2219 similia
585 2164 723 2219 duntaxat
749 2169 810 2220 esse
833 2181 896 2219 cum
923 2174 1020 2239 gatus,
1044 2169 1094 2222 sed
1119 2168 1142 2222 si
1168 2185 1256 2222 easrsa
1275 2168 1402 2238 efficiens
1421 2176 1447 2221 et
1467 2169 1568 2221 mosius
1587 2166 1761 2222 consideren-

59 2251 170 2315 nostris,
189 2265 244 2305 nou
261 2249 372 2315 moen,
396 2250 440 2305 vel
460 2250 483 2303 si
507 2249 605 2304 eadem
631 2255 705 2315 sunt,
726 2268 760 2307 ex
785 2266 898 2306 conver·
923 2261 977 2319 tur,
996 2271 1030 2310 ea
1047 2272 1160 2326 prorsus
1178 2260 1244 2309 sunt
1263 2270 1349 2324 supra
1368 2261 1504 2309 naturam.
1541 2258 1565 2308 2.
1588 2256 1634 2307 Ee
1645 2253 1763 2307 articuli

60 2336 171 2392 satione
187 2352 252 2391 cum
268 2336 372 2407 populo
384 2335 437 2389 Dei
454 2335 500 2390 vel
515 2351 549 2391 ex
562 2336 715 2393 Bibliornm
728 2336 898 2393 Graecomm
923 2341 1007 2409 bajas
1034 2341 1251 2410 oppapaots'esse.
1288 2338 1407 2395 Athenis
1425 2344 1505 2396 erant
1522 2339 1679 2409 philosophi
1696 2354 1760 2393 aeu-

61 2422 95 2479 V.
113 2422 148 2480 ¹1⁸.
172 2422 290 2477 lectione
315 2422 454 2492 desumta,
481 2422 575 2494 qualia
598 2427 743 2497 κλέμματα
769 2422 897 2479 clemens
909 2476 912 2489 ,
923 2425 1035 2495 tissimi,
1054 2428 1105 2480 sed
1121 2444 1184 2483 cum
1202 2427 1432 2482 resurrectionem
1449 2435 1619 2483 mortuorum
1639 2425 1676 2481 ab
1696 2441 1761 2496 apo·

61 2507 272 2564 Alexandrinus
295 2508 324 2562 iu
342 2507 422 2562 libris
440 2514 534 2563 strom.
556 2510 702 2580 complura
722 2526 754 2565 ex
780 2492 994 2567 ethnicis'stolo
1019 2512 1175 2582 praedicari
1198 2513 1345 2582 audirent,
1369 2513 1536 2567 cleriricorum
1557 2529 1618 2567 eam
1638 2512 1762 2578 Aetli,

61 2593 187 2649 adducit
233 2600 257 2648 t.
290 2591 428 2648 Incertum
459 2595 600 2664 quandam
628 2596 664 2650 de
697 2594 898 2650 resurrections
924 2617 947 2653 v.
974 2603 1015 2653 32.
1063 2598 1148 2655 Festo
1179 2599 1301 2669 praesidi
1333 2598 1431 2654 eadem
1469 2598 1618 2654 videbatur
1648 2597 1762 2652 irsuuirr

62 2679 239 2752 opinionem,
255 2696 311 2734 non
327 2683 421 2734 autem
438 2680 579 2751 stabilem,
602 2680 744 2737 immotam
763 2685 810 2735 sai
830 2679 898 2754 ᾶμε-
923 2683 987 2739 Act.
1006 2689 1048 2752 26,
1072 2703 1099 2742 v.
1118 2690 1160 2741 24.
1187 2684 1316 2741 «Iustinus
1341 2685 1370 2739 in
1394 2689 1463 2741 orat.
1483 2686 1520 2739 ad
1537 2684 1633 2756 gentil.
1650 2691 1680 2740 et
1697 2683 1762 2754 lipi-

61 2765 207 2821 rsinmrrer
238 2766 359 2836 γνῶσιν,
398 2765 486 2820 multo
516 2766 607 2821 minus
637 2766 788 2823 salvificum
814 2766 898 2823 fidem
924 2771 1042 2841 phanins
1070 2771 1099 2826 in
1125 2788 1218 2826 uncos.
1242 2771 1375 2839 uadunt,
1406 2770 1534 2826 Graecm
1556 2787 1649 2826 omues
1674 2778 1700 2824 et
1720 2771 1763 2823 iss-

61 2869 97 2908 ux
123 2852 260 2923 ejusmodi
281 2851 540 2908 ratiocinationibus
570 2853 635 2908 oriri
665 2870 755 2925 posse.
798 2860 821 2911 6.
847 2855 898 2922 Eu,
919 2859 1025 2927 primis
1054 2857 1232 2912 aeutmss‘mos
1256 2857 1473 2912 resurrectionis
1500 2858 1624 2912 articulo
1652 2863 1763 2910 contru-

62 2955 137 3011 quue
161 2938 191 2993 in
214 2937 301 2994 verbo
324 2938 446 2994 revelato
469 2939 503 2994 de
529 2938 583 2994 hoc
602 2939 721 2994 articulo
739 2941 897 3005 traduntur,
925 2946 1039 3000 dixisse.
1075 2944 1136 3002 Nec
1158 2946 1248 3000 solum
1271 2951 1349 3001 extra
1367 2944 1534 3012 ecelesiam,
1564 2945 1613 3000 sed
1633 2942 1716 3000 etium
1734 2943 1762 2995 in

62 3041 125 3083 esse
150 3023 278 3078 omnibns
306 3023 506 3095 philosophicis
533 3025 815 3082 demonstrationibus
839 3043 897 3082 cer·
924 3037 985 3103 ipso
1008 3031 1124 3087 risibilis
1150 3030 1286 3087 ecelesiae
1310 3030 1448 3087 consortio
1474 3036 1587 3086 externo
1607 3035 1665 3086 tsm
1680 3030 1709 3084 in
1727 3028 1762 3084 V.

63 3110 153 3175 tiore,
177 3109 306 3164 nituntur
323 3110 395 3166 enim
413 3109 476 3176 Dei,
496 3111 544 3182 qui
562 3118 605 3167 cst
622 3112 711 3182 prima
728 3113 839 3181 veritus,
856 3131 898 3168 as·
926 3136 1011 3192 quam
1030 3120 1066 3176 N.
1084 3119 1118 3172 T.
1141 3134 1252 3189 semper
1277 3116 1405 3183 inerunt,
1431 3117 1533 3187 quibus
1552 3117 1621 3172 haee
1638 3115 1764 3172 decimus

63 3195 182 3252 serentis
204 3195 378 3252 auctoritate.
418 3196 540 3250 Proinde
566 3214 644 3266 eum,
673 3197 721 3269 qui
749 3198 785 3253 0b
813 3198 900 3252 solam
925 3206 1048 3262 absurda
1077 3210 1106 3260 et
1122 3204 1194 3259 falsa
1211 3203 1265 3259 fuit
1284 3204 1357 3273 visa,
1382 3209 1413 3258 ut
1433 3219 1466 3258 er
1486 3203 1619 3275 superiori
1638 3200 1761 3272 διηγήσει

64 3281 144 3337 verbi
160 3280 248 3336 divini
264 3283 443 3338 assertionem
460 3283 689 3339 resurrectionem
706 3284 802 3353 eredit,
817 3284 900 3354 lenge
926 3297 1053 3347 constare
1076 3296 1176 3362 potest,
1212 3290 1301 3361 Atqui
1329 3288 1352 3343 si
1380 3294 1439 3344 tam
1463 3288 1536 3344 belle
1560 3306 1624 3344 cnm
1649 3287 1763 3343 rationis

65 3369 169 3424 certius
187 3373 216 3423 et
234 3368 385 3439 perfectius
403 3370 618 3438 numerosiore,
639 3387 723 3441 quarn
741 3370 789 3440 qui
807 3370 900 3441 philo-
926 3379 1076 3434 dictamine
1100 3382 1128 3432 et
1143 3376 1250 3447 judicio
1270 3381 1450 3447 congrueret,
1475 3375 1549 3431 unde
1566 3375 1637 3431 foret
1654 3379 1762 3430 conus·

65 3455 189 3527 sophicis
207 3457 378 3526 argumentis
396 3457 470 3511 circa
488 3473 549 3512 eam
567 3457 701 3512 innititur.
736 3464 758 3513 i.
776 3456 899 3513 illustra·
926 3464 1011 3519 dictio
1043 3468 1072 3518 ot
1098 3463 1292 3534 oppugnatio?
1328 3468 1403 3516 certe
1430 3460 1508 3515 nulla
1533 3461 1589 3516 aha
1617 3461 1652 3516 de
1677 3477 1763 3516 cauea

64 3543 170 3597 tionem
188 3542 310 3613 aliquem
329 3541 414 3615 huJus
431 3543 541 3597 articuli
559 3561 593 3598 er
614 3543 718 3599 lumine
738 3551 853 3599 naturae
873 3549 902 3598 et
926 3549 1071 3606 articulum
1095 3549 1124 3603 in
1141 3547 1290 3619 seripturis
1311 3547 1537 3602 fundatissimum
1556 3552 1763 3618 oppugnarunt,

64 3626 294 3684 similitudinibus
316 3629 374 3699 peti
399 3645 481 3701 posse
506 3630 630 3699 exemplo
650 3629 752 3685 Christi
772 3631 837 3687 Joh.
858 3636 899 3697 ti,
926 3652 1009 3707 quam
1036 3635 1111 3707 quod
1140 3651 1204 3689 eum
1229 3633 1336 3690 ratione
1362 3633 1503 3690 videretur
1515 3649 1651 3705 pugnare,
1677 3632 1761 3688 semel

64 3733 91 3770 r.
112 3719 155 3770 24.
179 3720 209 3769 ot
226 3713 308 3769 Pauli
328 3721 350 3769 t.
371 3713 430 3770 Cor.
454 3721 499 3784 15,
524 3734 548 3771 r.
566 3720 607 3771 tt.
632 3732 810 3786 nequaquam
834 3732 900 3772 vero
926 3728 1065 3777 mortuum
1084 3721 1113 3775 in
1133 3720 1218 3775 vitam
1236 3719 1335 3774 iterum
1354 3720 1485 3775 revocari.
1530 3726 1553 3775 3.
1575 3721 1621 3773 Er
1638 3720 1761 3790 discipa-

65 3800 174 3854 firmam
194 3806 223 3854 et
241 3800 382 3855 immotam
399 3798 600 3869 probationem.
927 3810 1021 3863 lorum
1040 3806 1148 3863 Christi
1170 3805 1352 3859 irritatione.
1390 3804 1494 3859 Christi
1510 3822 1611 3876 corpus
1629 3823 1685 3860 non
1703 3812 1764 3861 erat

100 3893 145 3943 42.
173 3885 255 3940 Hanc
278 3887 444 3941 sententiam
465 3894 603 3956 nestram,
629 3889 704 3958 quod
723 3889 807 3946 scilic.
828 3907 900 3945 mor·
927 3895 957 3948 in
984 3893 1103 3948 cinerem
1132 3908 1166 3946 ac
1195 3892 1337 3962 pulverem
1367 3891 1523 3957 reductum,
1552 3890 1639 3946 nihilo
1668 3898 1761 3947 tamen

66 3977 179 4027 tuorum
204 3971 369 4027 resurrectio
391 3988 447 4026 non
470 3979 654 4043 cognoscatur
677 3991 710 4029 ex
731 3975 835 4031 lumine
852 3993 900 4031 na·
927 3981 1018 4035 minus
1036 3977 1166 4049 discipuli
1182 3995 1266 4049 aegre
1284 3977 1386 4032 adduci
1407 3993 1440 4032 ac
1458 3978 1619 4048 persuaderi
1637 3983 1761 4048 potuere,

64 4065 155 4124 turae,
172 4073 224 4113 nec
241 4071 293 4127 per
307 4056 500 4128 philosophica
514 4065 678 4129 argumenta
689 4060 900 4132 demonstretur,
928 4074 959 4121 ut
982 4065 1122 4122 christum
1142 4079 1176 4118 cx
1194 4063 1308 4118 mortuis
1325 4079 1390 4119 vere
1408 4063 1589 4120 resurrexisse
1609 4064 1760 4119 crederent.

65 4145 218 4217 probamus
235 4143 416 4215 sequentibus
433 4144 629 4203 fundamentis.
669 4153 689 4202 i.
713 4148 741 4202 A
762 4151 901 4219 depmass‘s
928 4154 1075 4208 Mulierum
1110 4151 1145 4205 de
1184 4149 1287 4204 Christi
1319 4149 1520 4207 resurrectione
1552 4148 1761 4206 testificantium

66 4233 151 4300 haias
176 4231 341 4285 condiisse.
379 4231 515 4286 Doctrina
541 4232 577 4288 dc
604 4235 804 4290 resurrectione
830 4223 901 4291 mor·
928 4255 1017 4294 sermo
1034 4236 1110 4292 visus
1128 4235 1195 4306 ipsis
1214 4234 1269 4290 fuit
1287 4236 1366 4308 λῆρος
1385 4234 1453 4291 Luc.
1469 4240 1513 4303 it,
1539 4252 1565 4291 r.
1585 4241 1624 4291 ll.
1643 4233 1761 4290 uoTho·

65 4325 178 4372 tuorum
206 4321 249 4372 cst
274 4316 400 4371 sublimis
426 4316 492 4372 fidei
519 4318 653 4373 articulus
680 4335 714 4374 ac
739 4322 900 4390 mysterium
928 4339 988 4378 mas
1008 4323 1038 4377 in
1057 4322 1127 4378 haee
1144 4321 1300 4393 prorumpit
1316 4320 1410 4390 verba,
1428 4322 1486 4375 risi
1505 4321 1603 4376 sidero
1615 4322 1762 4390 cestipiam

66 4404 207 4459 humanas
219 4401 334 4456 rationis
352 4409 463 4473 captum
480 4404 688 4460 conscendens.
726 4405 796 4461 Fide
816 4409 902 4477 igitur
929 4410 1072 4464 clerorum
1092 4415 1141 4462 etc.
1165 4425 1221 4462 uosr
1241 4409 1358 4462 credam
1375 4407 1439 4463 ioh.
1458 4412 1499 4474 20,
1517 4424 1544 4463 v.
1565 4412 1607 4464 25.
1628 4408 1763 4480 quinimo

67 4487 261 4560 amplectenda
289 4493 346 4556 est,
375 4505 431 4543 non
455 4496 547 4544 autem
570 4490 768 4562 philosophicis
791 4493 902 4550 demon·
929 4510 993 4550 eum
1022 4493 1161 4550 Christum
1190 4495 1250 4564 jam
1282 4499 1456 4564 praesentem
1484 4509 1576 4549 eoram
1602 4493 1765 4565 intueretur,

67 4573 247 4631 strationibus
266 4572 311 4626 hic
323 4573 503 4629 innitendum.
523 4575 539 4642 ἡ
557 4575 612 4649 γὰρ
630 4582 723 4638 πίστις
740 4583 782 4632 est
800 4580 903 4644 eiusce·
930 4580 1022 4635 adhue
1047 4587 1139 4635 tamon
1165 4579 1278 4649 quidam
1303 4595 1399 4633 eorum
1419 4578 1585 4634 ‹iubdabant
1604 4579 1702 4636 Matth.
1723 4585 1765 4648 ²8,

66 4666 168 4737 ps‘rus⁴
180 4658 341 4725 ὑπόστασις,
358 4656 534 4733 πραγμάτων
552 4661 586 4715 ori
597 4666 776 4736 βλεπομένων
794 4664 905 4737 ἔλεγχος
931 4685 956 4722 v.
983 4674 1023 4722 ii.
1060 4665 1166 4731 Quodsi
1191 4681 1258 4736 crgo
1281 4664 1335 4731 illi,
1360 4665 1408 4736 qui
1429 4664 1459 4719 iu
1484 4664 1588 4721 Christi
1609 4666 1704 4721 schola
1725 4667 1765 4721 in·

67 4748 157 4804 Hebr.
183 4752 230 4815 ii,
251 4762 277 4801 v.
306 4751 328 4802 l.
361 4744 496 4802 Ezechiel
525 4747 622 4804 uDeo
646 4750 845 4821 interrogatus,
869 4769 905 4807 an
931 4752 1021 4809 stituti
1040 4759 1128 4821 erant,
1146 4751 1374 4806 resurrectionem
1391 4749 1474 4817 illius,
1494 4768 1577 4822 quem
1589 4750 1691 4807 Filium
1712 4752 1765 4807 Dei

67 4833 221 4900 existimet,
247 4832 336 4887 arida
361 4831 418 4885 istu
443 4849 508 4888 ossa
533 4833 590 4887 sibi
610 4843 768 4890 mansuetu
786 4853 845 4891 esse
862 4855 906 4892 rc·
932 4855 992 4894 esse
1022 4837 1138 4906 professi
1161 4837 1285 4902 fuerant,
1316 4837 1430 4891 ductum
1456 4837 1571 4893 rationis
1598 4838 1686 4893 secuti
1711 4855 1765 4893 non

67 4919 188 4983 cretus-a,
218 4917 354 4973 submisse
381 4923 410 4972 et
433 4915 576 4975 humiliter
598 4921 755 4991 respondit:
783 4924 907 4980 Domine
932 4925 1117 4993 crediderunt,
1135 4924 1202 4995 quid
1220 4923 1276 4977 illis
1292 4923 1410 4991 eveniet,
1428 4923 1477 4994 qui
1496 4924 1526 4979 in
1537 4924 1655 4980 articulo
1666 4925 1702 4979 de
1718 4943 1766 4981 uo·

71 5007 152 5059 Deae
169 5011 199 5058 ta
216 5005 292 5059 nosti
300 5042 308 5073 ,
324 5002 425 5059 Esseh.
444 5009 485 5078 37,
506 5022 531 5060 v.
543 5010 568 5061 i.
587 5007 716 5077 agnoseit
732 5007 826 5078 igitur,
843 5012 909 5066 arti·
933 5017 1051 5068 strornm
1069 5027 1214 5081 corporum
1234 5009 1434 5065 resurreetione
1451 5011 1569 5067 eandem
1583 5011 1661 5068 velut
1676 5012 1765 5068 lucem

68 5090 164 5146 culum
182 5090 391 5146 resurrectionis
408 5089 480 5145 adeo
498 5089 644 5147 sublimem
657 5108 727 5162 esse,
746 5099 777 5147 ut
794 5093 909 5151 humani
933 5115 968 5155 ac
985 5097 1084 5153 ducem
1104 5095 1278 5168 sequuntur?
1304 5102 1328 5151 i.
1348 5096 1395 5150 lic
1413 5105 1641 5167 arpusrreatoram
1657 5104 1766 5154 cortra-

70 5177 176 5247 ingenii
202 5182 315 5248 captum
340 5178 453 5249 penitus
470 5179 657 5234 manscendat
692 5179 755 5236 Non
772 5187 816 5235 est
834 5184 908 5254 qnod
919 5214 922 5221 ι
933 5186 1041 5240 riorum
1060 5185 1277 5241 enumeratione.
1313 5180 1342 5238 Si
1361 5191 1466 5241 remota
1482 5184 1561 5240 verbi
1579 5184 1642 5240 luce
1663 5201 1696 5239 ex
1709 5186 1768 5241 solo

72 5263 210 5326 obvertus,
229 5277 289 5317 esse
307 5264 392 5317 etium
404 5264 481 5332 fidei
498 5264 657 5329 articulum,
679 5268 757 5334 qaod
773 5267 810 5320 sit
822 5269 908 5337 Deris,
934 5277 1018 5341 atque
1036 5270 1118 5327 unico
1137 5269 1251 5326 rationis
1268 5267 1407 5327 humanae
1421 5270 1529 5342 iudicio
1548 5271 1768 5328 demortuorum

70 5350 149 5417 qaod
164 5348 203 5401 sit
214 5348 313 5417 justas
331 5357 358 5404 et
376 5351 472 5420 bouus,
490 5352 568 5420 paeri
585 5350 721 5406 scelerum
738 5351 841 5408 sinder
858 5363 910 5411 ste.
933 5357 1133 5414 resurreetione
1153 5357 1336 5427 disceptetur,
1364 5359 1497 5428 majorem
1520 5357 1642 5429 speciem
1664 5363 1693 5413 et
1709 5357 1768 5413 eili-

69 5435 145 5488 idcm
172 5441 267 5490 tumea
292 5453 349 5491 ross
375 5437 468 5492 solam
495 5453 529 5491 err
557 5437 662 5492 lamiae
688 5439 801 5506 pretias
828 5444 1041 5515 stercutium
1059 5444 1134 5515 opud
1152 5442 1346 5516 philosophum
1359 5444 1490 5514 gentilem
1505 5442 1673 5502 obtinebunt
1685 5459 1767 5517 urgu-
