4104 6014
311 211 380 279 Μ
880 205 1004 269 DOCUS
1024 198 1231 268 vtonsmus
1248 204 1398 267 SEXTUS

310 367 383 423 riter
404 365 561 423 demulcere
576 370 701 438 possunt,
728 366 778 422 sed
797 365 827 422 iu
843 367 916 421 reris
933 380 966 420 ac
984 362 1061 422 seriis
1079 378 1144 418 cou-
1175 361 1376 436 subjugaverat
1393 380 1428 421 ae
1442 328 1524 438 morti
1541 377 1589 420 eos
1608 360 1742 420 obnoxios
1761 358 1935 431 reddiderat,
1953 362 2019 438 qula

311 454 444 509 scientiae
473 470 536 509 cum
565 458 691 523 peccato,
719 457 807 508 morte
835 456 864 508 et
888 450 996 508 inferno
1016 448 1147 506 luctantis
1176 450 1263 522 igitur
1275 450 1402 507 Christus
1415 457 1504 508 morte
1522 469 1573 507 sua
1589 467 1640 523 pro
1656 452 1779 522 peccatis
1791 451 1938 523 satisfecit,
1955 450 2017 509 ideo

311 538 470 612 angoribus,
498 556 555 595 non
581 538 718 611 praebent
742 538 842 594 stabile
863 555 897 593 ac
924 536 1033 592 firmum
1050 535 1148 591 sunda·
1175 536 1259 592 etiam
1274 536 1385 593 diaholo
1404 537 1487 593 robur
1506 543 1535 593 et
1552 537 1633 593 morti
1648 555 1730 593 suum
1750 538 1780 594 in
1800 555 1853 594 nos
1871 536 2017 609 imperinm

312 633 443 691 mentum,
466 625 514 681 sed
532 629 619 680 instar
639 624 709 680 fumi
728 630 899 680 evanescunt
915 640 948 679 ac
970 623 1040 678 uisis
1060 622 1148 676 instar
1175 622 1286 679 ademit
1343 623 1440 678 Morte
1472 623 1579 678 Christi
1607 642 1682 678 more
1706 633 1806 679 neura
1834 632 1878 680 est
1896 632 2017 690 mortue,

311 713 341 768 in
366 718 445 768 aestu
469 711 653 767 tentationum
677 710 887 782 colliquescunt.
927 709 1049 765 Proinde
1071 707 1146 780 quod
1176 708 1264 775 inquit
1288 709 1466 766 Bernhardus
1491 725 1571 765 serm.
1592 717 1614 765 1.
1635 709 1664 763 iu
1682 710 1767 768 nativ.
1801 725 1836 765 er
1855 727 1913 782 quo
1930 708 2016 782 igitur

311 799 427 854 Gersou.
444 796 493 852 lib.
515 802 539 852 3.
562 798 596 851 de
615 796 747 853 consolat.
770 813 853 869 prosa
869 802 894 853 4.
921 796 955 851 ds
981 795 1101 865 theolog.
1118 793 1148 848 in
1175 792 1301 849 Christus
1319 802 1441 850 uestram
1466 801 1581 852 mortem
1600 811 1652 851 sua
1670 801 1759 851 morte
1776 795 1918 851 destruxit
1935 800 1966 850 et
1980 794 2015 850 ab

310 901 412 956 genere
428 884 533 948 asserit,
548 885 624 952 quod
635 883 835 955 philosophiae
850 883 1003 951 doctrinas,
1021 881 1048 934 si
1064 896 1147 933 ceree
1176 877 1270 935 inferis
1295 882 1379 937 tertia
1403 881 1447 938 die
1472 881 1711 952 resurrexit-iam
1734 899 1790 937 non
1815 887 1859 936 est
1882 877 2015 935 terribilis

310 972 376 1038 siret,
393 971 537 1037 circutos,
556 969 585 1022 si
601 970 744 1023 salmurus
761 969 1003 1039 appromissione
1022 967 1147 1035 eiajure
1176 982 1248 1020 mors
1265 965 1403 1023 fidelihus.
1440 966 1486 1024 Os.
1507 971 1549 1037 13,
1567 985 1593 1024 v.
1616 972 1662 1024 14:
1683 969 1746 1022 ltro
1763 985 1839 1023 more
1857 964 2014 1037 saepest·

310 1072 361 1109 suo
390 1063 417 1108 et
435 1055 590 1109 catholicas
610 1056 752 1124 adduas,-
795 1056 822 1109 si
850 1054 1053 1109 tenebrosiores
1081 1051 1146 1119 ciret,
1176 1054 1363 1123 etveneuum)
1377 1073 1393 1109 o
1408 1073 1493 1120 mors,
1511 1064 1537 1109 et
1552 1072 1660 1110 mersas
1674 1063 1736 1109 turm
1755 1053 1881 1124 (excisio)
1895 1055 2014 1122 inseras.

159 1150 237 1193 xvut.
253 1142 465 1210 meinamma,-
480 1142 506 1195 ri
518 1141 609 1196 aeriis
624 1141 767 1195 erroribus
786 1141 889 1194 suistce
911 1140 975 1206 rint,
992 1139 1147 1210 pretiosum
1175 1136 1415 1202 Quemadmodum
1449 1158 1586 1197 uenenum
1629 1141 1701 1197 intro
1736 1147 1892 1197 auumtum
1930 1138 2014 1193 ritem

311 1246 330 1282 a
349 1228 402 1281 uili
416 1235 537 1297 separet,
556 1228 771 1289 illudretineue,
786 1226 838 1280 hoc
852 1226 1055 1291 memineram
1072 1225 1146 1279 idem
1175 1224 1277 1279 homiui
1296 1224 1390 1298 eripit;
1419 1228 1458 1282 sic
1476 1227 1578 1284 Christi
1596 1245 1668 1284 mors
1690 1232 1814 1284 nostrum
1834 1232 1953 1282 mortem
1971 1241 2014 1281 oc-

311 1313 346 1369 de
364 1312 441 1369 hisce
460 1312 656 1385 philosophicis
675 1312 907 1369 consolationibus
925 1312 962 1367 ad
978 1311 1146 1383 theologiam
1175 1311 1251 1368 cidit.
1271 1310 1390 1367 Pulchre
1408 1311 1547 1369 Lutherus
1566 1320 1633 1372 tom.
1652 1320 1676 1372 1.
1694 1313 1755 1371 Lat
1773 1332 1802 1386 p
1820 1318 1889 1371 481:
1908 1312 2015 1367 Contra

311 1399 419 1456 collatis
436 1400 466 1454 in
484 1399 579 1471 specie
594 1405 670 1455 recte
690 1399 744 1453 dici
764 1406 862 1470 potest.
900 1398 1054 1469 Theologia
1074 1397 1146 1453 enim
1170 1405 1325 1469 peecatum,
1343 1402 1421 1468 quod
1437 1408 1553 1454 mertem
1573 1408 1719 1470 operatum
1736 1407 1785 1466 eet,
1805 1417 1909 1454 rursus
1920 1414 2015 1452 osma·

312 1486 394 1543 docet
420 1493 443 1543 1.
462 1504 513 1558 per¹
538 1487 636 1540 mortis
662 1486 853 1541 aeeeeedutem
881 1501 935 1539 nou
961 1500 1021 1563 esse
1047 1483 1145 1539 intelli·
1175 1483 1247 1537 latio
1267 1486 1367 1539 debias
1385 1504 1441 1540 aon
1461 1486 1546 1541 aliud
1561 1504 1644 1556 qsram
1664 1494 1781 1541 mortem
1798 1494 1902 1557 armat,
1921 1493 1953 1541 ut
1969 1485 2014 1540 iic

310 1574 434 1646 gendum
457 1572 547 1629 iatum
572 1572 712 1644 quoddam
733 1571 864 1637 Stoicum,
889 1570 939 1626 sed
953 1571 1063 1640 jamtum
1089 1570 1148 1624 Dei
1174 1569 1273 1623 uideas
1286 1571 1363 1626 illud
1376 1571 1490 1636 Poetae,
1509 1572 1586 1626 neceb
1601 1573 1738 1639 artificem
1756 1581 1819 1628 crte
1839 1572 1942 1643 perire
1954 1582 2015 1639 sete,

304 1661 457 1731 judiciam,
484 1676 541 1733 quo
566 1666 681 1733 propter
707 1665 856 1732 peccatum
882 1664 971 1713 totum
989 1671 1077 1727 genus
1094 1654 1144 1710 hu·
1175 1661 1201 1709 et
1216 1664 1363 1726 peceatum
1390 1676 1409 1712 a
1437 1675 1488 1711 asso
1505 1660 1604 1720 fructu
1622 1661 1744 1729 proprio
1766 1658 1857 1730 perdi
1879 1666 1907 1714 et
1924 1666 2015 1714 morte

311 1761 424 1802 manum
443 1746 524 1802 morti
541 1755 583 1803 est
606 1747 770 1817 subjectum,
790 1744 836 1800 cui
853 1744 881 1798 iu
899 1758 965 1797 reta
984 1741 1075 1796 cordis
1096 1740 1145 1795 hu·
1175 1759 1259 1811 qaum
1284 1742 1381 1812 percssit
1411 1744 1513 1815 occidi,
1544 1746 1616 1800 meat
1642 1747 1770 1815 vsperum
1798 1763 1817 1801 a
1842 1762 1898 1801 esea
1919 1744 2014 1816 prole.

310 1832 428 1888 militate
446 1848 480 1887 ac
497 1830 632 1902 patientia
645 1849 695 1887 nos
714 1830 850 1902 subjicere
865 1828 1006 1897 dehemus,
1023 1829 1144 1898 itemque
1174 1827 1316 1884 Debemus
1339 1829 1425 1902 igitur
1446 1831 1478 1890 in
1500 1847 1590 1902 agone
1612 1831 1707 1886 mortis
1727 1835 1756 1886 et
1775 1830 1929 1888 terroribus
1947 1848 2013 1888 con·

307 1927 460 1991 paternam
488 1919 549 1973 Dei
575 1918 754 1983 volumtatem,
781 1932 839 1989 qua
863 1915 980 1971 dilectos
1007 1931 1072 1969 suos
1090 1930 1145 1969 nou
1174 1913 1306 1970 scientiae
1326 1915 1422 1971 oculos
1446 1916 1546 1972 mentis
1568 1934 1586 1973 a
1610 1922 1762 1990 conspectu
1792 1917 2013 1973 resumtum

311 2005 364 2061 uisi
382 2019 434 2076 per
445 2003 541 2060 mortis
551 2004 667 2074 januam
686 2002 723 2060 ad
742 2018 837 2058 reram
856 2007 884 2059 et
902 2007 1042 2057 aeternam
1058 1999 1143 2054 vitam
1174 1999 1281 2054 illarum
1301 2001 1455 2074 imaginum
1482 2010 1510 2059 et
1529 2010 1707 2074 specttorum,
1724 2019 1798 2079 quae
1816 2002 1898 2060 nobis
1916 2022 1936 2061 a
1952 2002 2012 2060 dia·

310 2091 485 2147 introducere
504 2088 657 2159 constituit,
680 2088 757 2161 quod
781 2089 903 2144 mlutare
922 2086 975 2142 Dei
1001 2084 1144 2141 consihum
1174 2086 1236 2141 bolo
1254 2087 1431 2158 objiciuntur,
1448 2089 1544 2146 mortis
1565 2106 1614 2160 sc,
1631 2090 1749 2162 peccmi
1771 2090 1843 2163 legis
1863 2097 1893 2146 et
1910 2090 2013 2148 inferni

312 2176 348 2233 de
369 2176 457 2233 salute
480 2183 575 2233 nostra
592 2182 751 2233 reverenter
774 2190 925 2248 agnoscere
943 2173 1089 2244 eidemque
1105 2172 1144 2226 lo·
1173 2175 1448 2230 aversosinuuicum
1465 2177 1595 2233 etsolum
1606 2177 1746 2234 Christum
1760 2179 1855 2233 mortis
1867 2178 2013 2248 rictorem,

311 2281 375 2319 cum
392 2264 548 2336 relinquere
567 2262 706 2318 conuenit
746 2266 769 2318 t.
797 2261 854 2317 Per
871 2262 969 2316 mortis
987 2259 1145 2330 aequalite-
1170 2259 1297 2331 justitiae
1322 2273 1519 2334 reparatorem,
1549 2265 1619 2337 legis
1645 2270 1894 2321 consummatorem
1920 2270 1950 2320 et
1972 2264 2012 2320 iu·

311 2360 364 2405 tem
396 2367 452 2406 non
483 2366 544 2405 esse
573 2348 783 2420 intelligendam
815 2354 931 2403 naturae
948 2347 1145 2419 proprietatem
1173 2347 1243 2401 ferni
1263 2347 1461 2405 destructorem
1477 2348 1556 2407 firmo
1575 2351 1676 2407 intuito
1695 2351 1819 2423 defigere
1838 2357 1868 2409 et
1894 2359 2013 2407 mortem

311 2436 401 2492 eidem
410 2443 594 2504 concreatum,
613 2451 670 2506 qua
681 2433 763 2490 homo
780 2451 837 2489 non
854 2432 943 2488 minus
962 2449 1045 2505 quam
1065 2431 1148 2489 bruta
1175 2448 1231 2487 nou
1262 2434 1291 2487 in
1320 2442 1415 2490 nostro
1436 2453 1559 2508 corpore,
1584 2437 1685 2493 sedin
1711 2437 1822 2493 Christo
1848 2436 2014 2494 resuscitato

311 2522 435 2577 interitui
472 2520 636 2577 naturaliter
669 2521 706 2576 sit
734 2519 876 2589 obnoxius,
910 2519 977 2592 quia
998 2518 1081 2574 horno
1111 2516 1147 2572 ad
1175 2519 1270 2573 mortis
1298 2521 1403 2576 victore
1433 2528 1462 2578 et
1493 2523 1568 2577 ritae
1600 2523 1710 2594 datore;
1738 2530 1890 2593 peccatum
1907 2538 1964 2579 non
1984 2524 2013 2579 in

312 2607 463 2679 imaginem
494 2607 548 2661 Dei
578 2611 607 2662 et
632 2606 750 2679 proinde
782 2607 819 2663 ad
843 2605 1077 2662 immortalitatem
1094 2603 1149 2659 fuit
1175 2610 1269 2660 nostra
1284 2606 1461 2673 conscientia,
1480 2608 1528 2664 sed
1547 2609 1576 2664 in
1595 2607 1706 2664 Christo
1722 2625 1796 2682 agno
1808 2607 1863 2664 Dei
1882 2614 2012 2682 potante

313 2693 450 2765 conditus,
470 2693 520 2749 sed
534 2693 748 2759 confirmitatem
765 2710 827 2748 eum
851 2693 959 2748 Christo
977 2700 1004 2746 et
1023 2691 1148 2745 omnibus
1176 2696 1203 2746 et
1230 2691 1345 2748 tollente
1370 2698 1464 2748 nostra
1486 2710 1520 2749 ac
1539 2695 1624 2750 totius
1644 2694 1740 2750 muudi
1757 2700 1889 2766 peccata3
1924 2696 2011 2766 tepeat

312 2782 427 2844 scamis,
446 2780 494 2852 qui
508 2797 565 2835 non
579 2779 632 2834 nisi
651 2796 702 2850 per
721 2780 816 2835 mortis
835 2777 1016 2851 ignominiam
1034 2776 1071 2831 ad
1085 2792 1148 2831 cue·
1177 2794 1232 2832 uon
1252 2777 1282 2833 in
1306 2778 1408 2835 nostris
1423 2780 1553 2836 cordibus
1579 2780 1711 2853 scriptam
1728 2787 1758 2838 et
1779 2780 1906 2853 plurimis
1924 2788 2012 2837 hans·

313 2867 410 2924 lestem
428 2866 546 2938 ingressi
567 2871 632 2921 sunt
657 2864 782 2937 gloriam
823 2872 846 2922 3.
866 2864 1044 2921 calamitates
1064 2862 1149 2934 hnjus
1176 2864 1365 2936 gressionibus
1395 2866 1534 2932 violatam,
1558 2867 1609 2922 sed
1634 2869 1663 2922 in
1688 2884 1771 2923 eruce
1794 2866 1900 2922 Christi
1924 2873 2014 2924 trans

313 2954 386 3010 ritae
403 2953 466 3022 illis,
484 2953 532 3024 qui
550 2953 581 3007 iss
600 2953 733 3018 Domino,
759 2951 777 3007 i.
797 2969 820 3008 e.
840 2951 869 3006 iu
887 2968 954 3006 vera
971 2949 1150 3007 conversione
1176 2951 1274 3022 firam3
1288 2953 1432 3016 infernum
1449 2961 1478 3009 et
1492 2954 1658 3010 tentationes
1671 2954 1706 3010 de
1720 2954 2013 3026 abjectioneaeternu,

313 3040 349 3096 ad
375 3039 466 3096 Deum
488 3045 518 3096 et
538 3038 595 3094 tide
611 3038 641 3092 in
660 3037 808 3105 Christum,
825 3039 989 3108 moriuntur,
1019 3035 1147 3108 abrumpi
1176 3037 1358 3093 noninnobis
1376 3039 1445 3111 ipsis
1462 3046 1513 3096 aut
1526 3039 1721 3096 innumerabili
1739 3040 1918 3098 multitudine
1937 3041 2013 3097 dam·

264 3184 266 3189 ,
313 3127 480 3200 eosdemque
502 3127 538 3183 ad
551 3127 643 3182 locum
657 3127 758 3197 quietis
777 3133 805 3182 et
817 3125 913 3198 gaudii
925 3125 1152 3182 statimamorte
1176 3129 1323 3188 natorum,
1355 3126 1411 3180 sed.
1438 3125 1467 3180 iu
1497 3125 1608 3181 Christo
1639 3127 1712 3182 hauc
1741 3127 1926 3183 tentationem
1963 3142 2013 3198 pro

313 3213 464 3270 maturi.
514 3218 538 3269 4.
560 3212 617 3268 Per
645 3214 757 3267 virtutis
792 3213 958 3284 dipsitetem
988 3211 1149 3282 cumprimis
1177 3210 1257 3265 nobis
1281 3211 1436 3267 sustinente
1462 3229 1496 3267 ac
1522 3213 1659 3283 vincente,
1686 3213 1800 3286 quaudo
1816 3213 1846 3268 iu
1863 3229 1950 3270 mace
1967 3228 2014 3269 ex·

313 3317 407 3357 veram
430 3300 459 3355 iu
481 3299 621 3356 Christum
646 3299 742 3355 mortis
766 3299 898 3355 rictorem
920 3304 950 3354 et
971 3298 1149 3355 mediatorem
1174 3297 1285 3367 clamat,
1318 3299 1397 3352 Deus
1427 3315 1512 3364 meus,
1543 3316 1631 3372 quare
1650 3314 1690 3353 me
1713 3300 1901 3371 dereliquisti,
1925 3299 2014 3356 oeuhs

306 3390 397 3457 fidem
416 3386 622 3458 intelligendam
639 3402 706 3453 esse,
731 3385 843 3455 quaein
858 3384 968 3441 christo
989 3384 1089 3441 elficax
1107 3401 1149 3439 re·
1174 3382 1240 3438 fidei
1271 3384 1381 3455 intueri,
1409 3389 1442 3440 ut
1470 3401 1504 3441 ex
1532 3385 1656 3441 Luthero
1687 3385 1716 3440 in
1750 3402 1848 3445 comm.
1884 3402 1948 3457 cap.
1974 3390 2014 3443 tt.

312 3474 434 3530 medium
458 3479 556 3529 contra
581 3472 676 3528 mortis
706 3488 842 3527 venenum
868 3472 987 3540 invenit,
1026 3471 1149 3543 itemque
1175 3469 1285 3526 Hoseae
1302 3476 1368 3526 tom.
1406 3475 1430 3526 4.
1468 3470 1530 3526 Lat.
1565 3489 1594 3543 p.
1624 3475 1683 3528 ote.
1709 3470 1892 3541 pulcherrime
1914 3469 2016 3527 scribit

312 3559 519 3615 oboedientiam
538 3576 609 3629 erpa
627 3561 730 3631 Deum,
748 3575 820 3630 quae
832 3559 1032 3616 consessionem
1048 3559 1148 3614 uerita·
1175 3556 1333 3627 Chytraeus
1365 3548 1413 3615 lib.
1445 3557 1480 3613 de
1504 3557 1552 3613 rit
1587 3562 1616 3613 et
1645 3563 1723 3616 mort
1747 3576 1775 3629 p.
1802 3564 1844 3616 45.
1882 3557 2013 3614 Christus

311 3645 348 3700 tis
366 3645 419 3715 ipsi
446 3647 521 3702 vitae
549 3645 757 3703 anteferendam
782 3662 843 3702 esse
867 3646 957 3702 docet.
995 3653 1019 3702 5.
1043 3645 1149 3700 Mortes
1175 3645 1269 3698 mortis
1299 3644 1388 3699 uictor
1415 3642 1526 3697 sublato
1556 3643 1691 3715 trophaeo
1714 3642 1866 3716 uuicuique
1888 3652 2016 3701 nostrum

310 3731 461 3786 utilitatem
500 3749 556 3787 uon
594 3746 654 3787 esse
694 3731 917 3788 constituendam
956 3732 985 3786 in
1028 3729 1147 3804 quadam
1176 3728 1311 3785 acclamat·
1337 3729 1424 3800 Apoc.
1454 3735 1477 3793 1,
1502 3748 1529 3785 v.
1558 3734 1604 3785 lt:
1641 3731 1713 3785 Noli
1734 3732 1844 3800 timere,
1871 3748 1923 3802 epo
1953 3748 2015 3786 mss

310 3817 469 3892 ironupttq
493 3825 521 3873 et
546 3816 724 3888 ἀναισθησίᾳ,
743 3834 815 3890 quae
839 3817 927 3873 omnis
950 3817 1017 3873 boni
1033 3834 1066 3872 ac
1083 3816 1148 3871 mali
1173 3817 1283 3887 primus
1301 3825 1328 3870 et
1346 3815 1518 3881 amissimus,
1539 3831 1607 3871 rere.
1621 3821 1667 3873 te:
1689 3825 1715 3871 et
1730 3818 1817 3881 uiuus,
1832 3824 1860 3872 et
1869 3819 1927 3885 sui
1942 3835 2017 3872 mor·

311 3919 423 3959 sensum
440 3902 552 3975 penitus
576 3903 681 3958 homini
700 3904 817 3969 auferat,
835 3903 885 3959 sed
901 3905 1011 3959 ratione
1038 3904 1153 3958 termini
1177 3911 1241 3957 tum
1258 3910 1285 3956 et
1308 3919 1441 3957 eccesiam
1452 3903 1530 3957 ciuem
1541 3903 1571 3956 ia
1584 3904 1681 3957 secula
1700 3904 1860 3959 remedorum
1877 3911 1904 3958 et
1923 3905 2015 3959 babeo

311 4009 331 4045 a
348 4007 403 4060 quo
421 3989 450 4045 in
468 3988 631 4045 liberatione
650 4007 669 4045 a
682 3991 753 4061 jugo
770 3990 879 4061 peccati
896 3994 926 4044 et
936 3990 1035 4060 erucis,
1050 4007 1068 4045 a
1078 3989 1150 4062 peri·
1177 3988 1271 4042 elaces
1289 3990 1389 4041 mortis
1406 3996 1433 4042 et
1449 3989 1566 4058 infermi,
1579 3989 1607 4043 id
1627 3995 1670 4044 est
1685 3988 1752 4044 mihi
1773 3990 1909 4061 competit
1925 3990 2016 4047 domi·

312 4075 383 4133 culis
402 4080 430 4132 et
446 4074 570 4130 adversis
594 4074 731 4143 omnihus,
750 4076 862 4129 ratione
881 4077 995 4132 termini
1013 4078 1054 4129 od
1071 4093 1148 4146 quem
1178 4076 1254 4130 nium
1274 4075 1304 4129 in
1322 4082 1439 4130 mortem
1456 4082 1485 4130 et
1504 4074 1658 4147 internum3
1676 4082 1790 4132 mortem
1811 4076 1911 4146 devici,
1930 4077 2016 4133 infer·

313 4162 342 4218 in
373 4161 553 4219 translatione
591 4162 628 4218 ad
661 4161 854 4217 suavissimum
883 4162 1054 4219 consortium
1085 4179 1149 4218 cum
1173 4180 1244 4240 'num
1262 4162 1393 4227 destruxi,
1425 4161 1488 4216 ideo
1507 4179 1568 4216 sum
1588 4162 1683 4219 mortis
1702 4168 1730 4218 et
1753 4162 1854 4218 interni
1874 4162 2016 4235 dominus,

313 4247 423 4305 Christo
447 4254 476 4305 et
493 4248 622 4304 omnibus
639 4247 736 4304 electis
762 4248 791 4303 iu
810 4248 888 4304 coelo
905 4248 1149 4320 triumphantibus,
1178 4255 1209 4304 ut
1234 4265 1268 4304 er
1294 4256 1411 4320 utroque
1436 4248 1554 4303 liberare
1579 4250 1690 4320 possim,
1715 4248 1781 4320 quia
1802 4249 1901 4304 victori
1921 4250 2017 4306 clares

313 4335 452 4391 inlocum
471 4335 573 4408 quietis
597 4340 626 4390 et
650 4334 817 4404 securitatis,
841 4334 870 4389 in
894 4334 1055 4407 paradisum
1072 4334 1149 4391 laeti·
1178 4341 1318 4406 portarum
1339 4334 1416 4390 urbis
1433 4334 1506 4388 tradi
1524 4335 1620 4391 solent
1652 4334 1699 4389 Ad
1716 4335 1790 4390 hunc
1809 4334 1907 4391 mortis
1928 4338 2013 4394 vicho·

314 4422 371 4476 tiae
389 4427 419 4476 et
436 4436 553 4493 regnum
570 4420 685 4493 gloriae.
1177 4438 1235 4477 rem
1261 4427 1289 4477 et
1313 4422 1388 4476 uiue
1407 4423 1504 4475 ducem
1522 4420 1587 4478 Act.
1606 4426 1629 4491 3,
1649 4440 1676 4476 v.
1696 4426 1735 4478 15.
1754 4437 1821 4478 vera
1839 4420 1896 4479 tide
1918 4422 2016 4480 coufu-

187 4507 412 4605 ι13311185.
450 4507 653 4564 Revocahimus
667 4507 753 4578 igitur
764 4505 966 4563 consolationes
981 4506 1151 4578 theologicas
1178 4525 1244 4580 gere
1262 4507 1394 4565 debemus
1408 4512 1437 4562 et
1452 4507 1559 4563 nullum
1578 4507 1607 4562 in
1620 4523 1670 4562 nos
1684 4508 1805 4580 amplius
1817 4526 1891 4566 mors
1910 4509 2015 4567 habers

187 4618 268 4650 soem·
316 4591 397 4648 morti
412 4593 593 4664 opponendas
612 4592 649 4649 ad
668 4592 765 4648 decem
782 4592 934 4665 praecipua
952 4592 1054 4664 capita.
1091 4593 1153 4648 Pri·
1178 4594 1280 4665 poterit
1306 4593 1459 4665 imperium.
1494 4592 1541 4647 Ad
1566 4592 1642 4649 huuc
1665 4593 1791 4650 vivificae
1818 4595 2014 4653 consolationis

185 4661 297 4761 {ffiffl}
317 4696 392 4733 mum
413 4685 456 4734 est
475 4678 584 4734 Christi
606 4682 641 4734 de
667 4686 755 4734 morte
779 4680 972 4749 triumphatis.
1010 4679 1090 4734 Haec
1109 4686 1152 4735 est
1178 4680 1284 4736 fontem
1305 4679 1452 4755 aliquoties
1474 4679 1503 4733 in
1527 4678 1584 4733 suis
1610 4679 1788 4735 concionibus
1811 4678 1941 4737 Christus
1956 4694 2014 4737 ¹nos

189 4773 302 4862 rrfflp-
316 4763 453 4835 acropolis
477 4769 506 4820 et
522 4763 686 4837 principalis
709 4763 772 4819 fons
791 4765 880 4821 omnis
897 4764 926 4819 in
945 4770 1032 4820 morte
1056 4782 1152 4822 conso·
1178 4770 1297 4822 revocat.
1334 4765 1398 4821 Joh
1422 4772 1453 4834 5,
1477 4783 1502 4820 r.
1528 4768 1575 4820 tt:
1602 4764 1659 4828 Qui
1681 4767 1792 4821 seram
1815 4784 1908 4822 meum
1931 4768 2014 4823 uadit

186 4866 304 4918 messus·
316 4849 435 4920 lationis,
452 4850 528 4922 quod
546 4850 673 4907 Christus
691 4868 742 4923 per
758 4859 876 4906 mortem
895 4852 1066 4906 destruxerit
1082 4869 1152 4922 eum,
1179 4860 1205 4907 et
1223 4853 1315 4907 eredit
1326 4852 1363 4920 ei,
1380 4853 1430 4921 qai
1446 4852 1521 4904 inho
1533 4867 1583 4921 me,
1595 4853 1709 4906 transiit
1726 4870 1745 4906 a
1756 4862 1844 4909 morte
1862 4855 1906 4908 ud
1918 4855 2011 4909 sitm

186 4927 243 4959 η’·
316 4939 367 5010 qui
394 4937 512 4991 hahebat
541 4939 641 4992 mortis
668 4938 831 5009 imperium,
858 4938 910 4993 hoc
934 4945 973 4992 sat
1001 4938 1153 5005 diabolum,
1178 4955 1239 5010 cap.
1257 4942 1282 5002 8,
1307 4954 1333 4992 r.
1354 4941 1405 4993 bl:
1431 4936 1466 4991 δι’
1484 4937 1548 5007 quie
1567 4953 1721 4993 sermonem
1739 4956 1831 4993 mcum
1853 4942 2013 5008 rennuerit,

315 5041 350 5079 ac
367 5023 498 5079 liberarit
516 5037 571 5091 eos,
589 5024 639 5091 qai
663 5024 761 5078 umore
777 5025 876 5077 mortis
889 5040 945 5093 per
960 5031 1047 5078 totam
1065 5026 1152 5080 citam
1179 5033 1294 5080 mortem
1321 5042 1377 5079 mom
1394 5023 1499 5078 videdit
1514 5024 1544 5078 irs
1573 5031 1726 5082 ueternum.
1762 5042 1825 5097 cap.
1853 5031 1894 5097 11,
1912 5046 1940 5088 r.
1966 5031 2013 5084 25:

315 5109 428 5165 amasti
451 5115 533 5162 erum
555 5108 685 5162 eochari
709 5107 793 5164 Hchr.
814 5112 840 5177 2,
864 5125 888 5164 v.
910 5113 952 5165 11.
971 5115 1001 5164 et
1018 5114 1058 5166 15.
1078 5112 1153 5184 quod
1179 5114 1244 5182 Epo
1272 5130 1334 5166 sum
1363 5113 1532 5167 resumectie
1563 5119 1591 5165 et
1615 5114 1683 5183 vitu,
1711 5113 1762 5184 qui
1787 5115 1878 5169 credit
1905 5116 1936 5170 ia
1963 5134 2012 5182 ms,

314 5203 432 5250 mortem
452 5195 513 5264 ipse
532 5194 710 5264 cimmerii,
731 5195 819 5249 lucem
839 5210 904 5249 sero
922 5195 997 5250 uitae
1017 5203 1042 5250 et
1059 5198 1152 5253 incor-
1179 5198 1289 5253 etiamsi
1311 5207 1439 5252 mortuus
1461 5199 1561 5267 fuerit,
1586 5199 1666 5264 vivet,
1688 5215 1713 5252 r.
1738 5205 1779 5257 15,
1800 5207 1825 5254 et
1841 5202 1940 5269 emam,
1964 5201 2014 5274 qui

314 5282 455 5353 raptatum
479 5280 624 5335 redemerit
649 5284 673 5334 t.
691 5279 813 5338 limodi.
834 5285 857 5350 1,
873 5298 899 5336 v.
921 5285 961 5337 te.
999 5281 1151 5340 Peccatum
1177 5285 1246 5338 oieit
1272 5292 1298 5338 et
1325 5285 1417 5339 eredit
1445 5285 1475 5338 is
1494 5300 1546 5352 me,
1567 5301 1624 5338 aera
1648 5285 1781 5339 morietur
1807 5286 1837 5339 in
1860 5294 2014 5359 semmam,

314 5372 359 5423 est
373 5365 404 5423 sd
423 5371 540 5442 stupor
556 5370 605 5423 roi
625 5363 758 5435 θανᾶτου,
777 5369 907 5423 stimulus
919 5369 1028 5437 mortis,
1047 5375 1069 5425 1.
1088 5370 1150 5426 (lor.
1179 5369 1208 5424 id
1233 5373 1277 5424 est
1303 5370 1375 5426 liber
1400 5369 1487 5425 erite
1512 5376 1599 5424 morte
1626 5369 1764 5440 spirituali
1792 5377 1820 5426 et
1847 5380 1963 5430 aeterna
1978 5390 2014 5431 aa

317 5458 358 5524 15,
376 5470 403 5513 s.
420 5460 462 5512 tt.
486 5470 520 5510 ac
540 5468 590 5527 per
606 5453 761 5524 psoram
790 5452 918 5512 diaholm
943 5453 1068 5511 homines
1095 5456 1150 5513 sihi
1171 5454 1339 5518 liberabitur
1358 5473 1377 5513 a
1392 5462 1481 5513 morte
1498 5456 1644 5528 temporali
1655 5474 1706 5529 per
1722 5457 1965 5520 resuscitationem
1977 5462 2014 5521 ad
