4104 6014
183 293 242 351 1⁷⁰
756 286 880 345 Locus
896 282 1103 344 VIOESIMUS
1120 284 1269 345 SEXTUS

182 440 327 507 &functis
343 441 462 496 concedi
478 457 534 494 non
549 456 605 511 per
623 443 738 495 modam
755 439 1019 510 absolutissimam
1047 443 1072 494 4.
1100 458 1187 510 posse
1216 441 1353 495 hominem
1383 450 1478 496 sancte
1501 451 1527 496 et
1555 444 1601 512 pis
1632 445 1707 498 mori
1731 452 1757 498 st
1785 451 1878 498 1111111

176 543 233 596 per
251 529 363 582 modam
388 528 527 597 saffrapii.
574 527 604 583 Si
622 541 752 598 quaeras,
780 526 831 581 ubi
853 527 951 582 modus
970 527 1018 581 ille
1046 525 1148 580 habere
1165 526 1287 580 debitam
1312 527 1432 597 aliquod
1455 530 1618 584 solvendam
1640 530 1685 585 eal
1699 538 1819 600 propter
1833 546 1877 585 ce·

186 612 312 684 suffragii
332 611 484 667 fundatus?
502 611 616 682 quidam
636 618 783 667 recurrunt
803 613 839 666 ad
859 612 1016 683 Scripturas
1043 612 1136 666 aialia
1161 621 1281 679 peccata
1310 631 1367 668 non
1393 615 1514 669 remissa
1539 617 1569 669 in
1587 615 1660 684 vita,
1692 617 1736 671 orl
1754 624 1878 687 propter

180 698 252 753 male
271 698 404 763 detortas,
422 697 536 767 quidam
553 697 590 752 ad
611 705 714 768 patres,
738 698 851 768 quidam
871 698 1017 753 adRoma-
1043 698 1268 767 satisfactionem
1289 702 1489 769 propeccatis
1518 701 1684 755 mortalitas
1716 719 1772 756 non
1791 704 1877 772 plene

182 801 236 840 nae
255 783 389 840 ecclesiae
409 785 614 840 auctoritatem.
653 784 812 840 Antoninus
831 784 1017 856 archiepisco·
1043 785 1198 854 sapietam5
1224 785 1295 839 dicit
1314 787 1384 839 caim
1406 786 1569 857 Scriptura,
1597 805 1657 851 eos,
1686 805 1877 858 proqaoram

181 888 235 941 pus
255 869 431 926 Florentinus
451 877 523 941 part.
544 877 566 927 1.
586 871 628 928 tit.
649 876 689 929 10.
708 887 733 926 c.
751 876 781 927 3:
801 871 849 925 De
869 871 1016 940 1111111911-
1039 873 1167 942 peccatis
1184 873 1270 940 jussit
1288 874 1370 926 orari
1386 874 1498 940 Jadas,
1526 891 1589 926 cam
1601 873 1708 945 pietate
1732 875 1877 928 dormitio·

180 957 229 1009 tiis
247 956 291 1010 nil
308 973 438 1026 capresse
460 957 592 1012 babemus
614 974 649 1011 aa
669 957 820 1027 Scriptura
840 975 940 1022 sama,
967 972 1017 1010 nec
1043 974 1105 1010 nem
1129 958 1287 1027 accepissc,·
1319 963 1346 1012 i.
1374 959 1425 1012 iios
1451 974 1511 1013 essa
1535 961 1570 1012 ds
1590 959 1660 1028 fide.
1703 958 1777 1013 Huic
1795 976 1877 1031 argu·

181 1043 265 1097 etiam
290 1059 323 1096 ea
343 1042 427 1097 dictis
446 1042 626 1113 antiquaram
652 1046 812 1107 dertonam,
840 1046 892 1097 ssd
907 1044 1017 1098 moder·
1043 1047 1151 1109 mento,
1182 1044 1257 1114 quod
1282 1043 1468 1098 Bellarminus
1495 1044 1581 1100 hahet
1610 1060 1661 1114 pro
1686 1044 1818 1115 primario
1844 1062 1877 1100 ac

181 1146 288 1185 aarum.
329 1127 490 1200 Alphonsus
514 1130 549 1184 de
566 1129 665 1185 Castro
693 1128 711 1184 l.
733 1135 756 1186 8.
774 1133 872 1184 contra
889 1127 1017 1183 haereses
1043 1127 1189 1199 principali
1207 1144 1241 1182 ex
1253 1129 1286 1184 V.
1298 1129 1331 1183 Τ.
1343 1129 1462 1201 (reliqua
1477 1130 1550 1185 enim
1570 1136 1679 1184 tantum
1697 1130 1877 1200 probabiliter

182 1233 209 1286 p.
234 1220 299 1270 255:
324 1217 404 1270 Inter
428 1233 522 1271 omnes
541 1233 601 1281 res,
629 1219 664 1270 de
686 1216 786 1285 qasbsss
808 1217 839 1269 in
861 1215 913 1269 loc
932 1231 1017 1283 opere
1043 1213 1233 1285 purgatorium
1252 1214 1370 1269 suadere
1383 1215 1499 1285 assent),
1517 1216 1606 1286 primo
1624 1215 1745 1270 omnium
1764 1232 1876 1286 respon-

183 1302 373 1370 dispatamas,
401 1302 483 1354 malla
500 1310 555 1370 est,
580 1303 780 1372 pesam-minas
801 1308 896 1373 aperte
915 1316 1016 1354 sacrae
1043 1297 1153 1365 demus,
1182 1298 1286 1354 librum
1303 1301 1382 1355 illum
1404 1317 1460 1355 non
1477 1318 1537 1357 esse
1554 1302 1583 1356 in
1609 1318 1729 1366 canone,
1753 1302 1783 1356 id
1801 1301 1877 1374 quod

183 1389 288 1442 literae
301 1388 485 1457 prodiderint
504 1395 530 1441 11
547 1390 583 1442 de
601 1405 658 1458 qua
673 1389 766 1442 minas
778 1386 881 1442 vetusti
897 1388 1015 1459 scripto·
1042 1401 1092 1440 suo
1111 1384 1173 1439 loco
1191 1386 1440 1440 demonstravimus
1464 1387 1643 1457 sequentibus
1668 1387 1874 1454 fundamentis:

43 1469 110 1514 ”11
124 1469 228 1528 ²⁰1res
248 1473 370 1528 dixerint
388 1476 481 1545 (quam
495 1474 707 1544 indulgentiae).
738 1472 915 1527 Dissentiunt
932 1471 1016 1527 etiam
1045 1476 1068 1527 1.
1088 1487 1142 1525 non
1167 1477 1210 1527 est
1234 1472 1355 1543 scriptus
1379 1489 1396 1526 a
1419 1473 1569 1543 propheta,
1596 1475 1663 1543 quia
1687 1475 1807 1544 scriptus
1833 1479 1876 1528 est

181 1559 374 1628 desaffrapiss
387 1559 623 1629 particularibus.
654 1557 727 1615 Nam
741 1557 894 1628 Cajctauus
912 1563 979 1615 tom.
995 1563 1015 1612 1.
1043 1563 1107 1627 post
1135 1561 1263 1628 tempora
1290 1557 1460 1628 Malachiae,
1495 1557 1543 1629 qui
1568 1557 1623 1612 fuit
1651 1559 1764 1612 ultimus
1787 1558 1822 1614 V.
1841 1557 1875 1613 T.

182 1645 337 1714 opusculor.
357 1650 437 1699 tract
461 1650 499 1700 16.
517 1662 543 1717 q.
564 1651 586 1701 5.
607 1645 695 1709 docet,
712 1661 806 1699 omnes
824 1645 937 1714 quidem
955 1643 1015 1698 ani·
1043 1642 1185 1713 propheta.
1231 1643 1417 1713 Hieronymus
1442 1643 1470 1697 in
1497 1643 1578 1698 catal.
1606 1644 1686 1700 chor.
1714 1644 1813 1698 illustr.
1849 1651 1878 1699 et

185 1746 247 1785 mas
258 1731 361 1799 juvari
376 1747 462 1802 posse
479 1737 505 1784 et
528 1731 632 1800 jurari
648 1732 732 1785 stiam
749 1731 936 1784 communitas
955 1730 1016 1794 sas-
1043 1729 1089 1784 lib.
1112 1734 1136 1784 2.
1156 1734 1244 1785 contu
1262 1728 1358 1800 Pelag.
1377 1733 1406 1784 et
1425 1729 1473 1784 alii
1491 1735 1625 1795 statuunt,
1643 1730 1799 1800 Jasepiam
1817 1746 1877 1786 esse

182 1816 300 1885 frapiis.
331 1817 370 1869 As
384 1817 619 1886 particularibus,
638 1834 709 1886 quae
721 1834 779 1887 pro
788 1816 849 1871 illis
860 1818 943 1884 fiant,
961 1831 1016 1869 non
1043 1812 1140 1867 borum
1158 1812 1290 1868 librorum
1316 1820 1464 1869 auctorem.
1504 1815 1545 1869 At
1564 1813 1703 1885 Josephus
1721 1815 1792 1869 vixit
1814 1822 1878 1885 post

175 1901 287 1971 jurari,
305 1902 363 1955 nisi
380 1902 456 1969 ilias,
474 1920 546 1971 qaae
560 1903 781 1971 particulariter
800 1908 969 1969 meraemml,
985 1907 1017 1953 at
1043 1898 1184 1953 Christum
1214 1905 1323 1965 natum,
1359 1915 1412 1954 nec
1440 1899 1495 1954 fuit
1523 1900 1686 1970 prophetica
1712 1901 1877 1957 auctoritate

180 1987 237 2041 sibi
252 1987 325 2041 talia
348 1989 521 2055 prodessent.
561 1986 638 2042 Dicit
655 1994 756 2053 autem,
776 2002 823 2042 ess
841 1986 1018 2058 peculiariter
1043 1983 1218 2054 conspicuus.
1269 1984 1348 2056 Ergo
1383 1985 1485 2041 librum
1526 1985 1646 2057 aliquem
1682 1986 1876 2056 propheticum

135 2088 137 2093 ’
181 2071 295 2137 mereri,
324 2088 395 2142 quas
426 2071 503 2126 hisce
531 2073 560 2127 in
584 2073 664 2128 terris
690 2073 849 2128 habuerunt
868 2071 1015 2142 specialem
1043 2066 1163 2123 scribere
1194 2084 1251 2123 noa
1278 2070 1377 2140 potuit
1425 2075 1448 2127 2.
1473 2070 1579 2124 Auctor
1608 2070 1692 2142 hujus
1716 2070 1780 2125 libri
1809 2071 1877 2127 satis

181 2157 371 2223 devotionem,
399 2157 435 2211 ad
460 2158 551 2213 claves
579 2158 713 2214 ecclesiae
741 2165 770 2214 et
787 2158 886 2212 soliciti
904 2157 1017 2212 inerunt
1043 2153 1190 2209 manifeste
1208 2153 1326 2223 indicat,
1353 2171 1383 2210 ss
1405 2155 1621 2224 conscripsisse
1640 2155 1802 2226 prophetico
1821 2158 1877 2229 spi·

182 2260 234 2314 pro
253 2243 398 2298 animabus
416 2243 541 2301 aliorum.
573 2244 628 2299 Sed
648 2243 852 2315 Praepositirus
870 2240 1017 2312 presbyter
1042 2239 1105 2303 ritu,
1124 2239 1195 2310 petit
1212 2241 1285 2295 enim
1303 2256 1320 2293 a
1340 2241 1443 2295 lectore
1462 2241 1581 2310 veniam,
1600 2241 1837 2312 quodaSpiritus
1854 2261 1875 2299 s.

182 2329 346 2385 leodiensis
363 2329 392 2383 in
411 2344 499 2399 comp.
524 2327 609 2386 theol.
627 2335 656 2384 et
673 2328 739 2396 1111,
765 2343 835 2399 quos
856 2327 925 2382 citat
941 2326 1016 2381 Tho·
1042 2326 1256 2381 amanuensibus
1274 2327 1402 2381 alienum.
1427 2343 1451 2381 c.
1472 2333 1510 2393 15,
1529 2344 1554 2383 v.
1576 2331 1623 2382 39:
1659 2329 1699 2382 Et
1718 2329 1746 2381 si
1762 2329 1876 2398 quidem

181 2433 240 2471 mas
257 2416 286 2470 in
297 2422 322 2470 4.
336 2420 404 2470 sent.
417 2414 482 2469 dist.
497 2420 540 2470 45.
558 2431 584 2485 q.
599 2420 623 2470 2.
639 2420 690 2470 art.
703 2420 726 2472 4.
746 2414 850 2483 dicunt,
867 2413 1015 2483 saffrapia,
1042 2412 1108 2467 bene
1127 2420 1152 2465 et
1168 2419 1199 2466 at
1219 2411 1355 2466 historias
1373 2413 1504 2482 competit
1519 2413 1597 2480 (baec
1615 2413 1805 2484 scripsissem),
1823 2416 1875 2469 isac
1923 2445 1926 2450 ·

180 2503 340 2571 quaelicet
360 2518 416 2570 pro
436 2517 505 2566 arro,
528 2517 584 2554 noa
601 2501 630 2553 si
646 2489 737 2555 solnm
751 2502 900 2569 prodesse,
918 2515 1013 2553 emam
1042 2506 1068 2551 et
1086 2498 1146 2567 ipse
1167 2498 1264 2566 aelim,
1284 2499 1312 2550 si
1328 2506 1421 2552 uatem
1440 2498 1533 2552 minas
1551 2499 1649 2575 dique,
1668 2502 1875 2555 comedendam

181 2587 264 2640 etiam
281 2587 406 2641 omnibns
423 2585 499 2649 aiis's,
518 2601 569 2637 nec
587 2586 680 2638 minas
698 2586 825 2639 omnihus
842 2585 911 2639 aliis
931 2601 1014 2653 qrsam
1042 2592 1082 2638 est
1098 2584 1175 2638 milri.
1198 2601 1225 2639 v.
1246 2591 1289 2640 40.
1332 2584 1413 2639 Sicut
1430 2585 1503 2638 enim
1533 2584 1627 2638 vinam
1646 2601 1756 2655 semper
1784 2587 1875 2642 bibere

181 2671 242 2741 illi,
266 2673 339 2726 sicat
358 2671 475 2725 lacerna
499 2687 617 2725 accensa
640 2688 696 2740 pro
716 2672 841 2725 Domino
859 2670 1016 2740 aequaliter
1042 2678 1092 2725 aat
1109 2687 1219 2740 semper
1237 2688 1354 2739 aqrmm,
1384 2670 1557 2723 contrariam
1576 2679 1629 2736 est,
1663 2672 1782 2726 11111111
1809 2690 1875 2728 aare

180 2756 325 2812 illuminat
344 2774 448 2827 servos,
465 2757 515 2828 qai
531 2757 561 2811 in
577 2774 610 2812 aa
628 2758 692 2812 loco
707 2766 780 2826 sant,
800 2765 827 2811 et
842 2758 914 2811 111111
931 2755 1015 2811 lectio
1040 2757 1084 2810 ati
1100 2757 1281 2818 delectabilet
1303 2755 1344 2809 ita
1363 2756 1523 2823 lepmtiisss,
1542 2756 1569 2808 si
1586 2773 1695 2826 semper
1714 2766 1826 2812 scaram
1838 2760 1875 2813 sit

176 2860 234 2914 pro
252 2862 308 2898 ano
319 2845 441 2914 prodest
452 2844 579 2898 omnibus
590 2861 653 2898 cam
664 2845 717 2899 illo
735 2843 1016 2911 sacrariumque
1041 2859 1146 2906 sermo,
1172 2860 1229 2897 non
1244 2843 1299 2896 erit
1312 2848 1419 2909 pratas.
1445 2857 1506 2911 cap.
1526 2846 1558 2908 2,
1584 2859 1610 2898 v.
1631 2848 1672 2898 27.
1696 2844 1876 2916 conqueritur

180 2947 234 2983 aaa
249 2946 308 2982 nna
327 2928 696 2986 omnibssscommanieatar.
726 2928 911 2984 Bellurminus
927 2928 976 2983 lib.
991 2933 1014 2983 2.
1042 2930 1077 2983 de
1096 2927 1262 2984 difficultate
1278 2926 1363 2997 hujus
1380 2926 1479 2997 operis.
1508 2928 1549 2981 Et
1569 2928 1649 2983 nobie
1665 2929 1778 2998 midam
1795 2931 1875 3002 ipsis,

180 3014 215 3069 de
234 3019 344 3085 purgat.
369 3030 394 3071 e.
410 3018 454 3068 18.
479 3013 646 3069 ualentiam
669 3030 843 3089 communem
868 3015 937 3069 dicit
953 3030 1013 3069 esse
1040 3014 1144 3086 inquit,
1176 3015 1226 3085 qni
1252 3014 1395 3084 hocopus
1423 3014 1572 3068 1111111111·
1588 3031 1678 3068 caasa
1695 3015 1874 3087 srmcspimas,

179 3099 211 3154 in
242 3101 351 3166 medio,
381 3099 456 3170 quod
486 3099 615 3154 nimirum
647 3101 789 3171 saffrapia
816 3100 1013 3171 particularia
1040 3118 1096 3155 non
1114 3100 1232 3163 farriam
1254 3100 1392 3166 laborem,
1424 3100 1479 3154 imo
1505 3117 1569 3155 rere
1594 3101 1735 3171 aspeliam
1759 3102 1875 3171 plenam
1888 3125 1955 3168 xm,
1969 3124 2015 3167 m,

181 3185 258 3240 omni
287 3193 314 3239 et
343 3185 401 3240 soli
419 3185 468 3240 sili
477 3187 592 3255 prosint
615 3184 644 3239 in
665 3187 775 3241 ratione
798 3186 1014 3254 satisfactionis,
1040 3187 1202 3256 cipiliaram
1234 3194 1261 3239 et
1292 3185 1406 3240 sudoris
1442 3188 1634 3243 assamsimus.
1689 3189 1730 3242 At
1757 3187 1874 3259 Spiritui

178 3287 233 3341 pro
253 3286 307 3341 qao
320 3274 404 3340 fiant.
440 3271 616 3326 Probationis
633 3271 695 3327 loco
714 3271 808 3339 addit,
827 3275 904 3342 qaod
920 3274 1013 3344 appli-
1040 3278 1137 3328 sancto
1152 3271 1347 3327 canonicorum
1367 3271 1501 3327 librorum
1522 3273 1631 3328 auctori
1648 3272 1718 3328 nihil
1741 3282 1785 3330 est
1801 3275 1874 3330 diffi-

179 3357 254 3410 calio
280 3356 422 3426 sjrssmodi
439 3358 574 3411 bonoram
592 3359 716 3426 pendeat
741 3373 775 3412 aa
794 3358 946 3414 intentione
963 3377 1013 3432 ap·
1039 3358 1107 3425 1111,
1137 3357 1206 3412 nihil
1237 3357 1418 3423 laboriosum,
1449 3359 1518 3413 nihil
1548 3359 1698 3415 molestum.
1746 3361 1875 3433 Denique

175 3441 343 3513 plicationis
370 3457 405 3495 ac
431 3441 548 3512 proinde
575 3458 631 3497 non
656 3442 758 3498 debere
783 3444 936 3514 comparari
960 3444 1015 3499 ista
1039 3461 1101 3516 cap.
1125 3444 1212 3513 ejusd.
1236 3461 1260 3500 v.
1282 3448 1323 3501 24.
1340 3444 1500 3515 profitetur,
1524 3445 1599 3518 quod
1625 3445 1653 3500 in
1680 3448 1874 3518 compendium

181 3526 315 3599 suffragia
333 3526 430 3582 lumini
448 3528 588 3596 lucernae,
608 3529 657 3584 sed
670 3530 764 3600 potius
780 3527 923 3598 pccisaiae,
942 3546 1014 3601 quae
1038 3530 1166 3600 redigere
1182 3530 1252 3585 velit
1272 3530 1396 3602 quinque
1420 3530 1506 3585 libros
1522 3530 1634 3586 insonis
1652 3530 1797 3602 Cyrenaei.
1832 3534 1873 3587 At

180 3613 217 3668 ab
235 3630 360 3683 anopro
385 3615 474 3669 altero
497 3615 621 3671 solvitur.
657 3615 802 3680 Quaerunt
820 3616 947 3687 insuper,
976 3635 1014 3671 aa
1040 3615 1158 3686 Spiritus
1176 3622 1288 3670 sanctus
1305 3633 1361 3670 non
1379 3617 1523 3672 consuevit
1541 3617 1571 3670 in
1591 3617 1732 3686 epitomen
1744 3619 1871 3690 redigere

180 3700 321 3770 suffragia
334 3701 477 3769 praestita
494 3701 530 3754 ab
548 3702 594 3767 iis,
611 3702 661 3771 qai
678 3710 744 3756 sant
760 3703 790 3756 in
804 3711 922 3773 peccato
940 3720 1014 3756 mor·
1039 3702 1181 3756 historiam
1207 3701 1317 3772 profani
1342 3702 1459 3773 alicujus
1483 3702 1633 3772 scriptoris.
1677 3709 1702 3761 3.
1721 3703 1806 3759 Liber
1823 3705 1869 3760 hic

179 3785 248 3855 tali,
273 3787 387 3854 prosint
413 3787 578 3850 «1111111111
625 3787 744 3853 Quidam
768 3788 797 3842 in
822 3788 1014 3858 affirmantem,
1040 3804 1094 3842 non
1113 3793 1156 3843 eat
1167 3789 1287 3858 scriptus
1298 3788 1395 3860 lingua
1406 3788 1583 3859 prophetica,
1610 3788 1717 3844 scilicet
1728 3789 1868 3860 Hebraea,

181 3871 295 3943 quidam
309 3873 338 3925 in
357 3876 507 3943 negantem
519 3871 625 3927 abeunt
644 3874 818 3929 sententiam.
850 3873 892 3928 Ex
910 3874 1014 3946 quibus
1040 3872 1089 3928 sed
1106 3866 1215 3929 constat
1232 3874 1363 3929 idiomate
1381 3873 1499 3931 Graeco.
1535 3879 1560 3931 4.
1580 3873 1711 3930 Continet
1730 3876 1868 3946 quaedam

183 3957 310 4013 omnibus
333 3963 457 4027 constat,
481 3957 582 4028 dogma
599 3957 776 4014 Pontificium
798 3960 833 4015 de
854 3960 1015 4032 purgatorio
1040 3959 1118 4014 libris
1136 3960 1279 4031 explorato
1295 3960 1434 4015 canonicis
1453 3965 1482 4015 et
1499 3958 1646 4016 historicae
1662 3960 1772 4016 veritati
1791 3979 1872 4034 repu-

180 4045 263 4100 meris
280 4060 314 4099 ac
331 4044 473 4114 perpetuis
490 4044 755 4100 contradictionibus
776 4062 836 4102 esse
850 4047 1014 4102 involutum.
1040 4046 1163 4117 gnantis.
1205 4046 1336 4103 Narratio
1359 4046 1395 4101 de
1412 4063 1491 4102 sacro
1515 4046 1579 4117 igne
1599 4050 1627 4101 et
1646 4062 1712 4100 arca
1729 4053 1758 4102 et
1778 4047 1870 4105 taber-

50 4136 120 4188 4111·
215 4135 275 4190 221.
308 4130 422 4198 Restat,
440 4133 474 4185 ut
489 4129 672 4186 fundamenta
687 4132 842 4204 purgatorii
859 4133 1013 4190 rideamus.
1039 4132 1140 4186 nacula
1158 4139 1187 4186 et
1204 4132 1284 4186 altari
1303 4132 1332 4186 in
1351 4136 1444 4188 monte
1461 4132 1581 4203 quodam
1599 4147 1618 4186 a
1634 4132 1758 4186 leremia
1774 4133 1872 4203 positis

51 4195 144 4281 iffi.
179 4214 365 4272 Bellarminus
393 4216 410 4272 1
439 4223 460 4273 1.
486 4217 521 4273 de
546 4235 628 4289 purg.
655 4234 680 4274 c.
705 4222 730 4274 3.
759 4218 882 4290 quinque
910 4236 1015 4289 genera
1040 4223 1068 4271 et
1085 4216 1255 4272 absconditis
1273 4233 1332 4287 cap.
1352 4222 1383 4285 2,
1401 4233 1428 4271 r.
1446 4221 1471 4273 1.
1487 4233 1543 4271 non
1562 4216 1691 4281 convenit
1706 4234 1771 4272 cum
1789 4217 1872 4274 bisto-

51 4292 155 4393 gss‘ffi,
180 4310 407 4374 argnmeutorum
424 4303 521 4372 affert,
553 4307 576 4359 1.
599 4303 762 4372 Scripturas
789 4305 817 4357 V.
839 4305 1014 4361 1128111·-
1038 4303 1081 4357 ria
1104 4303 1132 4357 in
1158 4302 1296 4357 canonicis
1323 4301 1401 4357 libris
1421 4307 1564 4360 annotata.
1611 4301 1671 4358 Aut
1700 4303 1773 4358 enim
1804 4304 1873 4361 baec

50 4395 154 4436 sarissas
177 4396 282 4459 ptaras
305 4390 342 4442 N.
368 4390 401 4443 Τ.
424 4392 452 4446 3.
480 4389 617 4455 comedia,
647 4393 805 4459 4.ρα1111,
833 4395 858 4447 5.
883 4392 1014 4447 rationes.
1038 4389 1227 4460 contigerunt,
1247 4394 1398 4458 autequam
1416 4386 1484 4442 urbs
1511 4403 1530 4442 a
1550 4387 1698 4445 Chaldaeis
1717 4396 1872 4460 caperetur,

49 4455 132 4538 iiii(
184 4478 207 4530 1.
220 4472 262 4527 Ex
274 4472 308 4529 V.
321 4473 354 4531 T.
370 4473 459 4545 primo
470 4475 532 4530 loco
546 4475 662 4530 adducit
678 4475 1014 4536 11111111121111112,
1040 4474 1114 4546 quod
1131 4473 1191 4529 fieri
1208 4489 1264 4528 non
1283 4473 1382 4544 potuit,
1401 4472 1469 4546 quia
1485 4472 1621 4529 ieremias
1640 4474 1695 4530 fuit
1711 4475 1740 4530 in
1759 4491 1871 4531 carcere

51 4546 117 4642 i?
125 4548 155 4640 svs
181 4557 230 4613 ubi
250 4567 431 4631 posteaquam
445 4560 592 4630 Scriptura
607 4562 745 4628 narravit,
764 4563 874 4616 Judam
892 4561 1016 4618 Macra·
1040 4560 1183 4630 usquead
1201 4558 1279 4613 urbis
1298 4558 1444 4624 excidium,
1461 4558 1565 4614 ierem.
1585 4566 1627 4624 ³7,
1645 4578 1673 4615 v.
1697 4567 1735 4618 18.
1753 4577 1814 4633 cap.
1831 4567 1872 4627 18,

49 4627 157 4692 a'sr'sss.
182 4644 280 4698 basam
300 4645 408 4699 misim
427 4645 458 4699 im
476 4646 640 4701 erssalsm
658 4650 694 4702 12
705 4646 798 4702 miliia
816 4649 1016 4704 drachmarum
1040 4663 1065 4702 v.
1090 4651 1131 4703 28.
1156 4652 1205 4700 aut
1229 4645 1419 4717 contigerunt,
1447 4651 1595 4717 postquam
1623 4652 1707 4717 capta
1737 4653 1780 4702 est
1796 4647 1872 4716 urbs,

50 4699 83 4794 ’.ζ’
90 4708 170 4794 ffissi'
183 4730 297 4801 arpenti
316 4731 347 4783 in
364 4732 508 4797 sacrificia
521 4750 581 4802 pro
598 4733 717 4787 mortuis
733 4736 932 4803 expendenda,
951 4735 1015 4790 sub·
1041 4732 1116 4804 quod
1134 4732 1279 4800 commode
1305 4730 1359 4786 dici
1383 4729 1495 4802 nequit,
1526 4731 1592 4800 quia
1617 4732 1756 4789 Chaldaei
1778 4734 1874 4788 omnia

40 4805 153 4905 ,ἓξὲξ
177 4815 290 4890 jungit:
310 4816 418 4871 Sancta
436 4825 462 4870 st
482 4818 608 4872 salubris
632 4827 672 4873 est
689 4819 822 4888 capitatio
836 4837 893 4890 pro
914 4822 1015 4886 derisn-
1040 4836 1110 4872 rasa
1128 4818 1225 4887 templi
1244 4816 1418 4887 diripuerunt
1437 4820 1460 4872 2.
1481 4815 1551 4886 Reg.
1572 4822 1614 4888 25,
1632 4836 1657 4873 v.
1679 4823 1718 4875 13.
1736 4824 1761 4875 2.
1779 4818 1872 4874 Paral.

50 4910 96 4949 sss.
186 4903 240 4957 etis
259 4918 352 4965 orara,
371 4910 433 4955 ata
448 4904 573 4972 peccatis
591 4904 748 4962 solvantur.
779 4904 822 4959 Ex
839 4922 895 4976 quo
909 4905 1017 4977 colligit
1041 4907 1083 4972 16,
1104 4920 1129 4957 v.
1151 4909 1190 4958 111.
1206 4902 1309 4960 ierem.
1327 4907 1368 4972 52,
1388 4919 1414 4955 v.
1436 4907 1476 4958 t'l.
1515 4902 1664 4960 Praeterea
1681 4904 1711 4958 in
1729 4904 1872 4975 sodet,

185 4986 381 5054 Bellarminus,
403 4993 425 5045 1.
438 5004 525 5058 posse
542 4997 666 5043 mortam
684 5007 704 5043 a
717 4991 843 5060 peccatis
857 4999 925 5060 post
942 4992 1015 5046 hanc
1040 5006 1066 5044 v.
1086 4995 1112 5047 8.
1130 4989 1209 5044 addit
1227 4995 1335 5056 auctor,
1362 4991 1438 5059 qaod
1460 4990 1602 5045 Jersmias
1621 4988 1814 5060 promiseris,
1843 4993 1873 5045 in

180 5075 267 5128 eitam
284 5074 366 5143 salai,
383 5081 410 5128 st
424 5075 548 5144 proinde
558 5091 616 5129 esse
629 5077 844 5145 parpatorirsm5
859 5078 886 5130 2.
906 5078 1015 5144 sacrifi·
1040 5076 1256 5145 concrepatione
1274 5075 1380 5145 papali
1402 5091 1437 5130 aa
1453 5075 1554 5130 iterum
1572 5092 1631 5130 csse
1651 5075 1872 5142 manifestanda,

180 5159 431 5215 decimationes
448 5161 574 5215 cisaram
583 5162 721 5230 prodesse
735 5163 894 5232 deficerem,-
911 5166 939 5217 3.
958 5181 1015 5218 non
1039 5168 1070 5217 at
1088 5168 1152 5234 post
1176 5161 1365 5233 captivitatem
1384 5160 1585 5231 Babylonicum
1603 5159 1708 5216 ludaei
1734 5161 1811 5218 illam
1829 5181 1871 5219 ar·

180 5244 294 5314 expiari
318 5261 428 5315 semper
458 5246 489 5299 in
520 5253 608 5301 morte
634 5263 728 5301 omnes
752 5255 931 5317 peccatoram
947 5249 1014 5303 reli·
1040 5264 1109 5315 cam,
1129 5247 1200 5302 illud
1213 5246 1433 5313 tabernaculum,
1450 5247 1519 5303 illud
1533 5246 1871 5317 altarenoninrenerunt‚

180 5330 278 5400 quiae,
303 5348 371 5384 nam
387 5331 449 5400 isti,
467 5348 526 5401 pro
546 5332 646 5401 quiem
664 5333 747 5387 orari
757 5334 885 5403 jussam,
911 5336 1017 5389 morlai
1040 5334 1267 5399 nechabuerunt,
1285 5331 1360 5404 quod
1374 5331 1486 5404 ipsimet
1497 5333 1588 5389 rabini
1600 5331 1730 5388 fatentur.
1757 5334 1871 5390 Kimehi

182 5423 265 5471 11111
282 5424 371 5472 morte
387 5418 509 5472 11111111
527 5425 554 5471 et
567 5435 625 5487 pro
642 5417 788 5486 relipione,
807 5427 833 5472 et
851 5425 944 5473 tamen
956 5437 1014 5474 cre·
1039 5422 1075 5477 ad
1093 5436 1154 5491 cap.
1177 5425 1198 5475 l.
1218 5419 1313 5490 Hagg.
1333 5418 1479 5474 Galaticus
1504 5420 1551 5477 lib.
1572 5423 1597 5473 4.
1621 5415 1657 5470 de
1674 5433 1767 5474 ercan.
1785 5435 1810 5477 c.
1831 5427 1870 5478 10,

183 5502 267 5560 debat
282 5503 391 5575 dadas,
408 5505 503 5560 adias
519 5503 587 5560 illos
605 5520 662 5560 nen
681 5519 741 5560 erse
754 5504 841 5576 plene
854 5513 1013 5579 parpatos,·
1039 5505 1157 5563 Drusius
1186 5504 1237 5560 lib.
1263 5512 1302 5561 11.
1330 5503 1466 5563 observat.
1500 5521 1524 5560 c.
1553 5508 1592 5559 tt.
1623 5517 1657 5557 ex
1685 5502 1870 5563 Massechath.
