<?xml version="1.0" encoding="UTF-8"?>
<!DOCTYPE html PUBLIC "-//W3C//DTD XHTML 1.0 Transitional//EN"
    "http://www.w3.org/TR/xhtml1/DTD/xhtml1-transitional.dtd">
<html xmlns="http://www.w3.org/1999/xhtml" xml:lang="en" lang="en">
 <head>
  <title>
</title>
<meta http-equiv="Content-Type" content="text/html;charset=utf-8" />
  <meta name='ocr-system' content='tesseract 3.04.00' />
  <meta name='ocr-capabilities' content='ocr_page ocr_carea ocr_par ocr_line ocrx_word'/>
</head>
<body>
  <div class='ocr_page' id='page_1' title='image "./locitheologicit00gerhgoog_0282.png"; bbox 0 0 4104 6014; ppageno 0'>
   <div class='ocr_carea' id='block_1_1' title="bbox 896 238 1851 310">
    <p class='ocr_par' dir='ltr' id='par_1_1' title="bbox 896 238 1851 310">
     <span class='ocr_line' id='line_1_1' title="bbox 896 238 1851 310; baseline 0.001 -15"><span class='ocrx_word' id='word_1_1' title='bbox 896 239 950 296; x_wconf 79' lang='lat' dir='ltr'><strong>DE</strong></span> <span class='ocrx_word' id='word_1_2' title='bbox 974 238 1116 297; x_wconf 82' lang='lat' dir='ltr'><strong>MORTE.</strong></span> <span class='ocrx_word' id='word_1_3' title='bbox 1792 251 1851 310; x_wconf 81' lang='lat'><strong>271</strong></span> 
     </span>
    </p>
   </div>
   <div class='ocr_carea' id='block_1_2' title="bbox 10 394 1855 657">
    <p class='ocr_par' dir='ltr' id='par_1_2' title="bbox 10 394 1855 657">
     <span class='ocr_line' id='line_1_2' title="bbox 10 394 1855 491; baseline 0.001 -41"><span class='ocrx_word' id='word_1_4' title='bbox 10 397 143 491; x_wconf 41' lang='lat' dir='ltr'><strong>&amp;Pe-¹33</strong></span> <span class='ocrx_word' id='word_1_5' title='bbox 156 396 380 468; x_wconf 76' lang='lat' dir='ltr'><strong>Respondemus:</strong></span> <span class='ocrx_word' id='word_1_6' title='bbox 402 401 424 452; x_wconf 98' lang='grc'><strong>1.</strong></span> <span class='ocrx_word' id='word_1_7' title='bbox 444 396 552 451; x_wconf 86' lang='lat' dir='ltr'><strong>Psaltes</strong></span> <span class='ocrx_word' id='word_1_8' title='bbox 569 396 693 468; x_wconf 87' lang='lat' dir='ltr'><strong>loquitur</strong></span> <span class='ocrx_word' id='word_1_9' title='bbox 711 395 746 450; x_wconf 93' lang='lat' dir='ltr'><strong>de</strong></span> <span class='ocrx_word' id='word_1_10' title='bbox 764 396 867 450; x_wconf 87' lang='lat' dir='ltr'><strong>sanctis</strong></span> <span class='ocrx_word' id='word_1_11' title='bbox 887 395 916 449; x_wconf 92' lang='lat' dir='ltr'><strong>in</strong></span> <span class='ocrx_word' id='word_1_12' title='bbox 935 394 989 449; x_wconf 90' lang='lat' dir='ltr'><strong>hac</strong></span> <span class='ocrx_word' id='word_1_13' title='bbox 1002 394 1005 473; x_wconf 64' lang='grc' dir='ltr'>ξ</span> <span class='ocrx_word' id='word_1_14' title='bbox 1017 398 1069 449; x_wconf 80' lang='lat' dir='ltr'><strong>sest</strong></span> <span class='ocrx_word' id='word_1_15' title='bbox 1076 397 1244 465; x_wconf 81' lang='lat' dir='ltr'><strong>spiritualia</strong></span> <span class='ocrx_word' id='word_1_16' title='bbox 1249 398 1855 467; x_wconf 79' lang='lat' dir='ltr'><strong>potentiaDeoaddests-uetionsmmunitio·</strong></span> 
     </span>
     <span class='ocr_line' id='line_1_3' title="bbox 10 479 1854 555; baseline -0.004 -12"><span class='ocrx_word' id='word_1_17' title='bbox 10 479 114 543; x_wconf 64' lang='grc'><strong>1111111-</strong></span> <span class='ocrx_word' id='word_1_18' title='bbox 136 479 233 538; x_wconf 80' lang='grc'><strong>’11111</strong></span> <span class='ocrx_word' id='word_1_19' title='bbox 248 481 405 537; x_wconf 83' lang='lat' dir='ltr'><strong>viventibus</strong></span> <span class='ocrx_word' id='word_1_20' title='bbox 429 492 457 538; x_wconf 88' lang='lat' dir='ltr'><strong>et</strong></span> <span class='ocrx_word' id='word_1_21' title='bbox 481 499 544 537; x_wconf 87' lang='lat' dir='ltr'><strong>curn</strong></span> <span class='ocrx_word' id='word_1_22' title='bbox 566 485 697 552; x_wconf 85' lang='lat' dir='ltr'><strong>principe</strong></span> <span class='ocrx_word' id='word_1_23' title='bbox 725 482 809 552; x_wconf 77' lang='lat' dir='ltr'><strong>bojas</strong></span> <span class='ocrx_word' id='word_1_24' title='bbox 826 485 925 535; x_wconf 87' lang='lat' dir='ltr'><strong>mundi</strong></span> <span class='ocrx_word' id='word_1_25' title='bbox 942 482 1082 552; x_wconf 70' lang='lat' dir='ltr'><strong>perffnum</strong></span> <span class='ocrx_word' id='word_1_26' title='bbox 1100 490 1153 538; x_wconf 89' lang='lat' dir='ltr'><strong>etc.</strong></span> <span class='ocrx_word' id='word_1_27' title='bbox 1185 489 1208 537; x_wconf 90' lang='grc'><strong>2.</strong></span> <span class='ocrx_word' id='word_1_28' title='bbox 1222 481 1283 538; x_wconf 86' lang='lat' dir='ltr'><strong>Cor.</strong></span> <span class='ocrx_word' id='word_1_29' title='bbox 1303 489 1341 552; x_wconf 87' lang='lat' dir='ltr'><strong>to,</strong></span> <span class='ocrx_word' id='word_1_30' title='bbox 1355 501 1381 539; x_wconf 85' lang='lat' dir='ltr'><strong>v.</strong></span> <span class='ocrx_word' id='word_1_31' title='bbox 1395 490 1418 539; x_wconf 83' lang='grc'><strong>4.</strong></span> <span class='ocrx_word' id='word_1_32' title='bbox 1433 483 1671 555; x_wconf 87' lang='lat' dir='ltr'><strong>proindegladius</strong></span> <span class='ocrx_word' id='word_1_33' title='bbox 1687 484 1734 539; x_wconf 90' lang='lat' dir='ltr'><strong>ille</strong></span> <span class='ocrx_word' id='word_1_34' title='bbox 1751 498 1854 553; x_wconf 86' lang='lat' dir='ltr'><strong>anceps</strong></span> 
     </span>
     <span class='ocr_line' id='line_1_4' title="bbox 11 562 1855 657; baseline 0.001 -34"><span class='ocrx_word' id='word_1_35' title='bbox 11 562 143 656; x_wconf 47' lang='lat' dir='ltr'><strong>{¹2:3ssss</strong></span> <span class='ocrx_word' id='word_1_36' title='bbox 157 569 296 641; x_wconf 78' lang='lat' dir='ltr'><strong>evangelii</strong></span> <span class='ocrx_word' id='word_1_37' title='bbox 336 568 573 639; x_wconf 73' lang='lat' dir='ltr'>praedicationem</span> <span class='ocrx_word' id='word_1_38' title='bbox 612 568 807 639; x_wconf 81' lang='lat' dir='ltr'><strong>pugnantibus</strong></span> <span class='ocrx_word' id='word_1_39' title='bbox 862 568 1586 657; x_wconf 47' lang='grc'><strong>0111111111111111111111119111111111</strong></span> <span class='ocrx_word' id='word_1_40' title='bbox 1599 571 1728 640; x_wconf 88' lang='lat' dir='ltr'><strong>utrinque</strong></span> <span class='ocrx_word' id='word_1_41' title='bbox 1744 576 1855 625; x_wconf 86' lang='lat' dir='ltr'><strong>secante</strong></span> 
     </span>
    </p>
   </div>
   <div class='ocr_carea' id='block_1_3' title="bbox 10 652 1979 1511">
    <p class='ocr_par' dir='ltr' id='par_1_3' title="bbox 10 652 1979 1511">
     <span class='ocr_line' id='line_1_5' title="bbox 14 652 1855 727; baseline 0.003 -21"><span class='ocrx_word' id='word_1_42' title='bbox 14 668 94 706; x_wconf 69' lang='lat' dir='ltr'><strong>snper</strong></span> <span class='ocrx_word' id='word_1_43' title='bbox 159 655 211 710; x_wconf 93' lang='lat' dir='ltr'><strong>hoc</strong></span> <span class='ocrx_word' id='word_1_44' title='bbox 244 655 347 726; x_wconf 88' lang='lat' dir='ltr'><strong>accipit</strong></span> <span class='ocrx_word' id='word_1_45' title='bbox 377 655 412 708; x_wconf 89' lang='lat' dir='ltr'><strong>de</strong></span> <span class='ocrx_word' id='word_1_46' title='bbox 444 655 547 709; x_wconf 90' lang='lat' dir='ltr'><strong>sanctis</strong></span> <span class='ocrx_word' id='word_1_47' title='bbox 577 654 716 709; x_wconf 87' lang='lat' dir='ltr'><strong>defunctis</strong></span> <span class='ocrx_word' id='word_1_48' title='bbox 749 671 812 708; x_wconf 87' lang='lat' dir='ltr'><strong>eum</strong></span> <span class='ocrx_word' id='word_1_49' title='bbox 829 653 938 708; x_wconf 90' lang='lat' dir='ltr'><strong>Christo</strong></span> <span class='ocrx_word' id='word_1_50' title='bbox 963 652 1168 722; x_wconf 55' lang='grc'><strong>1111111111,</strong></span> <span class='ocrx_word' id='word_1_51' title='bbox 1192 672 1218 710; x_wconf 88' lang='lat' dir='ltr'><strong>v.</strong></span> <span class='ocrx_word' id='word_1_52' title='bbox 1242 661 1281 709; x_wconf 83' lang='lat' dir='ltr'><strong>l&#39;l.</strong></span> <span class='ocrx_word' id='word_1_53' title='bbox 1304 655 1390 710; x_wconf 91' lang='lat' dir='ltr'><strong>Hebr.</strong></span> <span class='ocrx_word' id='word_1_54' title='bbox 1413 662 1443 716; x_wconf 91' lang='grc'><strong>4,</strong></span> <span class='ocrx_word' id='word_1_55' title='bbox 1475 673 1501 709; x_wconf 82' lang='lat' dir='ltr'><strong>v.</strong></span> <span class='ocrx_word' id='word_1_56' title='bbox 1524 662 1563 712; x_wconf 93' lang='grc'><strong>12.</strong></span> <span class='ocrx_word' id='word_1_57' title='bbox 1589 674 1644 727; x_wconf 92' lang='lat' dir='ltr'><strong>quo</strong></span> <span class='ocrx_word' id='word_1_58' title='bbox 1671 657 1699 709; x_wconf 92' lang='lat' dir='ltr'><strong>in</strong></span> <span class='ocrx_word' id='word_1_59' title='bbox 1725 656 1778 711; x_wconf 91' lang='lat' dir='ltr'><strong>hac</strong></span> <span class='ocrx_word' id='word_1_60' title='bbox 1796 656 1855 711; x_wconf 82' lang='lat' dir='ltr'><strong>sita</strong></span> 
     </span>
     <span class='ocr_line' id='line_1_6' title="bbox 11 719 1855 837; baseline -0.002 -36"><span class='ocrx_word' id='word_1_61' title='bbox 11 719 120 801; x_wconf 55' lang='lat' dir='ltr'><strong>ism</strong></span> <span class='ocrx_word' id='word_1_62' title='bbox 159 741 237 797; x_wconf 87' lang='lat' dir='ltr'><strong>coelo</strong></span> <span class='ocrx_word' id='word_1_63' title='bbox 264 739 509 811; x_wconf 69' lang='lat' dir='ltr'><strong>triumphantibus.</strong></span> <span class='ocrx_word' id='word_1_64' title='bbox 562 747 586 796; x_wconf 92' lang='grc'><strong>2.</strong></span> <span class='ocrx_word' id='word_1_65' title='bbox 617 740 725 795; x_wconf 84' lang='grc' dir='ltr'><strong>Ρ111111</strong></span> <span class='ocrx_word' id='word_1_66' title='bbox 762 740 928 796; x_wconf 79' lang='lat' dir='ltr'><strong>vaticinatur</strong></span> <span class='ocrx_word' id='word_1_67' title='bbox 958 737 1113 837; x_wconf 34' lang='lat' dir='ltr'><strong>delfideiss</strong></span> <span class='ocrx_word' id='word_1_68' title='bbox 1148 740 1226 795; x_wconf 81' lang='lat' dir='ltr'><strong>serbi</strong></span> <span class='ocrx_word' id='word_1_69' title='bbox 1258 757 1408 809; x_wconf 79' lang='lat' dir='ltr'><strong>praecones</strong></span> <span class='ocrx_word' id='word_1_70' title='bbox 1440 742 1573 797; x_wconf 84' lang='lat' dir='ltr'><strong>adversus</strong></span> <span class='ocrx_word' id='word_1_71' title='bbox 1599 743 1691 798; x_wconf 90' lang='lat' dir='ltr'><strong>hostes</strong></span> <span class='ocrx_word' id='word_1_72' title='bbox 1722 742 1855 798; x_wconf 85' lang='lat' dir='ltr'><strong>ecclesiae</strong></span> 
     </span>
     <span class='ocr_line' id='line_1_7' title="bbox 157 826 1855 911; baseline 0.002 -29"><span class='ocrx_word' id='word_1_73' title='bbox 157 827 291 898; x_wconf 87' lang='lat' dir='ltr'><strong>apostolis</strong></span> <span class='ocrx_word' id='word_1_74' title='bbox 309 843 359 897; x_wconf 87' lang='lat' dir='ltr'><strong>per</strong></span> <span class='ocrx_word' id='word_1_75' title='bbox 385 826 523 897; x_wconf 87' lang='lat' dir='ltr'><strong>evangelii</strong></span> <span class='ocrx_word' id='word_1_76' title='bbox 551 827 784 897; x_wconf 80' lang='lat' dir='ltr'><strong>praedicationem</strong></span> <span class='ocrx_word' id='word_1_77' title='bbox 805 827 1153 911; x_wconf 59' lang='grc'><strong>113111111111131111.</strong></span> <span class='ocrx_word' id='word_1_78' title='bbox 1189 827 1348 891; x_wconf 70' lang='lat' dir='ltr'><strong>adsidam</strong></span> <span class='ocrx_word' id='word_1_79' title='bbox 1364 827 1502 883; x_wconf 89' lang='lat' dir='ltr'><strong>Pontificii</strong></span> <span class='ocrx_word' id='word_1_80' title='bbox 1522 847 1554 884; x_wconf 83' lang='lat' dir='ltr'><strong>ex</strong></span> <span class='ocrx_word' id='word_1_81' title='bbox 1573 828 1624 882; x_wconf 95' lang='lat' dir='ltr'><strong>hoc</strong></span> <span class='ocrx_word' id='word_1_82' title='bbox 1642 829 1718 882; x_wconf 90' lang='lat' dir='ltr'><strong>dicto</strong></span> <span class='ocrx_word' id='word_1_83' title='bbox 1736 830 1855 900; x_wconf 84' lang='lat' dir='ltr'><strong>probare</strong></span> 
     </span>
     <span class='ocr_line' id='line_1_8' title="bbox 157 910 1852 984; baseline 0.002 -18"><span class='ocrx_word' id='word_1_84' title='bbox 157 913 255 967; x_wconf 90' lang='lat' dir='ltr'><strong>mundi</strong></span> <span class='ocrx_word' id='word_1_85' title='bbox 280 912 390 968; x_wconf 88' lang='lat' dir='ltr'><strong>Christo</strong></span> <span class='ocrx_word' id='word_1_86' title='bbox 414 911 596 982; x_wconf 86' lang='lat' dir='ltr'><strong>subjecturis,</strong></span> <span class='ocrx_word' id='word_1_87' title='bbox 628 918 659 965; x_wconf 95' lang='lat' dir='ltr'><strong>ut</strong></span> <span class='ocrx_word' id='word_1_88' title='bbox 686 912 827 982; x_wconf 87' lang='lat' dir='ltr'><strong>colligitur</strong></span> <span class='ocrx_word' id='word_1_89' title='bbox 850 928 884 966; x_wconf 85' lang='lat' dir='ltr'><strong>ex</strong></span> <span class='ocrx_word' id='word_1_90' title='bbox 910 910 1167 975; x_wconf 70' lang='lat' dir='ltr'><strong>similtconsntur,</strong></span> <span class='ocrx_word' id='word_1_91' title='bbox 1219 914 1373 968; x_wconf 90' lang='lat' dir='ltr'><strong>haereticos</strong></span> <span class='ocrx_word' id='word_1_92' title='bbox 1428 915 1563 984; x_wconf 89' lang='lat' dir='ltr'><strong>corporali</strong></span> <span class='ocrx_word' id='word_1_93' title='bbox 1608 914 1746 984; x_wconf 91' lang='lat' dir='ltr'><strong>supplicio</strong></span> <span class='ocrx_word' id='word_1_94' title='bbox 1792 931 1852 970; x_wconf 89' lang='lat' dir='ltr'><strong>esse</strong></span> 
     </span>
     <span class='ocr_line' id='line_1_9' title="bbox 10 966 1852 1071; baseline 0 -18"><span class='ocrx_word' id='word_1_95' title='bbox 10 999 290 1053; x_wconf 68' lang='lat' dir='ltr'><strong>cursitantibus</strong></span> <span class='ocrx_word' id='word_1_96' title='bbox 309 998 412 1056; x_wconf 88' lang='lat' dir='ltr'><strong>Psalm.</strong></span> <span class='ocrx_word' id='word_1_97' title='bbox 432 1003 479 1065; x_wconf 85' lang='grc'><strong>68,</strong></span> <span class='ocrx_word' id='word_1_98' title='bbox 505 1015 531 1051; x_wconf 84' lang='grc'><strong>1.</strong></span> <span class='ocrx_word' id='word_1_99' title='bbox 552 1003 597 1052; x_wconf 84' lang='lat' dir='ltr'><strong>ta:</strong></span> <span class='ocrx_word' id='word_1_100' title='bbox 617 999 757 1050; x_wconf 86' lang='lat' dir='ltr'><strong>Dominus</strong></span> <span class='ocrx_word' id='word_1_101' title='bbox 776 998 855 1051; x_wconf 86' lang='lat' dir='ltr'><strong>dubit</strong></span> <span class='ocrx_word' id='word_1_102' title='bbox 869 966 1193 1066; x_wconf 57' lang='lat' dir='ltr'><strong>verbumiatiiciendos,</strong></span> <span class='ocrx_word' id='word_1_103' title='bbox 1230 1007 1459 1069; x_wconf 80' lang='lat' dir='ltr'><strong>praesupponunt</strong></span> <span class='ocrx_word' id='word_1_104' title='bbox 1494 1001 1594 1071; x_wconf 86' lang='lat' dir='ltr'><strong>igitur,</strong></span> <span class='ocrx_word' id='word_1_105' title='bbox 1626 1001 1662 1055; x_wconf 91' lang='lat' dir='ltr'><strong>dc</strong></span> <span class='ocrx_word' id='word_1_106' title='bbox 1690 1001 1793 1055; x_wconf 88' lang='lat' dir='ltr'><strong>sanctis</strong></span> <span class='ocrx_word' id='word_1_107' title='bbox 1823 1000 1852 1054; x_wconf 96' lang='lat' dir='ltr'><strong>in</strong></span> 
     </span>
     <span class='ocr_line' id='line_1_10' title="bbox 155 1083 1853 1154; baseline 0.001 -16"><span class='ocrx_word' id='word_1_108' title='bbox 155 1085 343 1154; x_wconf 79' lang='lat' dir='ltr'><strong>eoanpeiirtas</strong></span> <span class='ocrx_word' id='word_1_109' title='bbox 372 1101 474 1152; x_wconf 77' lang='lat' dir='ltr'><strong>mopso</strong></span> <span class='ocrx_word' id='word_1_110' title='bbox 501 1084 633 1146; x_wconf 75' lang='lat' dir='ltr'><strong>merciis,</strong></span> <span class='ocrx_word' id='word_1_111' title='bbox 658 1101 683 1138; x_wconf 86' lang='lat' dir='ltr'><strong>v.</strong></span> <span class='ocrx_word' id='word_1_112' title='bbox 713 1089 753 1140; x_wconf 92' lang='grc'><strong>13.</strong></span> <span class='ocrx_word' id='word_1_113' title='bbox 781 1101 861 1152; x_wconf 80' lang='lat' dir='ltr'><strong>repes</strong></span> <span class='ocrx_word' id='word_1_114' title='bbox 886 1085 991 1137; x_wconf 80' lang='lat' dir='ltr'><strong>enerci-</strong></span> <span class='ocrx_word' id='word_1_115' title='bbox 1004 1118 1005 1153; x_wconf 75' lang='lat'>3</span> <span class='ocrx_word' id='word_1_116' title='bbox 1018 1083 1097 1136; x_wconf 90' lang='lat' dir='ltr'><strong>terris</strong></span> <span class='ocrx_word' id='word_1_117' title='bbox 1118 1083 1225 1146; x_wconf 35' lang='lat' dir='ltr'><strong>⁸adhuc</strong></span> <span class='ocrx_word' id='word_1_118' title='bbox 1262 1084 1418 1138; x_wconf 89' lang='lat' dir='ltr'><strong>viventibus</strong></span> <span class='ocrx_word' id='word_1_119' title='bbox 1450 1103 1510 1140; x_wconf 90' lang='lat' dir='ltr'><strong>csse</strong></span> <span class='ocrx_word' id='word_1_120' title='bbox 1537 1103 1697 1141; x_wconf 90' lang='lat' dir='ltr'><strong>sermonem.</strong></span> <span class='ocrx_word' id='word_1_121' title='bbox 1751 1086 1853 1141; x_wconf 84' lang='lat' dir='ltr'><strong>Confer</strong></span> 
     </span>
     <span class='ocr_line' id='line_1_11' title="bbox 156 1167 1851 1244; baseline 0.001 -20"><span class='ocrx_word' id='word_1_122' title='bbox 156 1179 234 1224; x_wconf 86' lang='lat' dir='ltr'><strong>tuum</strong></span> <span class='ocrx_word' id='word_1_123' title='bbox 266 1171 439 1224; x_wconf 84' lang='lat' dir='ltr'><strong>oebsmenter</strong></span> <span class='ocrx_word' id='word_1_124' title='bbox 470 1170 608 1238; x_wconf 80' lang='lat' dir='ltr'><strong>cliiipunt,</strong></span> <span class='ocrx_word' id='word_1_125' title='bbox 637 1171 721 1222; x_wconf 83' lang='lat' dir='ltr'><strong>decus</strong></span> <span class='ocrx_word' id='word_1_126' title='bbox 751 1172 851 1224; x_wconf 84' lang='lat' dir='ltr'><strong>domus</strong></span> <span class='ocrx_word' id='word_1_127' title='bbox 883 1170 1089 1238; x_wconf 74' lang='lat' dir='ltr'><strong>dividesquss</strong></span> <span class='ocrx_word' id='word_1_128' title='bbox 1105 1169 1142 1224; x_wconf 89' lang='lat' dir='ltr'><strong>ds</strong></span> <span class='ocrx_word' id='word_1_129' title='bbox 1167 1167 1221 1224; x_wconf 94' lang='lat' dir='ltr'><strong>hoc</strong></span> <span class='ocrx_word' id='word_1_130' title='bbox 1251 1169 1311 1224; x_wconf 92' lang='lat' dir='ltr'><strong>loco</strong></span> <span class='ocrx_word' id='word_1_131' title='bbox 1330 1170 1406 1226; x_wconf 89' lang='lat' dir='ltr'><strong>dicta</strong></span> <span class='ocrx_word' id='word_1_132' title='bbox 1434 1173 1549 1227; x_wconf 92' lang='lat' dir='ltr'><strong>suntin</strong></span> <span class='ocrx_word' id='word_1_133' title='bbox 1575 1179 1653 1228; x_wconf 85' lang='lat' dir='ltr'><strong>tract</strong></span> <span class='ocrx_word' id='word_1_134' title='bbox 1673 1173 1708 1228; x_wconf 93' lang='lat' dir='ltr'><strong>de</strong></span> <span class='ocrx_word' id='word_1_135' title='bbox 1727 1173 1851 1244; x_wconf 83' lang='lat' dir='ltr'><strong>magistr.</strong></span> 
     </span>
     <span class='ocr_line' id='line_1_12' title="bbox 154 1251 1218 1328; baseline -0.001 -19"><span class='ocrx_word' id='word_1_136' title='bbox 154 1257 264 1327; x_wconf 83' lang='lat' dir='ltr'><strong>spolia,</strong></span> <span class='ocrx_word' id='word_1_137' title='bbox 293 1256 344 1311; x_wconf 91' lang='lat' dir='ltr'><strong>uhi</strong></span> <span class='ocrx_word' id='word_1_138' title='bbox 363 1254 483 1326; x_wconf 90' lang='lat' dir='ltr'><strong>apostoli</strong></span> <span class='ocrx_word' id='word_1_139' title='bbox 508 1260 645 1309; x_wconf 82' lang='lat' dir='ltr'><strong>vocantur</strong></span> <span class='ocrx_word' id='word_1_140' title='bbox 670 1271 751 1322; x_wconf 77' lang='lat' dir='ltr'><strong>repes</strong></span> <span class='ocrx_word' id='word_1_141' title='bbox 772 1263 886 1325; x_wconf 90' lang='lat' dir='ltr'><strong>propter</strong></span> <span class='ocrx_word' id='word_1_142' title='bbox 903 1252 990 1309; x_wconf 83' lang='lat' dir='ltr'><strong>excel·</strong></span> <span class='ocrx_word' id='word_1_143' title='bbox 1002 1251 1005 1297; x_wconf 82' lang='lat' dir='ltr'><strong>l</strong></span> <span class='ocrx_word' id='word_1_144' title='bbox 1017 1253 1095 1322; x_wconf 89' lang='lat' dir='ltr'><strong>polit.</strong></span> <span class='ocrx_word' id='word_1_145' title='bbox 1113 1251 1140 1328; x_wconf 65' lang='grc' dir='ltr'><strong>ξ.</strong></span> <span class='ocrx_word' id='word_1_146' title='bbox 1160 1260 1218 1310; x_wconf 79' lang='grc'><strong>352.</strong></span> 
     </span>
     <span class='ocr_line' id='line_1_13' title="bbox 154 1339 1979 1413; baseline 0.002 -16"><span class='ocrx_word' id='word_1_147' title='bbox 154 1343 268 1398; x_wconf 80' lang='lat' dir='ltr'><strong>lentiam</strong></span> <span class='ocrx_word' id='word_1_148' title='bbox 281 1341 433 1413; x_wconf 86' lang='lat' dir='ltr'><strong>spiritualis</strong></span> <span class='ocrx_word' id='word_1_149' title='bbox 444 1339 537 1408; x_wconf 82' lang='lat' dir='ltr'><strong>oflicii,</strong></span> <span class='ocrx_word' id='word_1_150' title='bbox 558 1341 632 1412; x_wconf 92' lang='lat' dir='ltr'><strong>quod</strong></span> <span class='ocrx_word' id='word_1_151' title='bbox 644 1340 746 1395; x_wconf 86' lang='lat' dir='ltr'><strong>Christi</strong></span> <span class='ocrx_word' id='word_1_152' title='bbox 758 1343 868 1396; x_wconf 92' lang='lat' dir='ltr'><strong>nomine</strong></span> <span class='ocrx_word' id='word_1_153' title='bbox 881 1349 990 1412; x_wconf 88' lang='lat' dir='ltr'><strong>gerunt.</strong></span> <span class='ocrx_word' id='word_1_154' title='bbox 1053 1346 1111 1397; x_wconf 77' lang='grc'><strong>351.</strong></span> <span class='ocrx_word' id='word_1_155' title='bbox 1156 1345 1180 1396; x_wconf 88' lang='grc'><strong>3.</strong></span> <span class='ocrx_word' id='word_1_156' title='bbox 1209 1341 1309 1396; x_wconf 73' lang='lat' dir='ltr'><strong>Manu,</strong></span> <span class='ocrx_word' id='word_1_157' title='bbox 1339 1349 1386 1406; x_wconf 83' lang='grc'><strong>21,</strong></span> <span class='ocrx_word' id='word_1_158' title='bbox 1415 1360 1440 1396; x_wconf 82' lang='grc'><strong>1.</strong></span> <span class='ocrx_word' id='word_1_159' title='bbox 1465 1348 1512 1398; x_wconf 68' lang='grc'><strong>461</strong></span> <span class='ocrx_word' id='word_1_160' title='bbox 1542 1344 1649 1396; x_wconf 83' lang='lat' dir='ltr'><strong>Beatus</strong></span> <span class='ocrx_word' id='word_1_161' title='bbox 1673 1344 1723 1398; x_wconf 80' lang='lat' dir='ltr'><strong>ills</strong></span> <span class='ocrx_word' id='word_1_162' title='bbox 1749 1357 1884 1408; x_wconf 65' lang='lat' dir='ltr'><strong>serenas</strong></span> <span class='ocrx_word' id='word_1_163' title='bbox 1899 1359 1979 1401; x_wconf 75' lang='grc'><strong>11111.</strong></span> 
     </span>
     <span class='ocr_line' id='line_1_14' title="bbox 154 1409 1978 1511; baseline 0.002 -30"><span class='ocrx_word' id='word_1_164' title='bbox 154 1447 181 1484; x_wconf 84' lang='lat' dir='ltr'><strong>v.</strong></span> <span class='ocrx_word' id='word_1_165' title='bbox 199 1433 242 1484; x_wconf 86' lang='grc'><strong>28.</strong></span> <span class='ocrx_word' id='word_1_166' title='bbox 262 1429 291 1481; x_wconf 82' lang='lat' dir='ltr'><strong>ia</strong></span> <span class='ocrx_word' id='word_1_167' title='bbox 312 1428 463 1497; x_wconf 86' lang='lat' dir='ltr'><strong>Benjamin</strong></span> <span class='ocrx_word' id='word_1_168' title='bbox 489 1427 718 1480; x_wconf 85' lang='lat' dir='ltr'><strong>adolescentulus</strong></span> <span class='ocrx_word' id='word_1_169' title='bbox 743 1427 857 1487; x_wconf 83' lang='lat' dir='ltr'><strong>[Paulus</strong></span> <span class='ocrx_word' id='word_1_170' title='bbox 883 1435 991 1496; x_wconf 86' lang='lat' dir='ltr'><strong>aposto·</strong></span> <span class='ocrx_word' id='word_1_171' title='bbox 1018 1409 1978 1511; x_wconf 51' lang='grc' dir='ltr'><strong>(1111111,111111111111111111111,11111111111111111111111.’ἔμ’ρζ,ωε</strong></span> 
     </span>
    </p>
   </div>
   <div class='ocr_carea' id='block_1_4' title="bbox 156 1513 1943 1606">
    <p class='ocr_par' dir='ltr' id='par_1_4' title="bbox 156 1513 1943 1606">
     <span class='ocr_line' id='line_1_15' title="bbox 156 1513 1943 1606; baseline 0.001 -38"><span class='ocrx_word' id='word_1_172' title='bbox 156 1515 199 1568; x_wconf 88' lang='lat' dir='ltr'><strong>lus</strong></span> <span class='ocrx_word' id='word_1_173' title='bbox 230 1531 263 1568; x_wconf 82' lang='lat' dir='ltr'><strong>ex</strong></span> <span class='ocrx_word' id='word_1_174' title='bbox 289 1513 364 1568; x_wconf 89' lang='lat' dir='ltr'><strong>tribu</strong></span> <span class='ocrx_word' id='word_1_175' title='bbox 383 1513 529 1582; x_wconf 90' lang='lat' dir='ltr'><strong>Benjamin</strong></span> <span class='ocrx_word' id='word_1_176' title='bbox 556 1513 709 1580; x_wconf 79' lang='lat' dir='ltr'><strong>oriundus),</strong></span> <span class='ocrx_word' id='word_1_177' title='bbox 734 1514 879 1585; x_wconf 76' lang='lat' dir='ltr'><strong>principes</strong></span> <span class='ocrx_word' id='word_1_178' title='bbox 908 1514 991 1566; x_wconf 82' lang='lat' dir='ltr'><strong>Juda</strong></span> <span class='ocrx_word' id='word_1_179' title='bbox 1018 1530 1044 1568; x_wconf 87' lang='lat' dir='ltr'><strong>v.</strong></span> <span class='ocrx_word' id='word_1_180' title='bbox 1070 1521 1112 1568; x_wconf 80' lang='lat' dir='ltr'><strong>ll.</strong></span> <span class='ocrx_word' id='word_1_181' title='bbox 1143 1515 1231 1567; x_wconf 81' lang='lat' dir='ltr'><strong>Amen</strong></span> <span class='ocrx_word' id='word_1_182' title='bbox 1261 1515 1325 1567; x_wconf 80' lang='lat' dir='ltr'><strong>dico</strong></span> <span class='ocrx_word' id='word_1_183' title='bbox 1350 1515 1440 1582; x_wconf 85' lang='lat' dir='ltr'><strong>uobis,</strong></span> <span class='ocrx_word' id='word_1_184' title='bbox 1468 1534 1553 1586; x_wconf 83' lang='lat' dir='ltr'><strong>super</strong></span> <span class='ocrx_word' id='word_1_185' title='bbox 1580 1517 1675 1570; x_wconf 86' lang='lat' dir='ltr'><strong>amnia</strong></span> <span class='ocrx_word' id='word_1_186' title='bbox 1700 1517 1772 1570; x_wconf 86' lang='lat' dir='ltr'><strong>bona</strong></span> <span class='ocrx_word' id='word_1_187' title='bbox 1798 1534 1852 1570; x_wconf 82' lang='lat' dir='ltr'><strong>sua</strong></span> <span class='ocrx_word' id='word_1_188' title='bbox 1864 1517 1943 1606; x_wconf 41' lang='lat' dir='ltr'><strong>gatti·</strong></span> 
     </span>
    </p>
   </div>
   <div class='ocr_carea' id='block_1_5' title="bbox 23 1598 1989 5468">
    <p class='ocr_par' dir='ltr' id='par_1_5' title="bbox 23 1598 1989 5468">
     <span class='ocr_line' id='line_1_16' title="bbox 156 1598 1948 1670; baseline 0.003 -17"><span class='ocrx_word' id='word_1_189' title='bbox 156 1617 221 1653; x_wconf 86' lang='lat' dir='ltr'><strong>eum</strong></span> <span class='ocrx_word' id='word_1_190' title='bbox 240 1607 320 1653; x_wconf 87' lang='lat' dir='ltr'><strong>coetu</strong></span> <span class='ocrx_word' id='word_1_191' title='bbox 335 1618 386 1653; x_wconf 84' lang='lat' dir='ltr'><strong>suo</strong></span> <span class='ocrx_word' id='word_1_192' title='bbox 398 1598 531 1667; x_wconf 78' lang='lat' dir='ltr'><strong>(Jaeohus</strong></span> <span class='ocrx_word' id='word_1_193' title='bbox 551 1604 579 1653; x_wconf 91' lang='lat' dir='ltr'><strong>ct</strong></span> <span class='ocrx_word' id='word_1_194' title='bbox 592 1599 735 1654; x_wconf 76' lang='lat' dir='ltr'><strong>iohannes</strong></span> <span class='ocrx_word' id='word_1_195' title='bbox 752 1598 870 1669; x_wconf 87' lang='lat' dir='ltr'><strong>apostoli</strong></span> <span class='ocrx_word' id='word_1_196' title='bbox 882 1598 991 1653; x_wconf 89' lang='lat' dir='ltr'><strong>Christo</strong></span> <span class='ocrx_word' id='word_1_197' title='bbox 1018 1601 1164 1653; x_wconf 87' lang='lat' dir='ltr'><strong>constituet</strong></span> <span class='ocrx_word' id='word_1_198' title='bbox 1190 1619 1259 1656; x_wconf 87' lang='lat' dir='ltr'><strong>eum.</strong></span> <span class='ocrx_word' id='word_1_199' title='bbox 1302 1601 1380 1668; x_wconf 82' lang='lat' dir='ltr'><strong>Erpa</strong></span> <span class='ocrx_word' id='word_1_200' title='bbox 1407 1602 1526 1670; x_wconf 85' lang='lat' dir='ltr'><strong>spiritus</strong></span> <span class='ocrx_word' id='word_1_201' title='bbox 1549 1603 1690 1657; x_wconf 84' lang='lat' dir='ltr'><strong>bominum</strong></span> <span class='ocrx_word' id='word_1_202' title='bbox 1708 1604 1851 1657; x_wconf 87' lang='lat' dir='ltr'><strong>beatorum</strong></span> <span class='ocrx_word' id='word_1_203' title='bbox 1864 1619 1948 1658; x_wconf 83' lang='lat' dir='ltr'><strong>sossu-</strong></span> 
     </span>
     <span class='ocr_line' id='line_1_17' title="bbox 155 1673 1983 1759; baseline 0.002 -18"><span class='ocrx_word' id='word_1_204' title='bbox 155 1703 189 1741; x_wconf 89' lang='lat' dir='ltr'><strong>ex</strong></span> <span class='ocrx_word' id='word_1_205' title='bbox 208 1685 284 1741; x_wconf 90' lang='lat' dir='ltr'><strong>trihu</strong></span> <span class='ocrx_word' id='word_1_206' title='bbox 299 1685 376 1740; x_wconf 79' lang='lat' dir='ltr'><strong>inda</strong></span> <span class='ocrx_word' id='word_1_207' title='bbox 391 1684 508 1740; x_wconf 84' lang='lat' dir='ltr'><strong>oriundo</strong></span> <span class='ocrx_word' id='word_1_208' title='bbox 527 1685 746 1756; x_wconf 83' lang='lat' dir='ltr'><strong>consanguinei),</strong></span> <span class='ocrx_word' id='word_1_209' title='bbox 766 1687 915 1753; x_wconf 82' lang='lat' dir='ltr'><strong>principes</strong></span> <span class='ocrx_word' id='word_1_210' title='bbox 934 1686 989 1737; x_wconf 88' lang='lat' dir='ltr'><strong>Za·</strong></span> <span class='ocrx_word' id='word_1_211' title='bbox 1017 1689 1116 1740; x_wconf 79' lang='lat' dir='ltr'><strong>sedent</strong></span> <span class='ocrx_word' id='word_1_212' title='bbox 1131 1688 1162 1739; x_wconf 86' lang='lat' dir='ltr'><strong>in</strong></span> <span class='ocrx_word' id='word_1_213' title='bbox 1182 1687 1280 1740; x_wconf 75' lang='lat' dir='ltr'><strong>throno</strong></span> <span class='ocrx_word' id='word_1_214' title='bbox 1307 1687 1425 1754; x_wconf 83' lang='lat' dir='ltr'><strong>Ciristi,</strong></span> <span class='ocrx_word' id='word_1_215' title='bbox 1455 1688 1507 1743; x_wconf 86' lang='lat' dir='ltr'><strong>boc</strong></span> <span class='ocrx_word' id='word_1_216' title='bbox 1531 1699 1571 1741; x_wconf 89' lang='lat' dir='ltr'><strong>est</strong></span> <span class='ocrx_word' id='word_1_217' title='bbox 1589 1708 1651 1742; x_wconf 87' lang='lat' dir='ltr'><strong>cum</strong></span> <span class='ocrx_word' id='word_1_218' title='bbox 1671 1690 1723 1744; x_wconf 86' lang='lat' dir='ltr'><strong>illo</strong></span> <span class='ocrx_word' id='word_1_219' title='bbox 1737 1673 1911 1759; x_wconf 69' lang='lat' dir='ltr'><strong>pressi-‘¹¹⁶‘</strong></span> <span class='ocrx_word' id='word_1_220' title='bbox 1924 1680 1983 1712; x_wconf 61' lang='grc' dir='ltr'><strong>Μ·</strong></span> 
     </span>
     <span class='ocr_line' id='line_1_18' title="bbox 155 1772 1848 1846; baseline 0.003 -21"><span class='ocrx_word' id='word_1_221' title='bbox 155 1773 253 1841; x_wconf 63' lang='lat' dir='ltr'><strong>butam</strong></span> <span class='ocrx_word' id='word_1_222' title='bbox 280 1772 428 1841; x_wconf 80' lang='lat' dir='ltr'><strong>prinsipes</strong></span> <span class='ocrx_word' id='word_1_223' title='bbox 460 1772 603 1840; x_wconf 83' lang='lat' dir='ltr'><strong>Napbtoli</strong></span> <span class='ocrx_word' id='word_1_224' title='bbox 632 1772 740 1842; x_wconf 84' lang='lat' dir='ltr'><strong>(reliqui</strong></span> <span class='ocrx_word' id='word_1_225' title='bbox 769 1772 905 1841; x_wconf 82' lang='lat' dir='ltr'><strong>apostoli,</strong></span> <span class='ocrx_word' id='word_1_226' title='bbox 941 1772 990 1842; x_wconf 88' lang='lat' dir='ltr'><strong>qui</strong></span> <span class='ocrx_word' id='word_1_227' title='bbox 1018 1775 1084 1826; x_wconf 79' lang='lat' dir='ltr'><strong>dent</strong></span> <span class='ocrx_word' id='word_1_228' title='bbox 1103 1774 1155 1827; x_wconf 83' lang='lat' dir='ltr'><strong>toti</strong></span> <span class='ocrx_word' id='word_1_229' title='bbox 1172 1775 1276 1827; x_wconf 81' lang='lat' dir='ltr'><strong>mssndo</strong></span> <span class='ocrx_word' id='word_1_230' title='bbox 1297 1782 1323 1825; x_wconf 88' lang='lat' dir='ltr'><strong>et</strong></span> <span class='ocrx_word' id='word_1_231' title='bbox 1350 1773 1495 1826; x_wconf 81' lang='lat' dir='ltr'><strong>ecclesiam</strong></span> <span class='ocrx_word' id='word_1_232' title='bbox 1521 1784 1621 1841; x_wconf 80' lang='lat' dir='ltr'><strong>repunt</strong></span> <span class='ocrx_word' id='word_1_233' title='bbox 1640 1784 1666 1828; x_wconf 90' lang='lat' dir='ltr'><strong>st</strong></span> <span class='ocrx_word' id='word_1_234' title='bbox 1686 1777 1848 1846; x_wconf 75' lang='lat' dir='ltr'><strong>pulemont,</strong></span> 
     </span>
     <span class='ocr_line' id='line_1_19' title="bbox 154 1855 1846 1928; baseline 0.002 -14"><span class='ocrx_word' id='word_1_235' title='bbox 154 1860 305 1914; x_wconf 88' lang='lat' dir='ltr'><strong>creduntur</strong></span> <span class='ocrx_word' id='word_1_236' title='bbox 318 1858 444 1928; x_wconf 86' lang='lat' dir='ltr'><strong>plerique</strong></span> <span class='ocrx_word' id='word_1_237' title='bbox 456 1874 489 1911; x_wconf 86' lang='lat' dir='ltr'><strong>ex</strong></span> <span class='ocrx_word' id='word_1_238' title='bbox 501 1856 544 1910; x_wconf 94' lang='lat' dir='ltr'><strong>his</strong></span> <span class='ocrx_word' id='word_1_239' title='bbox 567 1855 695 1910; x_wconf 86' lang='lat' dir='ltr'><strong>tribubus</strong></span> <span class='ocrx_word' id='word_1_240' title='bbox 707 1857 842 1927; x_wconf 85' lang='lat' dir='ltr'><strong>originem</strong></span> <span class='ocrx_word' id='word_1_241' title='bbox 854 1857 992 1925; x_wconf 79' lang='lat' dir='ltr'><strong>duxisse);</strong></span> <span class='ocrx_word' id='word_1_242' title='bbox 1018 1861 1090 1913; x_wconf 88' lang='lat' dir='ltr'><strong>bona</strong></span> <span class='ocrx_word' id='word_1_243' title='bbox 1108 1860 1181 1913; x_wconf 86' lang='lat' dir='ltr'><strong>enim</strong></span> <span class='ocrx_word' id='word_1_244' title='bbox 1199 1858 1320 1913; x_wconf 80' lang='lat' dir='ltr'><strong>Domini</strong></span> <span class='ocrx_word' id='word_1_245' title='bbox 1337 1861 1526 1923; x_wconf 79' lang='grc'><strong>11111111111,</strong></span> <span class='ocrx_word' id='word_1_246' title='bbox 1546 1861 1731 1917; x_wconf 91' lang='lat' dir='ltr'><strong>Bellarminus</strong></span> <span class='ocrx_word' id='word_1_247' title='bbox 1750 1862 1798 1921; x_wconf 90' lang='lat' dir='ltr'><strong>lib.</strong></span> <span class='ocrx_word' id='word_1_248' title='bbox 1823 1868 1846 1919; x_wconf 90' lang='lat'><strong>1.</strong></span> 
     </span>
     <span class='ocr_line' id='line_1_20' title="bbox 154 1943 1850 2019; baseline 0.001 -20"><span class='ocrx_word' id='word_1_249' title='bbox 154 1945 205 2000; x_wconf 90' lang='lat' dir='ltr'><strong>sed</strong></span> <span class='ocrx_word' id='word_1_250' title='bbox 230 1944 360 2000; x_wconf 87' lang='lat' dir='ltr'><strong>Costerus</strong></span> <span class='ocrx_word' id='word_1_251' title='bbox 390 1943 443 1998; x_wconf 93' lang='lat' dir='ltr'><strong>hoc</strong></span> <span class='ocrx_word' id='word_1_252' title='bbox 477 1944 506 1997; x_wconf 94' lang='lat' dir='ltr'><strong>in</strong></span> <span class='ocrx_word' id='word_1_253' title='bbox 532 1960 635 2014; x_wconf 87' lang='lat' dir='ltr'><strong>genere</strong></span> <span class='ocrx_word' id='word_1_254' title='bbox 664 1943 767 2013; x_wconf 90' lang='lat' dir='ltr'><strong>accipit</strong></span> <span class='ocrx_word' id='word_1_255' title='bbox 798 1944 833 1998; x_wconf 91' lang='lat' dir='ltr'><strong>de</strong></span> <span class='ocrx_word' id='word_1_256' title='bbox 863 1944 991 1998; x_wconf 87' lang='lat' dir='ltr'><strong>omnibus</strong></span> <span class='ocrx_word' id='word_1_257' title='bbox 1018 1946 1053 1999; x_wconf 91' lang='lat' dir='ltr'><strong>dc</strong></span> <span class='ocrx_word' id='word_1_258' title='bbox 1078 1946 1153 2001; x_wconf 89' lang='lat' dir='ltr'><strong>beat.</strong></span> <span class='ocrx_word' id='word_1_259' title='bbox 1181 1952 1299 2001; x_wconf 85' lang='lat' dir='ltr'><strong>sanctor.</strong></span> <span class='ocrx_word' id='word_1_260' title='bbox 1331 1962 1353 1999; x_wconf 94' lang='lat' dir='ltr'><strong>c.</strong></span> <span class='ocrx_word' id='word_1_261' title='bbox 1383 1950 1421 2001; x_wconf 87' lang='grc'><strong>18.</strong></span> <span class='ocrx_word' id='word_1_262' title='bbox 1452 1943 1480 2017; x_wconf 57' lang='grc' dir='ltr'>ᾖ</span> <span class='ocrx_word' id='word_1_263' title='bbox 1501 1946 1587 2002; x_wconf 90' lang='lat' dir='ltr'><strong>Idem.</strong></span> <span class='ocrx_word' id='word_1_264' title='bbox 1628 1948 1850 2019; x_wconf 82' lang='lat' dir='ltr'><strong>Respondemus:</strong></span> 
     </span>
     <span class='ocr_line' id='line_1_21' title="bbox 154 2029 1851 2105; baseline 0.002 -19"><span class='ocrx_word' id='word_1_265' title='bbox 154 2031 284 2088; x_wconf 87' lang='lat' dir='ltr'><strong>fidelihus</strong></span> <span class='ocrx_word' id='word_1_266' title='bbox 314 2036 343 2086; x_wconf 93' lang='lat' dir='ltr'><strong>et</strong></span> <span class='ocrx_word' id='word_1_267' title='bbox 372 2031 485 2101; x_wconf 91' lang='lat' dir='ltr'><strong>quidem</strong></span> <span class='ocrx_word' id='word_1_268' title='bbox 517 2029 664 2086; x_wconf 87' lang='lat' dir='ltr'><strong>defunctis.</strong></span> <span class='ocrx_word' id='word_1_269' title='bbox 710 2035 734 2084; x_wconf 90' lang='grc'><strong>3.</strong></span> <span class='ocrx_word' id='word_1_270' title='bbox 760 2029 849 2095; x_wconf 84' lang='lat' dir='ltr'><strong>Quale</strong></span> <span class='ocrx_word' id='word_1_271' title='bbox 874 2047 990 2101; x_wconf 82' lang='lat' dir='ltr'><strong>regnum</strong></span> <span class='ocrx_word' id='word_1_272' title='bbox 1021 2038 1042 2086; x_wconf 90' lang='lat'><strong>1.</strong></span> <span class='ocrx_word' id='word_1_273' title='bbox 1064 2047 1098 2085; x_wconf 85' lang='lat' dir='ltr'><strong>ex</strong></span> <span class='ocrx_word' id='word_1_274' title='bbox 1115 2029 1256 2101; x_wconf 88' lang='lat' dir='ltr'><strong>parabolis</strong></span> <span class='ocrx_word' id='word_1_275' title='bbox 1280 2046 1336 2083; x_wconf 94' lang='lat' dir='ltr'><strong>non</strong></span> <span class='ocrx_word' id='word_1_276' title='bbox 1364 2039 1481 2100; x_wconf 87' lang='lat' dir='ltr'><strong>possunt</strong></span> <span class='ocrx_word' id='word_1_277' title='bbox 1504 2032 1569 2086; x_wconf 91' lang='lat' dir='ltr'><strong>duci</strong></span> <span class='ocrx_word' id='word_1_278' title='bbox 1594 2034 1752 2103; x_wconf 88' lang='lat' dir='ltr'><strong>apodictica</strong></span> <span class='ocrx_word' id='word_1_279' title='bbox 1770 2052 1851 2105; x_wconf 86' lang='lat' dir='ltr'><strong>argu·</strong></span> 
     </span>
     <span class='ocr_line' id='line_1_22' title="bbox 156 2115 1851 2191; baseline 0.001 -18"><span class='ocrx_word' id='word_1_280' title='bbox 156 2116 271 2184; x_wconf 91' lang='lat' dir='ltr'><strong>Christi,</strong></span> <span class='ocrx_word' id='word_1_281' title='bbox 295 2117 367 2171; x_wconf 88' lang='lat' dir='ltr'><strong>tales</strong></span> <span class='ocrx_word' id='word_1_282' title='bbox 391 2117 474 2171; x_wconf 90' lang='lat' dir='ltr'><strong>etiam</strong></span> <span class='ocrx_word' id='word_1_283' title='bbox 498 2122 564 2169; x_wconf 93' lang='lat' dir='ltr'><strong>sunt</strong></span> <span class='ocrx_word' id='word_1_284' title='bbox 581 2116 719 2185; x_wconf 90' lang='lat' dir='ltr'><strong>principes</strong></span> <span class='ocrx_word' id='word_1_285' title='bbox 746 2124 775 2169; x_wconf 92' lang='lat' dir='ltr'><strong>et</strong></span> <span class='ocrx_word' id='word_1_286' title='bbox 792 2133 871 2186; x_wconf 85' lang='lat' dir='ltr'><strong>reges</strong></span> <span class='ocrx_word' id='word_1_287' title='bbox 889 2117 918 2171; x_wconf 94' lang='lat' dir='ltr'><strong>in</strong></span> <span class='ocrx_word' id='word_1_288' title='bbox 938 2115 991 2170; x_wconf 93' lang='lat' dir='ltr'><strong>hoc</strong></span> <span class='ocrx_word' id='word_1_289' title='bbox 1018 2127 1125 2183; x_wconf 90' lang='lat' dir='ltr'><strong>menta,</strong></span> <span class='ocrx_word' id='word_1_290' title='bbox 1153 2117 1206 2170; x_wconf 92' lang='lat' dir='ltr'><strong>nisi</strong></span> <span class='ocrx_word' id='word_1_291' title='bbox 1225 2117 1368 2187; x_wconf 88' lang='lat' dir='ltr'><strong>Scriptura</strong></span> <span class='ocrx_word' id='word_1_292' title='bbox 1391 2118 1453 2187; x_wconf 88' lang='lat' dir='ltr'><strong>ipsa</strong></span> <span class='ocrx_word' id='word_1_293' title='bbox 1478 2127 1612 2174; x_wconf 88' lang='lat' dir='ltr'><strong>monstret</strong></span> <span class='ocrx_word' id='word_1_294' title='bbox 1629 2120 1851 2191; x_wconf 88' lang='lat' dir='ltr'><strong>applicationem.</strong></span> 
     </span>
     <span class='ocr_line' id='line_1_23' title="bbox 155 2200 1989 2274; baseline 0.004 -14"><span class='ocrx_word' id='word_1_295' title='bbox 155 2203 258 2260; x_wconf 87' lang='lat' dir='ltr'><strong>Christi</strong></span> <span class='ocrx_word' id='word_1_296' title='bbox 276 2219 370 2273; x_wconf 87' lang='lat' dir='ltr'><strong>regno.</strong></span> <span class='ocrx_word' id='word_1_297' title='bbox 411 2200 477 2257; x_wconf 83' lang='lat' dir='ltr'><strong>Jam</strong></span> <span class='ocrx_word' id='word_1_298' title='bbox 504 2217 570 2255; x_wconf 86' lang='lat' dir='ltr'><strong>vero</strong></span> <span class='ocrx_word' id='word_1_299' title='bbox 595 2200 699 2256; x_wconf 86' lang='lat' dir='ltr'><strong>Christi</strong></span> <span class='ocrx_word' id='word_1_300' title='bbox 729 2218 845 2272; x_wconf 86' lang='lat' dir='ltr'><strong>regnum</strong></span> <span class='ocrx_word' id='word_1_301' title='bbox 871 2219 926 2256; x_wconf 94' lang='lat' dir='ltr'><strong>uon</strong></span> <span class='ocrx_word' id='word_1_302' title='bbox 950 2210 992 2257; x_wconf 91' lang='lat' dir='ltr'><strong>est</strong></span> <span class='ocrx_word' id='word_1_303' title='bbox 1019 2210 1043 2259; x_wconf 87' lang='grc'><strong>2.</strong></span> <span class='ocrx_word' id='word_1_304' title='bbox 1062 2205 1096 2257; x_wconf 93' lang='lat' dir='ltr'><strong>In</strong></span> <span class='ocrx_word' id='word_1_305' title='bbox 1114 2202 1242 2257; x_wconf 89' lang='lat' dir='ltr'><strong>omnibus</strong></span> <span class='ocrx_word' id='word_1_306' title='bbox 1260 2203 1315 2257; x_wconf 91' lang='lat' dir='ltr'><strong>illis</strong></span> <span class='ocrx_word' id='word_1_307' title='bbox 1334 2203 1481 2272; x_wconf 90' lang='lat' dir='ltr'><strong>parabolis,</strong></span> <span class='ocrx_word' id='word_1_308' title='bbox 1501 2221 1571 2274; x_wconf 89' lang='lat' dir='ltr'><strong>ques</strong></span> <span class='ocrx_word' id='word_1_309' title='bbox 1588 2205 1745 2261; x_wconf 86' lang='lat' dir='ltr'><strong>Matthaeus</strong></span> <span class='ocrx_word' id='word_1_310' title='bbox 1766 2213 1989 2268; x_wconf 76' lang='grc'><strong>1211111111</strong></span> 
     </span>
     <span class='ocr_line' id='line_1_24' title="bbox 157 2287 1851 2365; baseline 0.002 -20"><span class='ocrx_word' id='word_1_311' title='bbox 157 2296 296 2345; x_wconf 80' lang='lat' dir='ltr'><strong>terrenum</strong></span> <span class='ocrx_word' id='word_1_312' title='bbox 322 2295 350 2344; x_wconf 90' lang='lat' dir='ltr'><strong>st</strong></span> <span class='ocrx_word' id='word_1_313' title='bbox 368 2289 551 2356; x_wconf 88' lang='lat' dir='ltr'><strong>mundanum,</strong></span> <span class='ocrx_word' id='word_1_314' title='bbox 575 2287 624 2341; x_wconf 89' lang='lat' dir='ltr'><strong>sed</strong></span> <span class='ocrx_word' id='word_1_315' title='bbox 650 2287 793 2358; x_wconf 86' lang='lat' dir='ltr'><strong>spirituale</strong></span> <span class='ocrx_word' id='word_1_316' title='bbox 818 2296 847 2343; x_wconf 90' lang='lat' dir='ltr'><strong>et</strong></span> <span class='ocrx_word' id='word_1_317' title='bbox 863 2288 992 2346; x_wconf 81' lang='grc'><strong>11111111.</strong></span> <span class='ocrx_word' id='word_1_318' title='bbox 1018 2296 1104 2346; x_wconf 82' lang='grc'><strong>1125.</strong></span> <span class='ocrx_word' id='word_1_319' title='bbox 1131 2295 1266 2356; x_wconf 86' lang='lat' dir='ltr'><strong>recenset,</strong></span> <span class='ocrx_word' id='word_1_320' title='bbox 1289 2291 1382 2360; x_wconf 84' lang='lat' dir='ltr'><strong>agitur</strong></span> <span class='ocrx_word' id='word_1_321' title='bbox 1406 2289 1440 2344; x_wconf 90' lang='lat' dir='ltr'><strong>de</strong></span> <span class='ocrx_word' id='word_1_322' title='bbox 1462 2293 1683 2347; x_wconf 85' lang='lat' dir='ltr'><strong>remuneratione</strong></span> <span class='ocrx_word' id='word_1_323' title='bbox 1708 2299 1736 2348; x_wconf 87' lang='grc'><strong>11</strong></span> <span class='ocrx_word' id='word_1_324' title='bbox 1755 2295 1851 2365; x_wconf 87' lang='lat' dir='ltr'><strong>gloria,</strong></span> 
     </span>
     <span class='ocr_line' id='line_1_25' title="bbox 158 2374 1853 2447; baseline 0.003 -17"><span class='ocrx_word' id='word_1_325' title='bbox 158 2377 233 2447; x_wconf 88' lang='lat' dir='ltr'><strong>Ergo</strong></span> <span class='ocrx_word' id='word_1_326' title='bbox 251 2376 336 2432; x_wconf 89' lang='lat' dir='ltr'><strong>etiam</strong></span> <span class='ocrx_word' id='word_1_327' title='bbox 350 2374 420 2428; x_wconf 83' lang='lat' dir='ltr'><strong>tales</strong></span> <span class='ocrx_word' id='word_1_328' title='bbox 433 2380 499 2427; x_wconf 91' lang='lat' dir='ltr'><strong>sunt</strong></span> <span class='ocrx_word' id='word_1_329' title='bbox 510 2391 589 2444; x_wconf 85' lang='lat' dir='ltr'><strong>reges</strong></span> <span class='ocrx_word' id='word_1_330' title='bbox 602 2381 630 2427; x_wconf 90' lang='lat' dir='ltr'><strong>et</strong></span> <span class='ocrx_word' id='word_1_331' title='bbox 641 2374 780 2443; x_wconf 87' lang='lat' dir='ltr'><strong>principes</strong></span> <span class='ocrx_word' id='word_1_332' title='bbox 794 2375 821 2428; x_wconf 93' lang='lat' dir='ltr'><strong>in</strong></span> <span class='ocrx_word' id='word_1_333' title='bbox 833 2374 886 2429; x_wconf 93' lang='lat' dir='ltr'><strong>hoc</strong></span> <span class='ocrx_word' id='word_1_334' title='bbox 897 2392 991 2446; x_wconf 88' lang='lat' dir='ltr'><strong>regno,</strong></span> <span class='ocrx_word' id='word_1_335' title='bbox 1018 2393 1091 2447; x_wconf 90' lang='lat' dir='ltr'><strong>quae</strong></span> <span class='ocrx_word' id='word_1_336' title='bbox 1108 2376 1251 2446; x_wconf 87' lang='lat' dir='ltr'><strong>continget</strong></span> <span class='ocrx_word' id='word_1_337' title='bbox 1268 2375 1400 2430; x_wconf 84' lang='lat' dir='ltr'><strong>fidelibus</strong></span> <span class='ocrx_word' id='word_1_338' title='bbox 1416 2376 1501 2432; x_wconf 87' lang='lat' dir='ltr'><strong>servis</strong></span> <span class='ocrx_word' id='word_1_339' title='bbox 1520 2377 1547 2431; x_wconf 92' lang='lat' dir='ltr'><strong>in</strong></span> <span class='ocrx_word' id='word_1_340' title='bbox 1568 2378 1666 2433; x_wconf 89' lang='lat' dir='ltr'><strong>ultimo</strong></span> <span class='ocrx_word' id='word_1_341' title='bbox 1686 2378 1793 2435; x_wconf 77' lang='lat' dir='ltr'><strong>Christi</strong></span> <span class='ocrx_word' id='word_1_342' title='bbox 1810 2383 1853 2435; x_wconf 85' lang='lat' dir='ltr'><strong>ost</strong></span> 
     </span>
     <span class='ocr_line' id='line_1_26' title="bbox 156 2456 1850 2532; baseline 0.003 -16"><span class='ocrx_word' id='word_1_343' title='bbox 156 2463 233 2518; x_wconf 89' lang='lat' dir='ltr'><strong>unde</strong></span> <span class='ocrx_word' id='word_1_344' title='bbox 248 2461 353 2517; x_wconf 88' lang='lat' dir='ltr'><strong>ibidem</strong></span> <span class='ocrx_word' id='word_1_345' title='bbox 371 2456 522 2531; x_wconf 71' lang='grc' dir='ltr'><em>ἐξηγήσεως</em></span> <span class='ocrx_word' id='word_1_346' title='bbox 547 2476 632 2514; x_wconf 89' lang='lat' dir='ltr'><strong>causa</strong></span> <span class='ocrx_word' id='word_1_347' title='bbox 656 2460 770 2513; x_wconf 82' lang='lat' dir='ltr'><strong>additur</strong></span> <span class='ocrx_word' id='word_1_348' title='bbox 792 2476 817 2514; x_wconf 84' lang='grc'><strong>1.</strong></span> <span class='ocrx_word' id='word_1_349' title='bbox 839 2465 879 2515; x_wconf 88' lang='grc'><strong>14.</strong></span> <span class='ocrx_word' id='word_1_350' title='bbox 903 2464 992 2514; x_wconf 87' lang='lat' dir='ltr'><strong>omnis</strong></span> <span class='ocrx_word' id='word_1_351' title='bbox 1011 2464 1156 2532; x_wconf 86' lang='lat' dir='ltr'><strong>judicium</strong></span> <span class='ocrx_word' id='word_1_352' title='bbox 1192 2465 1328 2525; x_wconf 77' lang='lat' dir='ltr'><strong>adsensu,</strong></span> <span class='ocrx_word' id='word_1_353' title='bbox 1364 2468 1396 2516; x_wconf 89' lang='lat' dir='ltr'><strong>ut</strong></span> <span class='ocrx_word' id='word_1_354' title='bbox 1430 2470 1504 2517; x_wconf 89' lang='lat' dir='ltr'><strong>totus</strong></span> <span class='ocrx_word' id='word_1_355' title='bbox 1541 2470 1685 2519; x_wconf 85' lang='lat' dir='ltr'><strong>contextus</strong></span> <span class='ocrx_word' id='word_1_356' title='bbox 1720 2467 1850 2529; x_wconf 85' lang='lat' dir='ltr'><strong>ostendit,</strong></span> 
     </span>
     <span class='ocr_line' id='line_1_27' title="bbox 156 2544 1849 2620; baseline 0.004 -17"><span class='ocrx_word' id='word_1_357' title='bbox 156 2549 346 2619; x_wconf 70' lang='lat' dir='ltr'><strong>plurioribus</strong></span> <span class='ocrx_word' id='word_1_358' title='bbox 365 2546 442 2614; x_wconf 78' lang='lat' dir='ltr'><strong>repis</strong></span> <span class='ocrx_word' id='word_1_359' title='bbox 460 2554 500 2598; x_wconf 86' lang='lat' dir='ltr'><strong>est</strong></span> <span class='ocrx_word' id='word_1_360' title='bbox 518 2547 639 2598; x_wconf 84' lang='lat' dir='ltr'><strong>interna.</strong></span> <span class='ocrx_word' id='word_1_361' title='bbox 670 2550 694 2599; x_wconf 87' lang='grc'><strong>1.</strong></span> <span class='ocrx_word' id='word_1_362' title='bbox 708 2544 750 2598; x_wconf 91' lang='lat' dir='ltr'><strong>De</strong></span> <span class='ocrx_word' id='word_1_363' title='bbox 768 2546 817 2599; x_wconf 93' lang='lat' dir='ltr'><strong>tali</strong></span> <span class='ocrx_word' id='word_1_364' title='bbox 835 2547 992 2616; x_wconf 88' lang='lat' dir='ltr'><strong>principatu</strong></span> <span class='ocrx_word' id='word_1_365' title='bbox 1018 2567 1077 2618; x_wconf 89' lang='lat' dir='ltr'><strong>cap.</strong></span> <span class='ocrx_word' id='word_1_366' title='bbox 1105 2554 1153 2615; x_wconf 83' lang='grc'><strong>24,</strong></span> <span class='ocrx_word' id='word_1_367' title='bbox 1179 2566 1205 2602; x_wconf 84' lang='lat' dir='ltr'><strong>v.</strong></span> <span class='ocrx_word' id='word_1_368' title='bbox 1232 2553 1277 2603; x_wconf 79' lang='lat'><strong>26:</strong></span> <span class='ocrx_word' id='word_1_369' title='bbox 1321 2548 1391 2602; x_wconf 84' lang='lat' dir='ltr'><strong>Cum</strong></span> <span class='ocrx_word' id='word_1_370' title='bbox 1420 2551 1526 2604; x_wconf 81' lang='grc'><strong>1111111</strong></span> <span class='ocrx_word' id='word_1_371' title='bbox 1554 2553 1683 2605; x_wconf 84' lang='lat' dir='ltr'><strong>dominus</strong></span> <span class='ocrx_word' id='word_1_372' title='bbox 1710 2553 1773 2620; x_wconf 75' lang='lat' dir='ltr'><strong>ejus</strong></span> <span class='ocrx_word' id='word_1_373' title='bbox 1798 2562 1849 2609; x_wconf 83' lang='lat' dir='ltr'><strong>etc</strong></span> 
     </span>
     <span class='ocr_line' id='line_1_28' title="bbox 157 2630 1849 2706; baseline 0.002 -16"><span class='ocrx_word' id='word_1_374' title='bbox 157 2653 190 2690; x_wconf 92' lang='lat' dir='ltr'><strong>ac</strong></span> <span class='ocrx_word' id='word_1_375' title='bbox 208 2651 296 2706; x_wconf 80' lang='lat' dir='ltr'><strong>regno</strong></span> <span class='ocrx_word' id='word_1_376' title='bbox 324 2631 447 2703; x_wconf 88' lang='lat' dir='ltr'><strong>loquitur</strong></span> <span class='ocrx_word' id='word_1_377' title='bbox 475 2630 579 2700; x_wconf 81' lang='lat' dir='ltr'><strong>psaltes</strong></span> <span class='ocrx_word' id='word_1_378' title='bbox 603 2630 712 2701; x_wconf 84' lang='lat' dir='ltr'><strong>regius,</strong></span> <span class='ocrx_word' id='word_1_379' title='bbox 741 2631 816 2701; x_wconf 88' lang='lat' dir='ltr'><strong>quod</strong></span> <span class='ocrx_word' id='word_1_380' title='bbox 839 2631 869 2685; x_wconf 90' lang='lat' dir='ltr'><strong>in</strong></span> <span class='ocrx_word' id='word_1_381' title='bbox 895 2632 992 2686; x_wconf 92' lang='lat' dir='ltr'><strong>mediis</strong></span> <span class='ocrx_word' id='word_1_382' title='bbox 1017 2640 1257 2706; x_wconf 79' lang='lat' dir='ltr'><strong>cap.25,v.19:</strong></span> <span class='ocrx_word' id='word_1_383' title='bbox 1280 2635 1351 2688; x_wconf 85' lang='lat' dir='ltr'><strong>Post</strong></span> <span class='ocrx_word' id='word_1_384' title='bbox 1369 2635 1485 2689; x_wconf 86' lang='lat' dir='ltr'><strong>multum</strong></span> <span class='ocrx_word' id='word_1_385' title='bbox 1507 2639 1641 2706; x_wconf 82' lang='lat' dir='ltr'><strong>temporis</strong></span> <span class='ocrx_word' id='word_1_386' title='bbox 1658 2640 1734 2692; x_wconf 84' lang='lat' dir='ltr'><strong>venit</strong></span> <span class='ocrx_word' id='word_1_387' title='bbox 1761 2641 1849 2695; x_wconf 80' lang='lat' dir='ltr'><strong>domi·</strong></span> 
     </span>
     <span class='ocr_line' id='line_1_29' title="bbox 155 2716 1851 2795; baseline 0.001 -18"><span class='ocrx_word' id='word_1_388' title='bbox 155 2719 360 2785; x_wconf 87' lang='lat' dir='ltr'><strong>calamitatibus</strong></span> <span class='ocrx_word' id='word_1_389' title='bbox 374 2735 407 2772; x_wconf 90' lang='lat' dir='ltr'><strong>ac</strong></span> <span class='ocrx_word' id='word_1_390' title='bbox 428 2716 667 2787; x_wconf 86' lang='lat' dir='ltr'><strong>persecutionibus</strong></span> <span class='ocrx_word' id='word_1_391' title='bbox 685 2717 714 2770; x_wconf 90' lang='lat' dir='ltr'><strong>in</strong></span> <span class='ocrx_word' id='word_1_392' title='bbox 735 2716 788 2771; x_wconf 91' lang='lat' dir='ltr'><strong>hac</strong></span> <span class='ocrx_word' id='word_1_393' title='bbox 807 2717 866 2771; x_wconf 86' lang='lat' dir='ltr'><strong>vita</strong></span> <span class='ocrx_word' id='word_1_394' title='bbox 884 2735 991 2773; x_wconf 90' lang='lat' dir='ltr'><strong>conscr-</strong></span> <span class='ocrx_word' id='word_1_395' title='bbox 1017 2741 1069 2775; x_wconf 84' lang='lat' dir='ltr'><strong>uus</strong></span> <span class='ocrx_word' id='word_1_396' title='bbox 1104 2737 1248 2774; x_wconf 83' lang='lat' dir='ltr'><strong>ses-norum</strong></span> <span class='ocrx_word' id='word_1_397' title='bbox 1286 2721 1412 2776; x_wconf 80' lang='lat' dir='ltr'><strong>illorum.</strong></span> <span class='ocrx_word' id='word_1_398' title='bbox 1461 2721 1538 2793; x_wconf 83' lang='lat' dir='ltr'><strong>Ergo</strong></span> <span class='ocrx_word' id='word_1_399' title='bbox 1572 2740 1628 2778; x_wconf 95' lang='lat' dir='ltr'><strong>non</strong></span> <span class='ocrx_word' id='word_1_400' title='bbox 1659 2733 1750 2795; x_wconf 84' lang='lat' dir='ltr'><strong>potest</strong></span> <span class='ocrx_word' id='word_1_401' title='bbox 1781 2725 1851 2781; x_wconf 89' lang='lat' dir='ltr'><strong>illud</strong></span> 
     </span>
     <span class='ocr_line' id='line_1_30' title="bbox 153 2803 1850 2878; baseline 0.002 -16"><span class='ocrx_word' id='word_1_402' title='bbox 153 2815 236 2862; x_wconf 82' lang='lat' dir='ltr'><strong>satur</strong></span> <span class='ocrx_word' id='word_1_403' title='bbox 262 2823 296 2861; x_wconf 87' lang='lat' dir='ltr'><strong>ac</strong></span> <span class='ocrx_word' id='word_1_404' title='bbox 315 2804 501 2877; x_wconf 86' lang='lat' dir='ltr'><strong>gubernetur,</strong></span> <span class='ocrx_word' id='word_1_405' title='bbox 526 2820 589 2857; x_wconf 91' lang='lat' dir='ltr'><strong>cum</strong></span> <span class='ocrx_word' id='word_1_406' title='bbox 613 2803 649 2856; x_wconf 91' lang='lat' dir='ltr'><strong>sit</strong></span> <span class='ocrx_word' id='word_1_407' title='bbox 671 2803 814 2872; x_wconf 86' lang='lat' dir='ltr'><strong>spirituale</strong></span> <span class='ocrx_word' id='word_1_408' title='bbox 838 2820 888 2874; x_wconf 89' lang='lat' dir='ltr'><strong>per</strong></span> <span class='ocrx_word' id='word_1_409' title='bbox 909 2822 990 2858; x_wconf 83' lang='lat' dir='ltr'><strong>evan·</strong></span> <span class='ocrx_word' id='word_1_410' title='bbox 1018 2806 1153 2878; x_wconf 90' lang='lat' dir='ltr'><strong>applicari</strong></span> <span class='ocrx_word' id='word_1_411' title='bbox 1174 2806 1210 2860; x_wconf 91' lang='lat' dir='ltr'><strong>ad</strong></span> <span class='ocrx_word' id='word_1_412' title='bbox 1225 2806 1339 2876; x_wconf 91' lang='lat' dir='ltr'><strong>spiritus</strong></span> <span class='ocrx_word' id='word_1_413' title='bbox 1364 2806 1555 2861; x_wconf 86' lang='lat' dir='ltr'><strong>defunctorum</strong></span> <span class='ocrx_word' id='word_1_414' title='bbox 1576 2816 1641 2863; x_wconf 91' lang='lat' dir='ltr'><strong>ante</strong></span> <span class='ocrx_word' id='word_1_415' title='bbox 1659 2809 1761 2864; x_wconf 88' lang='lat' dir='ltr'><strong>Christi</strong></span> <span class='ocrx_word' id='word_1_416' title='bbox 1779 2812 1850 2866; x_wconf 90' lang='lat' dir='ltr'><strong>redi·</strong></span> 
     </span>
     <span class='ocr_line' id='line_1_31' title="bbox 155 2890 1850 2966; baseline 0.003 -19"><span class='ocrx_word' id='word_1_417' title='bbox 155 2893 222 2966; x_wconf 83' lang='lat' dir='ltr'><strong>getii</strong></span> <span class='ocrx_word' id='word_1_418' title='bbox 245 2892 481 2963; x_wconf 88' lang='lat' dir='ltr'><strong>praedicationem</strong></span> <span class='ocrx_word' id='word_1_419' title='bbox 504 2896 689 2960; x_wconf 79' lang='lat' dir='ltr'><strong>propagatum</strong></span> <span class='ocrx_word' id='word_1_420' title='bbox 716 2906 750 2943; x_wconf 90' lang='lat' dir='ltr'><strong>ac</strong></span> <span class='ocrx_word' id='word_1_421' title='bbox 771 2890 921 2955; x_wconf 88' lang='lat' dir='ltr'><strong>internum,</strong></span> <span class='ocrx_word' id='word_1_422' title='bbox 941 2907 991 2960; x_wconf 87' lang='lat' dir='ltr'><strong>per</strong></span> <span class='ocrx_word' id='word_1_423' title='bbox 1017 2900 1076 2949; x_wconf 91' lang='lat' dir='ltr'><strong>tum</strong></span> <span class='ocrx_word' id='word_1_424' title='bbox 1102 2892 1138 2946; x_wconf 93' lang='lat' dir='ltr'><strong>ad</strong></span> <span class='ocrx_word' id='word_1_425' title='bbox 1158 2892 1296 2963; x_wconf 91' lang='lat' dir='ltr'><strong>judicium</strong></span> <span class='ocrx_word' id='word_1_426' title='bbox 1317 2892 1565 2947; x_wconf 89' lang='lat' dir='ltr'><strong>remunerationem</strong></span> <span class='ocrx_word' id='word_1_427' title='bbox 1591 2894 1667 2949; x_wconf 91' lang='lat' dir='ltr'><strong>illam</strong></span> <span class='ocrx_word' id='word_1_428' title='bbox 1684 2896 1777 2951; x_wconf 89' lang='lat' dir='ltr'><strong>adhuc</strong></span> <span class='ocrx_word' id='word_1_429' title='bbox 1805 2914 1850 2951; x_wconf 85' lang='lat' dir='ltr'><strong>ex·</strong></span> 
     </span>
     <span class='ocr_line' id='line_1_32' title="bbox 156 2974 1849 3050; baseline 0.001 -15"><span class='ocrx_word' id='word_1_430' title='bbox 156 2980 289 3050; x_wconf 87' lang='lat' dir='ltr'><strong>Spiritum</strong></span> <span class='ocrx_word' id='word_1_431' title='bbox 309 2983 435 3032; x_wconf 88' lang='lat' dir='ltr'><strong>sanctum</strong></span> <span class='ocrx_word' id='word_1_432' title='bbox 460 2977 488 3030; x_wconf 94' lang='lat' dir='ltr'><strong>in</strong></span> <span class='ocrx_word' id='word_1_433' title='bbox 515 2975 644 3030; x_wconf 87' lang='lat' dir='ltr'><strong>cordibus</strong></span> <span class='ocrx_word' id='word_1_434' title='bbox 663 2974 804 3029; x_wconf 91' lang='lat' dir='ltr'><strong>hominum</strong></span> <span class='ocrx_word' id='word_1_435' title='bbox 824 2975 988 3031; x_wconf 87' lang='lat' dir='ltr'><strong>inchoatum.</strong></span> <span class='ocrx_word' id='word_1_436' title='bbox 1017 2985 1174 3049; x_wconf 83' lang='lat' dir='ltr'><strong>spectantes</strong></span> <span class='ocrx_word' id='word_1_437' title='bbox 1191 2979 1280 3048; x_wconf 75' lang='lat' dir='ltr'><strong>Apoc,</strong></span> <span class='ocrx_word' id='word_1_438' title='bbox 1301 2986 1326 3042; x_wconf 88' lang='grc'><strong>6,</strong></span> <span class='ocrx_word' id='word_1_439' title='bbox 1345 2996 1374 3032; x_wconf 84' lang='lat' dir='ltr'><strong>v.</strong></span> <span class='ocrx_word' id='word_1_440' title='bbox 1395 2983 1432 3034; x_wconf 90' lang='grc'><strong>11.</strong></span> <span class='ocrx_word' id='word_1_441' title='bbox 1455 2982 1479 3033; x_wconf 90' lang='grc'><strong>3.</strong></span> <span class='ocrx_word' id='word_1_442' title='bbox 1499 2978 1566 3033; x_wconf 89' lang='lat' dir='ltr'><strong>Luc.</strong></span> <span class='ocrx_word' id='word_1_443' title='bbox 1586 2985 1626 3044; x_wconf 87' lang='grc'><strong>12,</strong></span> <span class='ocrx_word' id='word_1_444' title='bbox 1646 2999 1672 3035; x_wconf 85' lang='lat' dir='ltr'><strong>v.</strong></span> <span class='ocrx_word' id='word_1_445' title='bbox 1691 2988 1732 3036; x_wconf 81' lang='grc'><strong>31.</strong></span> <span class='ocrx_word' id='word_1_446' title='bbox 1751 2982 1849 3036; x_wconf 89' lang='lat' dir='ltr'><strong>similis</strong></span> 
     </span>
     <span class='ocr_line' id='line_1_33' title="bbox 154 3062 1849 3135; baseline 0.001 -13"><span class='ocrx_word' id='word_1_447' title='bbox 154 3067 209 3122; x_wconf 80' lang='lat' dir='ltr'><strong>Sed</strong></span> <span class='ocrx_word' id='word_1_448' title='bbox 227 3066 356 3120; x_wconf 89' lang='lat' dir='ltr'><strong>Costerus</strong></span> <span class='ocrx_word' id='word_1_449' title='bbox 386 3065 438 3119; x_wconf 91' lang='lat' dir='ltr'><strong>hoc</strong></span> <span class='ocrx_word' id='word_1_450' title='bbox 463 3063 567 3131; x_wconf 89' lang='lat' dir='ltr'><strong>accipit</strong></span> <span class='ocrx_word' id='word_1_451' title='bbox 590 3062 625 3116; x_wconf 91' lang='lat' dir='ltr'><strong>de</strong></span> <span class='ocrx_word' id='word_1_452' title='bbox 651 3062 700 3116; x_wconf 87' lang='lat' dir='ltr'><strong>tali</strong></span> <span class='ocrx_word' id='word_1_453' title='bbox 718 3079 817 3133; x_wconf 90' lang='lat' dir='ltr'><strong>regno,</strong></span> <span class='ocrx_word' id='word_1_454' title='bbox 849 3064 923 3133; x_wconf 90' lang='lat' dir='ltr'><strong>quod</strong></span> <span class='ocrx_word' id='word_1_455' title='bbox 951 3063 988 3117; x_wconf 90' lang='lat' dir='ltr'><strong>ab</strong></span> <span class='ocrx_word' id='word_1_456' title='bbox 1015 3065 1148 3134; x_wconf 88' lang='lat' dir='ltr'><strong>parabola</strong></span> <span class='ocrx_word' id='word_1_457' title='bbox 1165 3065 1329 3135; x_wconf 87' lang='lat' dir='ltr'><strong>proponitur</strong></span> <span class='ocrx_word' id='word_1_458' title='bbox 1350 3068 1387 3118; x_wconf 82' lang='lat' dir='ltr'><strong>de</strong></span> <span class='ocrx_word' id='word_1_459' title='bbox 1405 3068 1494 3119; x_wconf 79' lang='lat' dir='ltr'><strong>semis</strong></span> <span class='ocrx_word' id='word_1_460' title='bbox 1512 3069 1732 3135; x_wconf 74' lang='lat' dir='ltr'><strong>exspectantibus</strong></span> <span class='ocrx_word' id='word_1_461' title='bbox 1749 3070 1849 3122; x_wconf 88' lang='lat' dir='ltr'><strong>Domi·</strong></span> 
     </span>
     <span class='ocr_line' id='line_1_34' title="bbox 154 3149 1850 3221; baseline 0.001 -14"><span class='ocrx_word' id='word_1_462' title='bbox 154 3152 281 3207; x_wconf 92' lang='lat' dir='ltr'><strong>omnibus</strong></span> <span class='ocrx_word' id='word_1_463' title='bbox 307 3151 513 3205; x_wconf 78' lang='lat' dir='ltr'><strong>calamitatibus</strong></span> <span class='ocrx_word' id='word_1_464' title='bbox 539 3158 674 3204; x_wconf 90' lang='lat' dir='ltr'><strong>remotum</strong></span> <span class='ocrx_word' id='word_1_465' title='bbox 704 3150 815 3204; x_wconf 90' lang='lat' dir='ltr'><strong>demum</strong></span> <span class='ocrx_word' id='word_1_466' title='bbox 834 3159 897 3221; x_wconf 90' lang='lat' dir='ltr'><strong>post</strong></span> <span class='ocrx_word' id='word_1_467' title='bbox 917 3149 988 3205; x_wconf 88' lang='lat' dir='ltr'><strong>hano</strong></span> <span class='ocrx_word' id='word_1_468' title='bbox 1016 3170 1081 3206; x_wconf 88' lang='lat' dir='ltr'><strong>num</strong></span> <span class='ocrx_word' id='word_1_469' title='bbox 1100 3170 1180 3206; x_wconf 82' lang='lat' dir='ltr'><strong>suum</strong></span> <span class='ocrx_word' id='word_1_470' title='bbox 1198 3170 1216 3203; x_wconf 84' lang='lat' dir='ltr'><strong>a</strong></span> <span class='ocrx_word' id='word_1_471' title='bbox 1233 3153 1341 3220; x_wconf 87' lang='lat' dir='ltr'><strong>nuptiis</strong></span> <span class='ocrx_word' id='word_1_472' title='bbox 1358 3168 1550 3218; x_wconf 85' lang='lat' dir='ltr'><strong>renersnrum,</strong></span> <span class='ocrx_word' id='word_1_473' title='bbox 1568 3159 1596 3207; x_wconf 88' lang='grc'><strong>11</strong></span> <span class='ocrx_word' id='word_1_474' title='bbox 1615 3153 1741 3208; x_wconf 88' lang='lat' dir='ltr'><strong>additur:</strong></span> <span class='ocrx_word' id='word_1_475' title='bbox 1762 3156 1850 3208; x_wconf 86' lang='lat' dir='ltr'><strong>Beati</strong></span> 
     </span>
     <span class='ocr_line' id='line_1_35' title="bbox 155 3235 1849 3309; baseline 0.001 -18"><span class='ocrx_word' id='word_1_476' title='bbox 155 3239 240 3293; x_wconf 87' lang='lat' dir='ltr'><strong>vitam</strong></span> <span class='ocrx_word' id='word_1_477' title='bbox 267 3237 387 3309; x_wconf 87' lang='lat' dir='ltr'><strong>obtingit</strong></span> <span class='ocrx_word' id='word_1_478' title='bbox 406 3236 524 3301; x_wconf 88' lang='lat' dir='ltr'><strong>sanctis,</strong></span> <span class='ocrx_word' id='word_1_479' title='bbox 554 3251 605 3304; x_wconf 91' lang='lat' dir='ltr'><strong>per</strong></span> <span class='ocrx_word' id='word_1_480' title='bbox 628 3235 703 3306; x_wconf 91' lang='lat' dir='ltr'><strong>quod</strong></span> <span class='ocrx_word' id='word_1_481' title='bbox 725 3236 778 3305; x_wconf 86' lang='lat' dir='ltr'><strong>ipsi</strong></span> <span class='ocrx_word' id='word_1_482' title='bbox 803 3252 848 3290; x_wconf 87' lang='grc'><strong>111</strong></span> <span class='ocrx_word' id='word_1_483' title='bbox 866 3243 988 3290; x_wconf 91' lang='lat' dir='ltr'><strong>terrenas</strong></span> <span class='ocrx_word' id='word_1_484' title='bbox 1014 3239 1091 3292; x_wconf 83' lang='lat' dir='ltr'><strong>serui</strong></span> <span class='ocrx_word' id='word_1_485' title='bbox 1115 3238 1176 3306; x_wconf 85' lang='grc'><strong>1111,</strong></span> <span class='ocrx_word' id='word_1_486' title='bbox 1203 3255 1287 3307; x_wconf 72' lang='lat' dir='ltr'><strong>arros,</strong></span> <span class='ocrx_word' id='word_1_487' title='bbox 1314 3255 1376 3291; x_wconf 85' lang='lat' dir='ltr'><strong>eum</strong></span> <span class='ocrx_word' id='word_1_488' title='bbox 1403 3238 1510 3290; x_wconf 77' lang='lat' dir='ltr'><strong>uenerat</strong></span> <span class='ocrx_word' id='word_1_489' title='bbox 1542 3240 1686 3307; x_wconf 84' lang='lat' dir='ltr'><strong>dominus,</strong></span> <span class='ocrx_word' id='word_1_490' title='bbox 1714 3240 1849 3295; x_wconf 82' lang='lat' dir='ltr'><strong>inuenerit</strong></span> 
     </span>
     <span class='ocr_line' id='line_1_36' title="bbox 156 3321 1848 3395; baseline 0.003 -17"><span class='ocrx_word' id='word_1_491' title='bbox 156 3325 348 3379; x_wconf 85' lang='lat' dir='ltr'><strong>administrent</strong></span> <span class='ocrx_word' id='word_1_492' title='bbox 374 3329 403 3377; x_wconf 88' lang='lat' dir='ltr'><strong>et</strong></span> <span class='ocrx_word' id='word_1_493' title='bbox 428 3323 478 3375; x_wconf 90' lang='lat' dir='ltr'><strong>toti</strong></span> <span class='ocrx_word' id='word_1_494' title='bbox 503 3322 606 3375; x_wconf 87' lang='lat' dir='ltr'><strong>mundo</strong></span> <span class='ocrx_word' id='word_1_495' title='bbox 633 3322 817 3390; x_wconf 84' lang='lat' dir='ltr'><strong>praesideant.</strong></span> <span class='ocrx_word' id='word_1_496' title='bbox 866 3329 889 3376; x_wconf 77' lang='lat'><strong>5,</strong></span> <span class='ocrx_word' id='word_1_497' title='bbox 907 3321 937 3377; x_wconf 84' lang='lat' dir='ltr'><strong>si</strong></span> <span class='ocrx_word' id='word_1_498' title='bbox 959 3323 988 3376; x_wconf 93' lang='lat' dir='ltr'><strong>in</strong></span> <span class='ocrx_word' id='word_1_499' title='bbox 1014 3325 1173 3394; x_wconf 74' lang='lat' dir='ltr'><strong>stpttantes.</strong></span> <span class='ocrx_word' id='word_1_500' title='bbox 1212 3324 1303 3377; x_wconf 82' lang='lat' dir='ltr'><strong>Amen</strong></span> <span class='ocrx_word' id='word_1_501' title='bbox 1320 3323 1383 3376; x_wconf 82' lang='lat' dir='ltr'><strong>dico</strong></span> <span class='ocrx_word' id='word_1_502' title='bbox 1400 3323 1485 3386; x_wconf 78' lang='grc'><strong>10111,</strong></span> <span class='ocrx_word' id='word_1_503' title='bbox 1505 3327 1582 3391; x_wconf 79' lang='lat' dir='ltr'><strong>quod</strong></span> <span class='ocrx_word' id='word_1_504' title='bbox 1596 3327 1759 3395; x_wconf 72' lang='lat' dir='ltr'><strong>praecinget</strong></span> <span class='ocrx_word' id='word_1_505' title='bbox 1776 3343 1805 3381; x_wconf 83' lang='lat' dir='ltr'><strong>se</strong></span> <span class='ocrx_word' id='word_1_506' title='bbox 1822 3336 1848 3383; x_wconf 82' lang='lat' dir='ltr'><strong>st</strong></span> 
     </span>
     <span class='ocr_line' id='line_1_37' title="bbox 156 3407 1846 3482; baseline 0.001 -16"><span class='ocrx_word' id='word_1_507' title='bbox 156 3429 258 3482; x_wconf 84' lang='lat' dir='ltr'><strong>genere</strong></span> <span class='ocrx_word' id='word_1_508' title='bbox 290 3411 325 3464; x_wconf 89' lang='lat' dir='ltr'><strong>de</strong></span> <span class='ocrx_word' id='word_1_509' title='bbox 360 3408 488 3462; x_wconf 85' lang='lat' dir='ltr'><strong>omnibus</strong></span> <span class='ocrx_word' id='word_1_510' title='bbox 523 3408 625 3461; x_wconf 88' lang='lat' dir='ltr'><strong>sanctis</strong></span> <span class='ocrx_word' id='word_1_511' title='bbox 665 3407 856 3477; x_wconf 86' lang='lat' dir='ltr'><strong>spiritualibus</strong></span> <span class='ocrx_word' id='word_1_512' title='bbox 886 3408 990 3463; x_wconf 91' lang='lat' dir='ltr'><strong>Christi</strong></span> <span class='ocrx_word' id='word_1_513' title='bbox 1013 3414 1104 3476; x_wconf 79' lang='lat' dir='ltr'><strong>saciet</strong></span> <span class='ocrx_word' id='word_1_514' title='bbox 1126 3411 1193 3465; x_wconf 83' lang='lat' dir='ltr'><strong>iilos</strong></span> <span class='ocrx_word' id='word_1_515' title='bbox 1213 3409 1385 3464; x_wconf 82' lang='lat' dir='ltr'><strong>discumbere</strong></span> <span class='ocrx_word' id='word_1_516' title='bbox 1413 3418 1439 3462; x_wconf 89' lang='lat' dir='ltr'><strong>st</strong></span> <span class='ocrx_word' id='word_1_517' title='bbox 1457 3410 1552 3462; x_wconf 81' lang='lat' dir='ltr'><strong>abiem</strong></span> <span class='ocrx_word' id='word_1_518' title='bbox 1577 3413 1747 3466; x_wconf 79' lang='lat' dir='ltr'><strong>ministrabit</strong></span> <span class='ocrx_word' id='word_1_519' title='bbox 1777 3415 1846 3468; x_wconf 83' lang='lat' dir='ltr'><strong>iliis.</strong></span> 
     </span>
     <span class='ocr_line' id='line_1_38' title="bbox 154 3494 1847 3567; baseline 0.001 -15"><span class='ocrx_word' id='word_1_520' title='bbox 154 3498 218 3552; x_wconf 89' lang='lat' dir='ltr'><strong>liliis</strong></span> <span class='ocrx_word' id='word_1_521' title='bbox 234 3497 359 3565; x_wconf 90' lang='lat' dir='ltr'><strong>accipere</strong></span> <span class='ocrx_word' id='word_1_522' title='bbox 379 3494 509 3559; x_wconf 82' lang='lat' dir='ltr'><strong>velimus,</strong></span> <span class='ocrx_word' id='word_1_523' title='bbox 534 3510 632 3547; x_wconf 90' lang='lat' dir='ltr'><strong>sensus</strong></span> <span class='ocrx_word' id='word_1_524' title='bbox 652 3494 725 3561; x_wconf 82' lang='lat' dir='ltr'><strong>erit,</strong></span> <span class='ocrx_word' id='word_1_525' title='bbox 749 3495 823 3565; x_wconf 91' lang='lat' dir='ltr'><strong>quod</strong></span> <span class='ocrx_word' id='word_1_526' title='bbox 842 3495 883 3549; x_wconf 94' lang='lat' dir='ltr'><strong>illi</strong></span> <span class='ocrx_word' id='word_1_527' title='bbox 900 3497 990 3550; x_wconf 92' lang='lat' dir='ltr'><strong>domi·</strong></span> <span class='ocrx_word' id='word_1_528' title='bbox 1016 3498 1120 3563; x_wconf 84' lang='lat' dir='ltr'><strong>Quodsi</strong></span> <span class='ocrx_word' id='word_1_529' title='bbox 1137 3497 1189 3552; x_wconf 94' lang='lat' dir='ltr'><strong>hoc</strong></span> <span class='ocrx_word' id='word_1_530' title='bbox 1206 3499 1289 3567; x_wconf 87' lang='lat' dir='ltr'><strong>juxta</strong></span> <span class='ocrx_word' id='word_1_531' title='bbox 1304 3495 1412 3550; x_wconf 87' lang='lat' dir='ltr'><strong>literam</strong></span> <span class='ocrx_word' id='word_1_532' title='bbox 1432 3495 1624 3564; x_wconf 90' lang='lat' dir='ltr'><strong>accipiendum</strong></span> <span class='ocrx_word' id='word_1_533' title='bbox 1645 3506 1731 3567; x_wconf 85' lang='lat' dir='ltr'><strong>esset,</strong></span> <span class='ocrx_word' id='word_1_534' title='bbox 1753 3516 1847 3554; x_wconf 89' lang='lat' dir='ltr'><strong>conse-</strong></span> 
     </span>
     <span class='ocr_line' id='line_1_39' title="bbox 154 3579 1847 3656; baseline 0 -18"><span class='ocrx_word' id='word_1_535' title='bbox 154 3584 247 3638; x_wconf 86' lang='lat' dir='ltr'><strong>naturi</strong></span> <span class='ocrx_word' id='word_1_536' title='bbox 264 3583 319 3636; x_wconf 90' lang='lat' dir='ltr'><strong>siut</strong></span> <span class='ocrx_word' id='word_1_537' title='bbox 335 3580 420 3649; x_wconf 86' lang='lat' dir='ltr'><strong>carui,</strong></span> <span class='ocrx_word' id='word_1_538' title='bbox 440 3580 543 3634; x_wconf 90' lang='lat' dir='ltr'><strong>mundo</strong></span> <span class='ocrx_word' id='word_1_539' title='bbox 563 3587 592 3634; x_wconf 90' lang='lat' dir='ltr'><strong>et</strong></span> <span class='ocrx_word' id='word_1_540' title='bbox 609 3579 737 3650; x_wconf 88' lang='lat' dir='ltr'><strong>Satanae,</strong></span> <span class='ocrx_word' id='word_1_541' title='bbox 757 3581 831 3636; x_wconf 90' lang='lat' dir='ltr'><strong>sicut</strong></span> <span class='ocrx_word' id='word_1_542' title='bbox 845 3581 950 3636; x_wconf 86' lang='lat' dir='ltr'><strong>Coloss.</strong></span> <span class='ocrx_word' id='word_1_543' title='bbox 964 3589 989 3651; x_wconf 89' lang='grc'><strong>3,</strong></span> <span class='ocrx_word' id='word_1_544' title='bbox 1015 3602 1102 3656; x_wconf 91' lang='lat' dir='ltr'><strong>quens</strong></span> <span class='ocrx_word' id='word_1_545' title='bbox 1129 3583 1215 3651; x_wconf 84' lang='lat' dir='ltr'><strong>foret,</strong></span> <span class='ocrx_word' id='word_1_546' title='bbox 1247 3581 1387 3636; x_wconf 90' lang='lat' dir='ltr'><strong>Christum</strong></span> <span class='ocrx_word' id='word_1_547' title='bbox 1416 3581 1518 3635; x_wconf 87' lang='lat' dir='ltr'><strong>sanctis</strong></span> <span class='ocrx_word' id='word_1_548' title='bbox 1543 3582 1572 3636; x_wconf 95' lang='lat' dir='ltr'><strong>in</strong></span> <span class='ocrx_word' id='word_1_549' title='bbox 1591 3582 1668 3637; x_wconf 93' lang='lat' dir='ltr'><strong>coelo</strong></span> <span class='ocrx_word' id='word_1_550' title='bbox 1686 3586 1847 3640; x_wconf 89' lang='lat' dir='ltr'><strong>ministrare.</strong></span> 
     </span>
     <span class='ocr_line' id='line_1_40' title="bbox 154 3667 1847 3740; baseline 0.001 -16"><span class='ocrx_word' id='word_1_551' title='bbox 154 3689 179 3724; x_wconf 85' lang='lat' dir='ltr'><strong>v.</strong></span> <span class='ocrx_word' id='word_1_552' title='bbox 199 3678 227 3725; x_wconf 84' lang='lat'><strong>5:</strong></span> <span class='ocrx_word' id='word_1_553' title='bbox 247 3669 384 3722; x_wconf 86' lang='lat' dir='ltr'><strong>Jubemur</strong></span> <span class='ocrx_word' id='word_1_554' title='bbox 394 3669 574 3730; x_wconf 73' lang='lat' dir='ltr'><strong>mortificare</strong></span> <span class='ocrx_word' id='word_1_555' title='bbox 588 3667 719 3734; x_wconf 86' lang='lat' dir='ltr'><strong>membra,</strong></span> <span class='ocrx_word' id='word_1_556' title='bbox 738 3685 809 3737; x_wconf 74' lang='lat' dir='ltr'><strong>quoe</strong></span> <span class='ocrx_word' id='word_1_557' title='bbox 827 3678 892 3723; x_wconf 88' lang='lat' dir='ltr'><strong>suut</strong></span> <span class='ocrx_word' id='word_1_558' title='bbox 904 3686 989 3738; x_wconf 84' lang='lat' dir='ltr'><strong>super</strong></span> <span class='ocrx_word' id='word_1_559' title='bbox 1016 3681 1041 3728; x_wconf 81' lang='lat' dir='ltr'><strong>t.</strong></span> <span class='ocrx_word' id='word_1_560' title='bbox 1054 3668 1244 3740; x_wconf 85' lang='lat' dir='ltr'><strong>Metaphon&#39;ce</strong></span> <span class='ocrx_word' id='word_1_561' title='bbox 1259 3669 1345 3739; x_wconf 85' lang='lat' dir='ltr'><strong>igitur</strong></span> <span class='ocrx_word' id='word_1_562' title='bbox 1360 3684 1393 3722; x_wconf 90' lang='lat' dir='ltr'><strong>ac</strong></span> <span class='ocrx_word' id='word_1_563' title='bbox 1406 3667 1607 3738; x_wconf 83' lang='lat' dir='ltr'><strong>synecdochice</strong></span> <span class='ocrx_word' id='word_1_564' title='bbox 1627 3670 1677 3725; x_wconf 94' lang='lat' dir='ltr'><strong>hoc</strong></span> <span class='ocrx_word' id='word_1_565' title='bbox 1689 3671 1847 3740; x_wconf 86' lang='lat' dir='ltr'><strong>parabolice</strong></span> 
     </span>
     <span class='ocr_line' id='line_1_41' title="bbox 155 3753 1848 3828; baseline 0.001 -17"><span class='ocrx_word' id='word_1_566' title='bbox 155 3766 269 3823; x_wconf 88' lang='lat' dir='ltr'><strong>terram,</strong></span> <span class='ocrx_word' id='word_1_567' title='bbox 288 3771 343 3827; x_wconf 93' lang='lat' dir='ltr'><strong>quo</strong></span> <span class='ocrx_word' id='word_1_568' title='bbox 356 3764 484 3823; x_wconf 88' lang='lat' dir='ltr'><strong>respectu</strong></span> <span class='ocrx_word' id='word_1_569' title='bbox 502 3768 596 3807; x_wconf 89' lang='lat' dir='ltr'><strong>omnes</strong></span> <span class='ocrx_word' id='word_1_570' title='bbox 616 3769 680 3808; x_wconf 85' lang='lat' dir='ltr'><strong>vere</strong></span> <span class='ocrx_word' id='word_1_571' title='bbox 699 3755 738 3823; x_wconf 93' lang='lat' dir='ltr'><strong>pii</strong></span> <span class='ocrx_word' id='word_1_572' title='bbox 757 3754 886 3809; x_wconf 92' lang='lat' dir='ltr'><strong>dicuntur</strong></span> <span class='ocrx_word' id='word_1_573' title='bbox 904 3758 989 3825; x_wconf 82' lang='lat' dir='ltr'><strong>spiri·</strong></span> <span class='ocrx_word' id='word_1_574' title='bbox 1015 3756 1145 3828; x_wconf 88' lang='lat' dir='ltr'><strong>loquendi</strong></span> <span class='ocrx_word' id='word_1_575' title='bbox 1166 3771 1268 3826; x_wconf 88' lang='lat' dir='ltr'><strong>genere</strong></span> <span class='ocrx_word' id='word_1_576' title='bbox 1290 3753 1420 3809; x_wconf 89' lang='lat' dir='ltr'><strong>fidelibus</strong></span> <span class='ocrx_word' id='word_1_577' title='bbox 1446 3754 1531 3808; x_wconf 86' lang='lat' dir='ltr'><strong>servis</strong></span> <span class='ocrx_word' id='word_1_578' title='bbox 1550 3756 1720 3823; x_wconf 87' lang='lat' dir='ltr'><strong>promittitur</strong></span> <span class='ocrx_word' id='word_1_579' title='bbox 1736 3763 1848 3813; x_wconf 87' lang='lat' dir='ltr'><strong>aeterua</strong></span> 
     </span>
     <span class='ocr_line' id='line_1_42' title="bbox 154 3838 1848 3912; baseline 0.002 -18"><span class='ocrx_word' id='word_1_580' title='bbox 154 3843 244 3900; x_wconf 82' lang='lat' dir='ltr'><strong>tuales</strong></span> <span class='ocrx_word' id='word_1_581' title='bbox 262 3859 340 3908; x_wconf 75' lang='lat' dir='ltr'><strong>repas</strong></span> <span class='ocrx_word' id='word_1_582' title='bbox 357 3839 472 3911; x_wconf 84' lang='lat' dir='ltr'><strong>Apocal.</strong></span> <span class='ocrx_word' id='word_1_583' title='bbox 496 3845 523 3906; x_wconf 93' lang='grc'><strong>1,</strong></span> <span class='ocrx_word' id='word_1_584' title='bbox 543 3857 569 3893; x_wconf 84' lang='grc'><strong>1.</strong></span> <span class='ocrx_word' id='word_1_585' title='bbox 590 3844 661 3894; x_wconf 87' lang='grc'><strong>611</strong></span> <span class='ocrx_word' id='word_1_586' title='bbox 680 3841 778 3908; x_wconf 79' lang='lat' dir='ltr'><strong>repale</strong></span> <span class='ocrx_word' id='word_1_587' title='bbox 798 3843 987 3896; x_wconf 80' lang='lat' dir='ltr'><strong>sacerdotium</strong></span> <span class='ocrx_word' id='word_1_588' title='bbox 1016 3844 1169 3906; x_wconf 88' lang='lat' dir='ltr'><strong>beatitudo,</strong></span> <span class='ocrx_word' id='word_1_589' title='bbox 1192 3839 1342 3895; x_wconf 87' lang='lat' dir='ltr'><strong>ineffabilis</strong></span> <span class='ocrx_word' id='word_1_590' title='bbox 1361 3838 1478 3904; x_wconf 89' lang='lat' dir='ltr'><strong>laetitia,</strong></span> <span class='ocrx_word' id='word_1_591' title='bbox 1495 3839 1621 3894; x_wconf 90' lang='lat' dir='ltr'><strong>coelestis</strong></span> <span class='ocrx_word' id='word_1_592' title='bbox 1638 3842 1742 3912; x_wconf 91' lang='lat' dir='ltr'><strong>gloria,</strong></span> <span class='ocrx_word' id='word_1_593' title='bbox 1761 3844 1848 3899; x_wconf 94' lang='lat' dir='ltr'><strong>honor</strong></span> 
     </span>
     <span class='ocr_line' id='line_1_43' title="bbox 157 3925 1848 3999; baseline -0.002 -15"><span class='ocrx_word' id='word_1_594' title='bbox 157 3927 403 3996; x_wconf 80' lang='grc' dir='ltr'><strong>1.Ρ111.2,1.11.</strong></span> <span class='ocrx_word' id='word_1_595' title='bbox 1016 3926 1301 3999; x_wconf 89' lang='lat' dir='ltr'><strong>incomprehensibilis</strong></span> <span class='ocrx_word' id='word_1_596' title='bbox 1328 3941 1362 3979; x_wconf 89' lang='lat' dir='ltr'><strong>ac</strong></span> <span class='ocrx_word' id='word_1_597' title='bbox 1394 3925 1518 3995; x_wconf 90' lang='lat' dir='ltr'><strong>praemia</strong></span> <span class='ocrx_word' id='word_1_598' title='bbox 1545 3943 1688 3996; x_wconf 88' lang='lat' dir='ltr'><strong>nunquam</strong></span> <span class='ocrx_word' id='word_1_599' title='bbox 1719 3928 1848 3994; x_wconf 87' lang='lat' dir='ltr'><strong>finienda,</strong></span> 
     </span>
     <span class='ocr_line' id='line_1_44' title="bbox 25 4011 1847 4087; baseline -0.005 -7"><span class='ocrx_word' id='word_1_600' title='bbox 25 4038 141 4080; x_wconf 73' lang='lat' dir='ltr'><strong>tussim.</strong></span> <span class='ocrx_word' id='word_1_601' title='bbox 189 4021 247 4070; x_wconf 76' lang='grc'><strong>356.</strong></span> <span class='ocrx_word' id='word_1_602' title='bbox 286 4012 433 4070; x_wconf 84' lang='grc' dir='ltr'><strong>2.Ρ11111.</strong></span> <span class='ocrx_word' id='word_1_603' title='bbox 456 4018 518 4078; x_wconf 86' lang='grc'><strong>119,</strong></span> <span class='ocrx_word' id='word_1_604' title='bbox 544 4028 569 4064; x_wconf 86' lang='grc'><strong>1.</strong></span> <span class='ocrx_word' id='word_1_605' title='bbox 588 4018 618 4065; x_wconf 81' lang='lat'><strong>5:</strong></span> <span class='ocrx_word' id='word_1_606' title='bbox 645 4013 833 4066; x_wconf 75' lang='lat' dir='ltr'><strong>Exsultabunt</strong></span> <span class='ocrx_word' id='word_1_607' title='bbox 850 4015 942 4067; x_wconf 81' lang='lat' dir='ltr'><strong>saneti</strong></span> <span class='ocrx_word' id='word_1_608' title='bbox 959 4013 989 4067; x_wconf 86' lang='lat' dir='ltr'><strong>in</strong></span> <span class='ocrx_word' id='word_1_609' title='bbox 1015 4033 1087 4087; x_wconf 91' lang='lat' dir='ltr'><strong>quae</strong></span> <span class='ocrx_word' id='word_1_610' title='bbox 1117 4013 1247 4068; x_wconf 88' lang='lat' dir='ltr'><strong>fidelibus</strong></span> <span class='ocrx_word' id='word_1_611' title='bbox 1277 4011 1362 4066; x_wconf 83' lang='lat' dir='ltr'><strong>servis</strong></span> <span class='ocrx_word' id='word_1_612' title='bbox 1392 4027 1443 4065; x_wconf 91' lang='lat' dir='ltr'><strong>suo</strong></span> <span class='ocrx_word' id='word_1_613' title='bbox 1474 4017 1599 4082; x_wconf 89' lang='lat' dir='ltr'><strong>tempore</strong></span> <span class='ocrx_word' id='word_1_614' title='bbox 1624 4014 1680 4067; x_wconf 90' lang='lat' dir='ltr'><strong>sint</strong></span> <span class='ocrx_word' id='word_1_615' title='bbox 1702 4033 1719 4069; x_wconf 94' lang='lat' dir='ltr'><strong>a</strong></span> <span class='ocrx_word' id='word_1_616' title='bbox 1739 4014 1847 4071; x_wconf 87' lang='lat' dir='ltr'><strong>Christo</strong></span> 
     </span>
     <span class='ocr_line' id='line_1_45' title="bbox 24 4090 1848 4182; baseline 0 -27"><span class='ocrx_word' id='word_1_617' title='bbox 24 4090 141 4182; x_wconf 40' lang='lat' dir='ltr'><strong>&amp;gub-⁵²</strong></span> <span class='ocrx_word' id='word_1_618' title='bbox 155 4101 266 4171; x_wconf 74' lang='grc'><strong>910111,</strong></span> <span class='ocrx_word' id='word_1_619' title='bbox 293 4118 319 4156; x_wconf 81' lang='lat' dir='ltr'><strong>v.</strong></span> <span class='ocrx_word' id='word_1_620' title='bbox 339 4106 364 4156; x_wconf 88' lang='lat'><strong>6.</strong></span> <span class='ocrx_word' id='word_1_621' title='bbox 392 4101 488 4171; x_wconf 77' lang='lat' dir='ltr'><strong>placiti</strong></span> <span class='ocrx_word' id='word_1_622' title='bbox 517 4100 654 4170; x_wconf 79' lang='lat' dir='ltr'><strong>anapites</strong></span> <span class='ocrx_word' id='word_1_623' title='bbox 681 4099 710 4152; x_wconf 87' lang='grc'><strong>11</strong></span> <span class='ocrx_word' id='word_1_624' title='bbox 734 4101 861 4153; x_wconf 77' lang='lat' dir='ltr'><strong>manibus</strong></span> <span class='ocrx_word' id='word_1_625' title='bbox 885 4119 987 4167; x_wconf 87' lang='lat' dir='ltr'><strong>eorum,</strong></span> <span class='ocrx_word' id='word_1_626' title='bbox 1015 4100 1189 4157; x_wconf 81' lang='lat' dir='ltr'><strong>conferenda.</strong></span> <span class='ocrx_word' id='word_1_627' title='bbox 1232 4098 1275 4153; x_wconf 90' lang='lat' dir='ltr'><strong>De</strong></span> <span class='ocrx_word' id='word_1_628' title='bbox 1294 4098 1377 4152; x_wconf 88' lang='lat' dir='ltr'><strong>rebus</strong></span> <span class='ocrx_word' id='word_1_629' title='bbox 1404 4099 1476 4153; x_wconf 91' lang='lat' dir='ltr'><strong>enim</strong></span> <span class='ocrx_word' id='word_1_630' title='bbox 1493 4097 1579 4152; x_wconf 88' lang='lat' dir='ltr'><strong>futuri</strong></span> <span class='ocrx_word' id='word_1_631' title='bbox 1598 4100 1683 4153; x_wconf 92' lang='lat' dir='ltr'><strong>seculi</strong></span> <span class='ocrx_word' id='word_1_632' title='bbox 1703 4098 1848 4171; x_wconf 85' lang='lat' dir='ltr'><strong>Scriptura</strong></span> 
     </span>
     <span class='ocr_line' id='line_1_46' title="bbox 25 4181 1846 4259; baseline -0.001 -18"><span class='ocrx_word' id='word_1_633' title='bbox 25 4196 107 4234; x_wconf 70' lang='lat' dir='ltr'><strong>issum</strong></span> <span class='ocrx_word' id='word_1_634' title='bbox 155 4195 224 4242; x_wconf 70' lang='grc'><strong>11.</strong></span> <span class='ocrx_word' id='word_1_635' title='bbox 245 4187 469 4252; x_wconf 81' lang='lat' dir='ltr'><strong>adfaciendam</strong></span> <span class='ocrx_word' id='word_1_636' title='bbox 486 4187 639 4240; x_wconf 83' lang='lat' dir='ltr'><strong>uindictam</strong></span> <span class='ocrx_word' id='word_1_637' title='bbox 660 4185 690 4238; x_wconf 88' lang='lat' dir='ltr'><strong>in</strong></span> <span class='ocrx_word' id='word_1_638' title='bbox 709 4187 883 4252; x_wconf 84' lang='lat' dir='ltr'><strong>nationibus,</strong></span> <span class='ocrx_word' id='word_1_639' title='bbox 900 4189 986 4242; x_wconf 81' lang='lat' dir='ltr'><strong>inors-</strong></span> <span class='ocrx_word' id='word_1_640' title='bbox 1014 4205 1065 4258; x_wconf 91' lang='lat' dir='ltr'><strong>per</strong></span> <span class='ocrx_word' id='word_1_641' title='bbox 1090 4187 1231 4259; x_wconf 90' lang='lat' dir='ltr'><strong>quandam</strong></span> <span class='ocrx_word' id='word_1_642' title='bbox 1260 4181 1465 4256; x_wconf 75' lang='lat' dir='ltr'><strong>osyssuipsass</strong></span> <span class='ocrx_word' id='word_1_643' title='bbox 1497 4183 1620 4252; x_wconf 87' lang='lat' dir='ltr'><strong>loquitur</strong></span> <span class='ocrx_word' id='word_1_644' title='bbox 1647 4185 1738 4239; x_wconf 86' lang='lat' dir='ltr'><strong>verbis</strong></span> <span class='ocrx_word' id='word_1_645' title='bbox 1764 4186 1846 4256; x_wconf 88' lang='lat' dir='ltr'><strong>hujus</strong></span> 
     </span>
     <span class='ocr_line' id='line_1_47' title="bbox 23 4247 1846 4347; baseline 0 -21"><span class='ocrx_word' id='word_1_646' title='bbox 23 4247 140 4347; x_wconf 54' lang='lat' dir='ltr'><strong>{imm</strong></span> <span class='ocrx_word' id='word_1_647' title='bbox 151 4275 283 4343; x_wconf 75' lang='lat' dir='ltr'><strong>potiones</strong></span> <span class='ocrx_word' id='word_1_648' title='bbox 309 4273 340 4326; x_wconf 90' lang='lat' dir='ltr'><strong>in</strong></span> <span class='ocrx_word' id='word_1_649' title='bbox 365 4272 500 4342; x_wconf 85' lang='lat' dir='ltr'><strong>populis,</strong></span> <span class='ocrx_word' id='word_1_650' title='bbox 532 4290 556 4330; x_wconf 83' lang='lat' dir='ltr'><strong>v.</strong></span> <span class='ocrx_word' id='word_1_651' title='bbox 588 4277 612 4329; x_wconf 86' lang='grc'><strong>6.</strong></span> <span class='ocrx_word' id='word_1_652' title='bbox 645 4274 687 4325; x_wconf 82' lang='lat' dir='ltr'><strong>ad</strong></span> <span class='ocrx_word' id='word_1_653' title='bbox 716 4273 881 4340; x_wconf 67' lang='lat' dir='ltr'><strong>antoanam</strong></span> <span class='ocrx_word' id='word_1_654' title='bbox 908 4291 989 4342; x_wconf 78' lang='lat' dir='ltr'><strong>repes</strong></span> <span class='ocrx_word' id='word_1_655' title='bbox 1014 4273 1109 4341; x_wconf 89' lang='lat' dir='ltr'><strong>seculi,</strong></span> <span class='ocrx_word' id='word_1_656' title='bbox 1130 4279 1161 4326; x_wconf 92' lang='lat' dir='ltr'><strong>ut</strong></span> <span class='ocrx_word' id='word_1_657' title='bbox 1181 4272 1217 4326; x_wconf 88' lang='lat' dir='ltr'><strong>sit</strong></span> <span class='ocrx_word' id='word_1_658' title='bbox 1234 4288 1339 4338; x_wconf 87' lang='lat' dir='ltr'><strong>sensus,</strong></span> <span class='ocrx_word' id='word_1_659' title='bbox 1358 4271 1429 4325; x_wconf 89' lang='lat' dir='ltr'><strong>sicut</strong></span> <span class='ocrx_word' id='word_1_660' title='bbox 1447 4275 1476 4324; x_wconf 87' lang='lat' dir='ltr'><strong>irs</strong></span> <span class='ocrx_word' id='word_1_661' title='bbox 1496 4272 1548 4324; x_wconf 83' lang='lat' dir='ltr'><strong>hac</strong></span> <span class='ocrx_word' id='word_1_662' title='bbox 1569 4271 1626 4324; x_wconf 84' lang='lat' dir='ltr'><strong>vita</strong></span> <span class='ocrx_word' id='word_1_663' title='bbox 1645 4272 1743 4325; x_wconf 91' lang='lat' dir='ltr'><strong>summi</strong></span> <span class='ocrx_word' id='word_1_664' title='bbox 1761 4271 1846 4326; x_wconf 92' lang='lat' dir='ltr'><strong>hono·</strong></span> 
     </span>
     <span class='ocr_line' id='line_1_48' title="bbox 154 4355 1846 4430; baseline 0 -16"><span class='ocrx_word' id='word_1_665' title='bbox 154 4379 250 4414; x_wconf 88' lang='lat' dir='ltr'><strong>eoram</strong></span> <span class='ocrx_word' id='word_1_666' title='bbox 277 4361 307 4413; x_wconf 89' lang='lat' dir='ltr'><strong>in</strong></span> <span class='ocrx_word' id='word_1_667' title='bbox 324 4361 503 4430; x_wconf 82' lang='lat' dir='ltr'><strong>compedibus</strong></span> <span class='ocrx_word' id='word_1_668' title='bbox 529 4366 555 4413; x_wconf 89' lang='lat' dir='ltr'><strong>et</strong></span> <span class='ocrx_word' id='word_1_669' title='bbox 572 4360 678 4413; x_wconf 87' lang='lat' dir='ltr'><strong>nobiles</strong></span> <span class='ocrx_word' id='word_1_670' title='bbox 705 4375 800 4412; x_wconf 89' lang='lat' dir='ltr'><strong>eorum</strong></span> <span class='ocrx_word' id='word_1_671' title='bbox 821 4359 850 4411; x_wconf 86' lang='lat' dir='ltr'><strong>in</strong></span> <span class='ocrx_word' id='word_1_672' title='bbox 869 4362 988 4413; x_wconf 86' lang='lat' dir='ltr'><strong>manicis</strong></span> <span class='ocrx_word' id='word_1_673' title='bbox 1014 4360 1051 4413; x_wconf 93' lang='lat' dir='ltr'><strong>ris</strong></span> <span class='ocrx_word' id='word_1_674' title='bbox 1071 4367 1099 4414; x_wconf 90' lang='lat' dir='ltr'><strong>et</strong></span> <span class='ocrx_word' id='word_1_675' title='bbox 1118 4357 1233 4429; x_wconf 89' lang='lat' dir='ltr'><strong>praemii</strong></span> <span class='ocrx_word' id='word_1_676' title='bbox 1250 4357 1311 4412; x_wconf 89' lang='lat' dir='ltr'><strong>loco</strong></span> <span class='ocrx_word' id='word_1_677' title='bbox 1330 4355 1493 4419; x_wconf 83' lang='lat' dir='ltr'><strong>haberetur,</strong></span> <span class='ocrx_word' id='word_1_678' title='bbox 1511 4356 1535 4410; x_wconf 92' lang='lat' dir='ltr'><strong>si</strong></span> <span class='ocrx_word' id='word_1_679' title='bbox 1552 4373 1599 4410; x_wconf 83' lang='lat' dir='ltr'><strong>res</strong></span> <span class='ocrx_word' id='word_1_680' title='bbox 1616 4357 1717 4429; x_wconf 90' lang='lat' dir='ltr'><strong>aliquis</strong></span> <span class='ocrx_word' id='word_1_681' title='bbox 1735 4358 1846 4414; x_wconf 85' lang='lat' dir='ltr'><strong>fidelem</strong></span> 
     </span>
     <span class='ocr_line' id='line_1_49' title="bbox 152 4443 1846 4516; baseline 0 -14"><span class='ocrx_word' id='word_1_682' title='bbox 152 4449 268 4515; x_wconf 81' lang='lat' dir='ltr'><strong>ferreis,</strong></span> <span class='ocrx_word' id='word_1_683' title='bbox 288 4452 350 4503; x_wconf 74' lang='lat' dir='ltr'><strong>ut.</strong></span> <span class='ocrx_word' id='word_1_684' title='bbox 368 4447 986 4516; x_wconf 67' lang='grc'><strong>111111111111111111111111101111111111,</strong></span> <span class='ocrx_word' id='word_1_685' title='bbox 1014 4463 1124 4500; x_wconf 83' lang='lat' dir='ltr'><strong>servum</strong></span> <span class='ocrx_word' id='word_1_686' title='bbox 1144 4460 1256 4499; x_wconf 87' lang='lat' dir='ltr'><strong>mensae</strong></span> <span class='ocrx_word' id='word_1_687' title='bbox 1279 4460 1346 4498; x_wconf 88' lang='lat' dir='ltr'><strong>suae</strong></span> <span class='ocrx_word' id='word_1_688' title='bbox 1365 4443 1538 4509; x_wconf 87' lang='lat' dir='ltr'><strong>admoveret,</strong></span> <span class='ocrx_word' id='word_1_689' title='bbox 1564 4443 1623 4514; x_wconf 90' lang='lat' dir='ltr'><strong>ipse</strong></span> <span class='ocrx_word' id='word_1_690' title='bbox 1650 4445 1739 4500; x_wconf 88' lang='lat' dir='ltr'><strong>eidem</strong></span> <span class='ocrx_word' id='word_1_691' title='bbox 1768 4448 1846 4502; x_wconf 92' lang='lat' dir='ltr'><strong>mini·</strong></span> 
     </span>
     <span class='ocr_line' id='line_1_50' title="bbox 153 4529 1847 4601; baseline -0.001 -13"><span class='ocrx_word' id='word_1_692' title='bbox 153 4535 248 4601; x_wconf 75' lang='lat' dir='ltr'><strong>pluria</strong></span> <span class='ocrx_word' id='word_1_693' title='bbox 266 4535 334 4587; x_wconf 86' lang='lat' dir='ltr'><strong>boec</strong></span> <span class='ocrx_word' id='word_1_694' title='bbox 352 4541 393 4586; x_wconf 92' lang='lat' dir='ltr'><strong>est</strong></span> <span class='ocrx_word' id='word_1_695' title='bbox 414 4535 538 4586; x_wconf 87' lang='lat' dir='ltr'><strong>omnibus</strong></span> <span class='ocrx_word' id='word_1_696' title='bbox 560 4535 666 4586; x_wconf 84' lang='lat' dir='ltr'><strong>sanctis</strong></span> <span class='ocrx_word' id='word_1_697' title='bbox 688 4533 717 4599; x_wconf 79' lang='grc'><strong>11</strong></span> <span class='ocrx_word' id='word_1_698' title='bbox 751 4571 757 4583; x_wconf 90' lang='grc'><strong>.</strong></span> <span class='ocrx_word' id='word_1_699' title='bbox 800 4533 880 4599; x_wconf 82' lang='lat' dir='ltr'><strong>Erpa</strong></span> <span class='ocrx_word' id='word_1_700' title='bbox 897 4533 990 4585; x_wconf 87' lang='lat' dir='ltr'><strong>sancti</strong></span> <span class='ocrx_word' id='word_1_701' title='bbox 1014 4538 1130 4600; x_wconf 89' lang='lat' dir='ltr'><strong>straret,</strong></span> <span class='ocrx_word' id='word_1_702' title='bbox 1156 4548 1240 4600; x_wconf 92' lang='lat' dir='ltr'><strong>super</strong></span> <span class='ocrx_word' id='word_1_703' title='bbox 1257 4531 1350 4585; x_wconf 88' lang='lat' dir='ltr'><strong>omnia</strong></span> <span class='ocrx_word' id='word_1_704' title='bbox 1367 4547 1418 4584; x_wconf 90' lang='lat' dir='ltr'><strong>sua</strong></span> <span class='ocrx_word' id='word_1_705' title='bbox 1436 4529 1511 4585; x_wconf 91' lang='lat' dir='ltr'><strong>bona</strong></span> <span class='ocrx_word' id='word_1_706' title='bbox 1527 4531 1646 4586; x_wconf 90' lang='lat' dir='ltr'><strong>eundem</strong></span> <span class='ocrx_word' id='word_1_707' title='bbox 1668 4532 1847 4591; x_wconf 87' lang='lat' dir='ltr'><strong>constitueret</strong></span> 
     </span>
     <span class='ocr_line' id='line_1_51' title="bbox 153 4615 1846 4689; baseline 0 -15"><span class='ocrx_word' id='word_1_708' title='bbox 153 4631 217 4674; x_wconf 87' lang='lat' dir='ltr'><strong>sunt</strong></span> <span class='ocrx_word' id='word_1_709' title='bbox 253 4621 406 4689; x_wconf 83' lang='lat' dir='ltr'><strong>praesides</strong></span> <span class='ocrx_word' id='word_1_710' title='bbox 438 4620 515 4674; x_wconf 88' lang='lat' dir='ltr'><strong>orbis</strong></span> <span class='ocrx_word' id='word_1_711' title='bbox 551 4628 706 4687; x_wconf 85' lang='lat' dir='ltr'><strong>terrarum,</strong></span> <span class='ocrx_word' id='word_1_712' title='bbox 742 4619 872 4673; x_wconf 86' lang='lat' dir='ltr'><strong>Costerns</strong></span> <span class='ocrx_word' id='word_1_713' title='bbox 910 4618 937 4671; x_wconf 88' lang='lat' dir='ltr'><strong>d.</strong></span> <span class='ocrx_word' id='word_1_714' title='bbox 968 4618 986 4670; x_wconf 96' lang='grc'><strong>1.</strong></span> <span class='ocrx_word' id='word_1_715' title='bbox 1015 4616 1115 4673; x_wconf 85' lang='lat' dir='ltr'><strong>Gencs.</strong></span> <span class='ocrx_word' id='word_1_716' title='bbox 1133 4623 1182 4686; x_wconf 88' lang='grc'><strong>41,</strong></span> <span class='ocrx_word' id='word_1_717' title='bbox 1201 4633 1227 4669; x_wconf 84' lang='grc'><strong>1.</strong></span> <span class='ocrx_word' id='word_1_718' title='bbox 1247 4622 1288 4671; x_wconf 90' lang='grc'><strong>42.</strong></span> <span class='ocrx_word' id='word_1_719' title='bbox 1308 4615 1382 4671; x_wconf 86' lang='lat' dir='ltr'><strong>Esth.</strong></span> <span class='ocrx_word' id='word_1_720' title='bbox 1402 4621 1432 4683; x_wconf 94' lang='grc'><strong>6,</strong></span> <span class='ocrx_word' id='word_1_721' title='bbox 1450 4634 1477 4673; x_wconf 84' lang='grc'><strong>1.</strong></span> <span class='ocrx_word' id='word_1_722' title='bbox 1497 4621 1520 4672; x_wconf 84' lang='grc'><strong>8.</strong></span> <span class='ocrx_word' id='word_1_723' title='bbox 1539 4617 1579 4670; x_wconf 88' lang='grc'><strong>111</strong></span> <span class='ocrx_word' id='word_1_724' title='bbox 1598 4616 1694 4687; x_wconf 91' lang='lat' dir='ltr'><strong>honor,</strong></span> <span class='ocrx_word' id='word_1_725' title='bbox 1713 4619 1800 4689; x_wconf 87' lang='lat' dir='ltr'><strong>gloria</strong></span> <span class='ocrx_word' id='word_1_726' title='bbox 1818 4629 1846 4674; x_wconf 93' lang='lat' dir='ltr'><strong>et</strong></span> 
     </span>
     <span class='ocr_line' id='line_1_52' title="bbox 152 4701 1846 4778; baseline -0.003 -15"><span class='ocrx_word' id='word_1_727' title='bbox 152 4708 377 4778; x_wconf 83' lang='lat' dir='ltr'><strong>Respondemus:</strong></span> <span class='ocrx_word' id='word_1_728' title='bbox 402 4713 422 4761; x_wconf 90' lang='grc'><strong>1.</strong></span> <span class='ocrx_word' id='word_1_729' title='bbox 445 4707 557 4776; x_wconf 91' lang='lat' dir='ltr'><strong>quidam</strong></span> <span class='ocrx_word' id='word_1_730' title='bbox 576 4708 605 4761; x_wconf 92' lang='lat' dir='ltr'><strong>in</strong></span> <span class='ocrx_word' id='word_1_731' title='bbox 625 4725 708 4761; x_wconf 85' lang='lat' dir='ltr'><strong>sensu</strong></span> <span class='ocrx_word' id='word_1_732' title='bbox 728 4704 827 4761; x_wconf 88' lang='lat' dir='ltr'><strong>literali</strong></span> <span class='ocrx_word' id='word_1_733' title='bbox 846 4712 988 4775; x_wconf 80' lang='lat' dir='ltr'><strong>exponunt</strong></span> <span class='ocrx_word' id='word_1_734' title='bbox 1014 4702 1180 4774; x_wconf 88' lang='lat' dir='ltr'><strong>praemium,</strong></span> <span class='ocrx_word' id='word_1_735' title='bbox 1209 4703 1283 4773; x_wconf 90' lang='lat' dir='ltr'><strong>quod</strong></span> <span class='ocrx_word' id='word_1_736' title='bbox 1308 4701 1433 4757; x_wconf 89' lang='lat' dir='ltr'><strong>Christus</strong></span> <span class='ocrx_word' id='word_1_737' title='bbox 1463 4701 1592 4756; x_wconf 86' lang='lat' dir='ltr'><strong>fidelibus</strong></span> <span class='ocrx_word' id='word_1_738' title='bbox 1623 4704 1708 4757; x_wconf 89' lang='lat' dir='ltr'><strong>servis</strong></span> <span class='ocrx_word' id='word_1_739' title='bbox 1734 4706 1763 4758; x_wconf 93' lang='lat' dir='ltr'><strong>in</strong></span> <span class='ocrx_word' id='word_1_740' title='bbox 1789 4705 1846 4759; x_wconf 88' lang='lat' dir='ltr'><strong>vita</strong></span> 
     </span>
     <span class='ocr_line' id='line_1_53' title="bbox 152 4787 1843 4863; baseline -0.001 -16"><span class='ocrx_word' id='word_1_741' title='bbox 152 4797 188 4847; x_wconf 83' lang='lat' dir='ltr'><strong>de</strong></span> <span class='ocrx_word' id='word_1_742' title='bbox 209 4793 406 4863; x_wconf 83' lang='lat' dir='ltr'><strong>corporalibus</strong></span> <span class='ocrx_word' id='word_1_743' title='bbox 419 4791 618 4848; x_wconf 76' lang='lat' dir='ltr'><strong>Isroiilitorum</strong></span> <span class='ocrx_word' id='word_1_744' title='bbox 636 4794 771 4857; x_wconf 74' lang='lat' dir='ltr'><strong>victoriis,</strong></span> <span class='ocrx_word' id='word_1_745' title='bbox 791 4809 860 4863; x_wconf 90' lang='lat' dir='ltr'><strong>quas</strong></span> <span class='ocrx_word' id='word_1_746' title='bbox 880 4810 912 4846; x_wconf 85' lang='lat' dir='ltr'><strong>ex</strong></span> <span class='ocrx_word' id='word_1_747' title='bbox 930 4792 986 4845; x_wconf 89' lang='lat' dir='ltr'><strong>suis</strong></span> <span class='ocrx_word' id='word_1_748' title='bbox 1013 4797 1127 4844; x_wconf 88' lang='lat' dir='ltr'><strong>aeterna</strong></span> <span class='ocrx_word' id='word_1_749' title='bbox 1145 4787 1276 4852; x_wconf 86' lang='lat' dir='ltr'><strong>conferet,</strong></span> <span class='ocrx_word' id='word_1_750' title='bbox 1297 4795 1339 4841; x_wconf 91' lang='lat' dir='ltr'><strong>est</strong></span> <span class='ocrx_word' id='word_1_751' title='bbox 1357 4804 1493 4842; x_wconf 89' lang='lat' dir='ltr'><strong>summum</strong></span> <span class='ocrx_word' id='word_1_752' title='bbox 1512 4794 1541 4843; x_wconf 89' lang='grc'><strong>11</strong></span> <span class='ocrx_word' id='word_1_753' title='bbox 1561 4789 1843 4860; x_wconf 87' lang='lat' dir='ltr'><strong>incomprehensibile.</strong></span> 
     </span>
     <span class='ocr_line' id='line_1_54' title="bbox 152 4873 1846 4943; baseline -0.003 -10"><span class='ocrx_word' id='word_1_754' title='bbox 152 4878 278 4933; x_wconf 90' lang='lat' dir='ltr'><strong>hostibus</strong></span> <span class='ocrx_word' id='word_1_755' title='bbox 297 4879 390 4932; x_wconf 89' lang='lat' dir='ltr'><strong>divino</strong></span> <span class='ocrx_word' id='word_1_756' title='bbox 410 4877 543 4932; x_wconf 88' lang='lat' dir='ltr'><strong>beneficio</strong></span> <span class='ocrx_word' id='word_1_757' title='bbox 571 4877 732 4934; x_wconf 86' lang='lat' dir='ltr'><strong>retulerunt</strong></span> <span class='ocrx_word' id='word_1_758' title='bbox 769 4885 792 4934; x_wconf 91' lang='grc'><strong>2.</strong></span> <span class='ocrx_word' id='word_1_759' title='bbox 811 4878 867 4933; x_wconf 88' lang='lat' dir='ltr'><strong>Sed</strong></span> <span class='ocrx_word' id='word_1_760' title='bbox 886 4878 986 4933; x_wconf 89' lang='lat' dir='ltr'><strong>rectius</strong></span> <span class='ocrx_word' id='word_1_761' title='bbox 1012 4875 1179 4943; x_wconf 74' lang='grc'><strong>10111112,</strong></span> <span class='ocrx_word' id='word_1_762' title='bbox 1203 4891 1229 4928; x_wconf 87' lang='lat' dir='ltr'><strong>v.</strong></span> <span class='ocrx_word' id='word_1_763' title='bbox 1250 4879 1297 4928; x_wconf 81' lang='lat'><strong>26:</strong></span> <span class='ocrx_word' id='word_1_764' title='bbox 1332 4873 1385 4926; x_wconf 85' lang='lat' dir='ltr'><strong>Ubi</strong></span> <span class='ocrx_word' id='word_1_765' title='bbox 1401 4891 1450 4941; x_wconf 80' lang='lat' dir='ltr'><strong>epo</strong></span> <span class='ocrx_word' id='word_1_766' title='bbox 1481 4892 1557 4940; x_wconf 89' lang='lat' dir='ltr'><strong>sum,</strong></span> <span class='ocrx_word' id='word_1_767' title='bbox 1587 4876 1694 4929; x_wconf 80' lang='lat' dir='ltr'><strong>illicet</strong></span> <span class='ocrx_word' id='word_1_768' title='bbox 1720 4876 1846 4930; x_wconf 82' lang='lat' dir='ltr'><strong>minister</strong></span> 
     </span>
     <span class='ocr_line' id='line_1_55' title="bbox 155 4959 1846 5036; baseline 0 -18"><span class='ocrx_word' id='word_1_769' title='bbox 155 4968 190 5018; x_wconf 80' lang='lat' dir='ltr'><strong>cis</strong></span> <span class='ocrx_word' id='word_1_770' title='bbox 219 4966 369 5035; x_wconf 85' lang='lat' dir='ltr'><strong>spirituali</strong></span> <span class='ocrx_word' id='word_1_771' title='bbox 391 4965 512 5018; x_wconf 83' lang='lat' dir='ltr'><strong>victorio</strong></span> <span class='ocrx_word' id='word_1_772' title='bbox 537 4963 688 5035; x_wconf 89' lang='lat' dir='ltr'><strong>accipitur,</strong></span> <span class='ocrx_word' id='word_1_773' title='bbox 717 4980 801 5036; x_wconf 87' lang='lat' dir='ltr'><strong>quam</strong></span> <span class='ocrx_word' id='word_1_774' title='bbox 826 4966 855 5018; x_wconf 93' lang='lat' dir='ltr'><strong>in</strong></span> <span class='ocrx_word' id='word_1_775' title='bbox 884 4982 986 5035; x_wconf 89' lang='lat' dir='ltr'><strong>genere</strong></span> <span class='ocrx_word' id='word_1_776' title='bbox 1013 4979 1089 5015; x_wconf 86' lang='lat' dir='ltr'><strong>mens</strong></span> <span class='ocrx_word' id='word_1_777' title='bbox 1109 4962 1170 5015; x_wconf 87' lang='lat' dir='ltr'><strong>erit.</strong></span> <span class='ocrx_word' id='word_1_778' title='bbox 1203 4961 1239 5015; x_wconf 79' lang='lat' dir='ltr'><strong>Si</strong></span> <span class='ocrx_word' id='word_1_779' title='bbox 1256 4961 1319 5031; x_wconf 73' lang='lat' dir='ltr'><strong>puis</strong></span> <span class='ocrx_word' id='word_1_780' title='bbox 1336 4959 1407 5012; x_wconf 82' lang='lat' dir='ltr'><strong>milri</strong></span> <span class='ocrx_word' id='word_1_781' title='bbox 1413 4959 1630 5026; x_wconf 85' lang='lat' dir='ltr'><strong>ministraverit,</strong></span> <span class='ocrx_word' id='word_1_782' title='bbox 1650 4963 1846 5029; x_wconf 70' lang='lat' dir='ltr'><strong>honorificabit</strong></span> 
     </span>
     <span class='ocr_line' id='line_1_56' title="bbox 153 5045 1844 5121; baseline -0.002 -13"><span class='ocrx_word' id='word_1_783' title='bbox 153 5070 247 5108; x_wconf 91' lang='lat' dir='ltr'><strong>omnes</strong></span> <span class='ocrx_word' id='word_1_784' title='bbox 269 5069 332 5107; x_wconf 86' lang='lat' dir='ltr'><strong>vere</strong></span> <span class='ocrx_word' id='word_1_785' title='bbox 351 5051 497 5106; x_wconf 90' lang='lat' dir='ltr'><strong>credentes</strong></span> <span class='ocrx_word' id='word_1_786' title='bbox 516 5050 658 5113; x_wconf 85' lang='lat' dir='ltr'><strong>aSataua,</strong></span> <span class='ocrx_word' id='word_1_787' title='bbox 676 5050 789 5118; x_wconf 90' lang='lat' dir='ltr'><strong>mundo,</strong></span> <span class='ocrx_word' id='word_1_788' title='bbox 809 5066 899 5118; x_wconf 89' lang='lat' dir='ltr'><strong>carne,</strong></span> <span class='ocrx_word' id='word_1_789' title='bbox 921 5067 985 5121; x_wconf 90' lang='lat' dir='ltr'><strong>pec·</strong></span> <span class='ocrx_word' id='word_1_790' title='bbox 1012 5066 1073 5102; x_wconf 86' lang='lat' dir='ltr'><strong>eum</strong></span> <span class='ocrx_word' id='word_1_791' title='bbox 1090 5049 1180 5101; x_wconf 87' lang='lat' dir='ltr'><strong>Pater</strong></span> <span class='ocrx_word' id='word_1_792' title='bbox 1205 5065 1289 5102; x_wconf 85' lang='lat' dir='ltr'><strong>meus.</strong></span> <span class='ocrx_word' id='word_1_793' title='bbox 1331 5045 1483 5116; x_wconf 85' lang='lat' dir='ltr'><strong>Gregorius</strong></span> <span class='ocrx_word' id='word_1_794' title='bbox 1506 5046 1556 5103; x_wconf 91' lang='lat' dir='ltr'><strong>lib.</strong></span> <span class='ocrx_word' id='word_1_795' title='bbox 1577 5054 1601 5104; x_wconf 88' lang='lat'><strong>4.</strong></span> <span class='ocrx_word' id='word_1_796' title='bbox 1627 5049 1741 5117; x_wconf 83' lang='lat' dir='ltr'><strong>exposit</strong></span> <span class='ocrx_word' id='word_1_797' title='bbox 1766 5048 1794 5102; x_wconf 86' lang='lat' dir='ltr'><strong>in</strong></span> <span class='ocrx_word' id='word_1_798' title='bbox 1820 5056 1844 5109; x_wconf 89' lang='grc'><strong>2.</strong></span> 
     </span>
     <span class='ocr_line' id='line_1_57' title="bbox 150 5132 1844 5206; baseline -0.004 -11"><span class='ocrx_word' id='word_1_799' title='bbox 150 5146 228 5206; x_wconf 90' lang='lat' dir='ltr'><strong>cato,</strong></span> <span class='ocrx_word' id='word_1_800' title='bbox 254 5144 342 5194; x_wconf 90' lang='lat' dir='ltr'><strong>morte</strong></span> <span class='ocrx_word' id='word_1_801' title='bbox 365 5144 394 5194; x_wconf 93' lang='lat' dir='ltr'><strong>et</strong></span> <span class='ocrx_word' id='word_1_802' title='bbox 412 5137 520 5192; x_wconf 77' lang='lat' dir='ltr'><strong>inferno</strong></span> <span class='ocrx_word' id='word_1_803' title='bbox 544 5137 647 5191; x_wconf 78' lang='lat' dir='ltr'><strong>virtute</strong></span> <span class='ocrx_word' id='word_1_804' title='bbox 672 5134 775 5192; x_wconf 91' lang='lat' dir='ltr'><strong>Christi</strong></span> <span class='ocrx_word' id='word_1_805' title='bbox 801 5136 913 5190; x_wconf 86' lang='lat' dir='ltr'><strong>victoris</strong></span> <span class='ocrx_word' id='word_1_806' title='bbox 944 5135 1162 5206; x_wconf 55' lang='grc'><strong>111-1111111).</strong></span> <span class='ocrx_word' id='word_1_807' title='bbox 1182 5142 1213 5190; x_wconf 82' lang='lat' dir='ltr'><strong>t:</strong></span> <span class='ocrx_word' id='word_1_808' title='bbox 1234 5134 1306 5196; x_wconf 84' lang='lat' dir='ltr'><strong>Quia</strong></span> <span class='ocrx_word' id='word_1_809' title='bbox 1326 5132 1475 5186; x_wconf 83' lang='lat' dir='ltr'><strong>electorum</strong></span> <span class='ocrx_word' id='word_1_810' title='bbox 1489 5135 1723 5204; x_wconf 83' lang='lat' dir='ltr'><strong>praedicatorum</strong></span> <span class='ocrx_word' id='word_1_811' title='bbox 1740 5152 1844 5190; x_wconf 86' lang='lat' dir='ltr'><strong>merses</strong></span> 
     </span>
     <span class='ocr_line' id='line_1_58' title="bbox 151 5219 1844 5298; baseline -0.003 -18"><span class='ocrx_word' id='word_1_812' title='bbox 151 5232 270 5298; x_wconf 86' lang='lat' dir='ltr'><strong>portant,</strong></span> <span class='ocrx_word' id='word_1_813' title='bbox 291 5227 320 5279; x_wconf 93' lang='lat' dir='ltr'><strong>in</strong></span> <span class='ocrx_word' id='word_1_814' title='bbox 339 5225 432 5296; x_wconf 91' lang='lat' dir='ltr'><strong>specie</strong></span> <span class='ocrx_word' id='word_1_815' title='bbox 450 5223 569 5294; x_wconf 92' lang='lat' dir='ltr'><strong>apostoli</strong></span> <span class='ocrx_word' id='word_1_816' title='bbox 583 5238 632 5293; x_wconf 90' lang='lat' dir='ltr'><strong>per</strong></span> <span class='ocrx_word' id='word_1_817' title='bbox 648 5221 882 5292; x_wconf 84' lang='lat' dir='ltr'><strong>praedicationem</strong></span> <span class='ocrx_word' id='word_1_818' title='bbox 903 5240 984 5277; x_wconf 88' lang='lat' dir='ltr'><strong>evan·</strong></span> <span class='ocrx_word' id='word_1_819' title='bbox 998 5219 999 5229; x_wconf 72' lang='grc'>’</span> <span class='ocrx_word' id='word_1_820' title='bbox 1012 5231 1052 5276; x_wconf 87' lang='grc'><strong>111</strong></span> <span class='ocrx_word' id='word_1_821' title='bbox 1078 5240 1197 5289; x_wconf 74' lang='lat' dir='ltr'><strong>memma,</strong></span> <span class='ocrx_word' id='word_1_822' title='bbox 1225 5238 1320 5275; x_wconf 76' lang='lat' dir='ltr'><strong>comm</strong></span> <span class='ocrx_word' id='word_1_823' title='bbox 1351 5228 1416 5273; x_wconf 87' lang='lat' dir='ltr'><strong>sunt</strong></span> <span class='ocrx_word' id='word_1_824' title='bbox 1442 5221 1548 5289; x_wconf 86' lang='lat' dir='ltr'><strong>optima</strong></span> <span class='ocrx_word' id='word_1_825' title='bbox 1575 5221 1678 5276; x_wconf 79' lang='lat' dir='ltr'><strong>Israe&#39;l.</strong></span> <span class='ocrx_word' id='word_1_826' title='bbox 1726 5223 1771 5274; x_wconf 88' lang='lat' dir='ltr'><strong>Dc</strong></span> <span class='ocrx_word' id='word_1_827' title='bbox 1799 5223 1844 5278; x_wconf 82' lang='lat' dir='ltr'><strong>bis</strong></span> 
     </span>
     <span class='ocr_line' id='line_1_59' title="bbox 154 5305 1844 5384; baseline -0.002 -17"><span class='ocrx_word' id='word_1_828' title='bbox 154 5311 221 5384; x_wconf 81' lang='lat' dir='ltr'><strong>gelli</strong></span> <span class='ocrx_word' id='word_1_829' title='bbox 238 5328 257 5366; x_wconf 90' lang='lat' dir='ltr'><strong>a</strong></span> <span class='ocrx_word' id='word_1_830' title='bbox 270 5310 400 5382; x_wconf 87' lang='lat' dir='ltr'><strong>gentibus</strong></span> <span class='ocrx_word' id='word_1_831' title='bbox 415 5310 517 5365; x_wconf 92' lang='lat' dir='ltr'><strong>Christi</strong></span> <span class='ocrx_word' id='word_1_832' title='bbox 534 5325 621 5378; x_wconf 80' lang='lat' dir='ltr'><strong>reguo</strong></span> <span class='ocrx_word' id='word_1_833' title='bbox 639 5307 822 5379; x_wconf 87' lang='lat' dir='ltr'><strong>subjugandis</strong></span> <span class='ocrx_word' id='word_1_834' title='bbox 836 5313 983 5376; x_wconf 88' lang='lat' dir='ltr'><strong>reportant.</strong></span> <span class='ocrx_word' id='word_1_835' title='bbox 998 5309 1115 5377; x_wconf 73' lang='lat' dir='ltr'><strong>&#39;qar&#39;pps</strong></span> <span class='ocrx_word' id='word_1_836' title='bbox 1136 5308 1255 5360; x_wconf 79' lang='lat' dir='ltr'><strong>Isroilis</strong></span> <span class='ocrx_word' id='word_1_837' title='bbox 1283 5305 1394 5375; x_wconf 86' lang='lat' dir='ltr'><strong>optimis</strong></span> <span class='ocrx_word' id='word_1_838' title='bbox 1418 5307 1559 5360; x_wconf 86' lang='lat' dir='ltr'><strong>Dominus</strong></span> <span class='ocrx_word' id='word_1_839' title='bbox 1584 5308 1666 5368; x_wconf 80' lang='lat' dir='ltr'><strong>fideli</strong></span> <span class='ocrx_word' id='word_1_840' title='bbox 1688 5323 1769 5362; x_wconf 86' lang='lat' dir='ltr'><strong>seruo</strong></span> <span class='ocrx_word' id='word_1_841' title='bbox 1793 5326 1844 5363; x_wconf 86' lang='lat' dir='ltr'><strong>suo</strong></span> 
     </span>
     <span class='ocr_line' id='line_1_60' title="bbox 151 5392 1843 5468; baseline -0.003 -13"><span class='ocrx_word' id='word_1_842' title='bbox 151 5403 173 5455; x_wconf 83' lang='lat'><strong>3.</strong></span> <span class='ocrx_word' id='word_1_843' title='bbox 203 5397 296 5468; x_wconf 87' lang='lat' dir='ltr'><strong>Hujus</strong></span> <span class='ocrx_word' id='word_1_844' title='bbox 324 5413 389 5451; x_wconf 89' lang='lat' dir='ltr'><strong>vero</strong></span> <span class='ocrx_word' id='word_1_845' title='bbox 413 5397 531 5450; x_wconf 79' lang='lat' dir='ltr'><strong>militiae</strong></span> <span class='ocrx_word' id='word_1_846' title='bbox 559 5411 641 5447; x_wconf 84' lang='lat' dir='ltr'><strong>orosa</strong></span> <span class='ocrx_word' id='word_1_847' title='bbox 670 5411 727 5447; x_wconf 91' lang='lat' dir='ltr'><strong>non</strong></span> <span class='ocrx_word' id='word_1_848' title='bbox 758 5399 820 5446; x_wconf 89' lang='lat' dir='ltr'><strong>sunt</strong></span> <span class='ocrx_word' id='word_1_849' title='bbox 844 5393 983 5462; x_wconf 78' lang='lat' dir='ltr'><strong>carnalia¹</strong></span> <span class='ocrx_word' id='word_1_850' title='bbox 997 5394 1181 5465; x_wconf 83' lang='lat' dir='ltr'><strong>trepromittit</strong></span> <span class='ocrx_word' id='word_1_851' title='bbox 1200 5395 1314 5447; x_wconf 84' lang='lat' dir='ltr'><strong>dicens:</strong></span> <span class='ocrx_word' id='word_1_852' title='bbox 1337 5395 1426 5445; x_wconf 78' lang='lat' dir='ltr'><strong>Amen</strong></span> <span class='ocrx_word' id='word_1_853' title='bbox 1444 5394 1509 5446; x_wconf 87' lang='lat' dir='ltr'><strong>dico</strong></span> <span class='ocrx_word' id='word_1_854' title='bbox 1528 5392 1620 5460; x_wconf 82' lang='lat' dir='ltr'><strong>vobis,</strong></span> <span class='ocrx_word' id='word_1_855' title='bbox 1644 5395 1843 5462; x_wconf 83' lang='lat' dir='ltr'><strong>superomnia</strong></span> 
     </span>
    </p>
   </div>
   <div class='ocr_carea' id='block_1_6' title="bbox 0 0 2056 6006">
    <p class='ocr_par' dir='ltr' id='par_1_6' title="bbox 0 0 2056 6006">
     <span class='ocr_line' id='line_1_61' title="bbox 0 0 2056 6006; baseline 0 0"><span class='ocrx_word' id='word_1_856' title='bbox 0 0 2056 6006; x_wconf 95' lang='lat' dir='ltr'><strong> </strong></span> 
     </span>
    </p>
   </div>
  </div>
 </body>
</html>
