4104 6014
880 210 933 266 DE
957 209 1098 271 MORTE.
1757 224 1819 282 269

118 362 300 434 Barbarum,
327 365 419 436 Anqli
442 364 596 434 Gemqium
627 375 654 422 ct
679 369 815 422 ibomam
835 366 957 421 Camun-
985 364 1139 438 Assignant
1164 367 1247 422 etim
1269 368 1390 425 rationes
1407 368 1492 441 huius
1522 369 1724 426 distributionis
1747 371 1820 427 iuter

119 451 256 515 rimam,
277 451 459 506 Porisisnses
481 450 653 516 Geneoefom
672 455 820 522 sirmeum,
845 452 958 507 Medio·
985 459 1103 509 sanctos
1164 453 1270 509 Fridcr.
1315 454 1469 527 Staphylus
1510 456 1539 510 in
1583 455 1687 512 defens.
1724 464 1820 512 contra

120 535 251 591 lunenses
276 538 467 607 Ambrosium,
499 538 591 593 Simu
622 544 747 610 epotam
777 547 804 594 st
832 541 957 606 Luciam,
985 537 1112 593 Flacium
1131 556 1160 610 p.
1175 544 1232 597 itt.
1246 539 1343 598 Colon.
1361 558 1426 599 ann.
1443 547 1523 599 1579:
1544 541 1678 597 Sanctum
1695 543 1820 597 Ulricum

119 622 311 692 Neapolitani
324 624 516 694 ianuarium,
542 626 662 695 denique
682 626 825 696 quodlibet
843 627 957 694 reliqio·
982 633 1136 692 patronum
1153 626 1249 679 colunt
1267 629 1432 696 Auqustaui
1450 630 1537 693 cioes,
1558 630 1625 698 quia
1645 629 1819 698 eoouqelbtm

119 725 184 762 sum
203 710 358 764 institutum
374 728 454 764 suum
468 711 618 780 penitiore
636 721 723 784 caput
737 714 787 782 pie
801 721 958 780 ueneratur,
987 708 1095 763 etrutt
1111 711 1141 763 in
1154 727 1189 764 ea
1209 712 1276 765 urbc
1294 714 1474 778 instaurarit,
1492 714 1639 768 miraculis
1656 715 1820 784 illustrauit,

118 802 153 848 ot
173 796 369 864 Dominicum,
388 797 583 867 Franciscum,
596 799 800 867 Aupustinum,
818 799 958 866 Hieronp-
970 797 1156 866 rpropaqcoit
1168 798 1227 853 olio
1240 800 1340 869 etiom;
1360 800 1589 870 Salisburqenses
1602 808 1701 854 contro
1714 800 1819 855 lieber-

120 899 205 947 mum,
225 882 411 937 Benedictum
431 892 458 938 et
479 884 648 938 Carmelitae
667 885 792 949 Heliam,
812 852 1058 946 aumas-itum,
1087 886 1165 952 quod
1190 892 1217 937 et
1234 889 1295 955 ipse
1321 886 1380 950 fuit
1400 887 1429 939 in
1446 886 1564 955 Alpibus
1583 886 1643 940 iliis
1661 888 1820 957 pumarius

121 969 191 1021 dum
212 967 433 1024 Bembarditae.
472 986 538 1041 pag.
564 975 630 1025 463:
668 972 749 1026 Haeo
774 969 1129 1037 multiformis-eoanqelii
1145 972 1304 1040 apostolus,
1325 975 1424 1027 eadem
1449 975 1485 1028 de
1503 974 1571 1027 aliis
1593 974 1668 1027 ratio
1686 980 1712 1026 et
1730 991 1819 1027 causo

120 1070 269 1108 munerum
291 1055 453 1108 dutributio
468 1057 578 1125 partim
598 1074 618 1109 a
636 1057 701 1110 Deo
719 1058 872 1127 inspirato,
886 1074 957 1126 por·
985 1062 1033 1109 eet.
1071 1054 1201 1111 Costerus
1219 1057 1248 1111 in
1268 1057 1401 1116 enchirid.
1421 1075 1481 1129 cap.
1499 1065 1539 1115 14.
1558 1064 1700 1130 pug.481:
1721 1059 1822 1114 Sancti

120 1141 173 1193 tim
191 1141 319 1194 recalato
331 1148 371 1194 est
381 1157 437 1209 per
456 1141 580 1210 onpelos,
595 1143 704 1212 partim
714 1143 775 1212 piis
789 1143 959 1213 coniecturis
971 1194 973 1218 Ι
981 1141 1128 1209 penitiori
1141 1143 1252 1196 ratione
1272 1152 1297 1197 et
1315 1161 1385 1197 curo
1395 1145 1498 1212 soocnt
1517 1162 1551 1198 ea
1571 1146 1650 1209 loca,
1672 1146 1819 1215 inquibus

121 1227 299 1297 deprebensis
332 1235 358 1281 et
382 1229 540 1300 praecipue
569 1227 598 1281 in
632 1229 693 1283 iilis
730 1229 812 1283 rebus
845 1247 958 1282 mucur-
984 1243 1070 1279 sacra
1091 1227 1206 1281 illorum
1224 1246 1289 1282 ossa
1306 1238 1504 1300 asservantur,
1530 1248 1566 1284 ac
1584 1231 1667 1284 illum
1680 1231 1819 1301 populum

121 1321 197 1378 runt,
216 1329 286 1381 quos
304 1313 363 1384 ipss·
380 1315 570 1384 aspertisunt.
601 1317 650 1368 Ito
669 1317 829 1370 invocamus
842 1317 958 1369 Petrum
982 1314 1304 1382 praemicarent,
1332 1332 1365 1368 ea
1389 1333 1443 1385 quo
1469 1316 1606 1386 oriqinem
1624 1318 1739 1373 ducunt.
1774 1315 1819 1371 De

120 1399 153 1452 in
170 1399 305 1468 oraculis,
336 1399 460 1453 Paulum
489 1401 518 1453 in
543 1402 735 1471 conversione,
763 1409 909 1470 utrumque
928 1402 958 1454 in
984 1395 1036 1450 huc
1074 1396 1268 1455 beneficiorum
1298 1417 1316 1455 a
1346 1403 1450 1457 sanctis
1475 1403 1657 1473 petendorum
1688 1403 1818 1458 distribu-

115 1485 250 1552 pericuio
268 1485 371 1554 moris,
395 1486 555 1540 Jotannem
575 1488 737 1557 Baptistam
756 1488 788 1541 in
803 1488 957 1553 natiuitate
983 1483 1058 1538 tione
1093 1484 1133 1539 sic
1179 1487 1256 1543 cauit
1289 1487 1412 1545 Thomas
1447 1489 1629 1562 Neogeorgus
1668 1490 1697 1545 in
1732 1507 1818 1565 regno

120 1570 337 1639 annqelistam
356 1570 385 1623 in
411 1572 534 1626 colenda
560 1574 735 1642 oirqinitate,
760 1573 957 1628 Sebastianum
983 1569 1135 1641 papistico:

120 1662 149 1709 et
165 1657 293 1710 Rocbum
311 1658 341 1709 in
361 1665 442 1726 peste
460 1658 646 1729 depellenda,
671 1661 825 1713 didonium
843 1661 873 1713 in
890 1658 971 1729 ique!

120 1742 283 1795 dorstado
303 1750 329 1796 et
348 1743 431 1796 rebus
449 1744 561 1797 amasis
580 1745 756 1799 inveniendis
774 1755 799 1800 et
816 1746 955 1800 amathus
981 1741 1138 1812 Ardebant
1155 1743 1238 1797 etiam
1256 1746 1349 1798 divum
1366 1764 1419 1799 sua
1436 1747 1534 1800 munia
1552 1746 1659 1816 cuique,

121 1827 191 1881 aliis
204 1829 359 1898 plerisque.
402 1827 533 1883 Costerus
552 1830 582 1884 in
600 1831 732 1885 enchirid,
750 1849 778 1902 p.
798 1837 862 1888 394:
887 1834 953 1886 Con·
981 1828 1035 1881 Bis
1053 1837 1208 1899 septemque
1224 1834 1331 1900 suunt,
1352 1851 1468 1903 quorum
1487 1833 1645 1887 certissima
1663 1850 1759 1902 speres

122 1921 180 1968 stot
199 1932 233 1969 ea
252 1914 424 1984 scripturis,
448 1925 560 1970 sanctos
584 1920 613 1970 in
633 1919 711 1972 coelo
728 1927 876 1988 reptantes
893 1936 955 1972 cum
981 1915 1115 1978 Arcadem
1128 1916 1179 1971 boe
1197 1918 1271 1970 inter
1285 1919 1395 1986 primos
1415 1919 1601 1973 Sanctusimo
1624 1918 1710 1987 Virqo

120 1998 233 2054 cunno
274 2001 343 2055 boec
378 2009 491 2055 terrena
540 2020 642 2056 curare
681 2013 706 2058 et
742 2006 953 2058 adrnim'strure.
983 2002 1092 2055 obtinet
1111 2010 1135 2055 et
1153 2020 1222 2056 casu
1239 2004 1359 2058 clemens
1377 2005 1515 2058 succurrit
1533 2006 1660 2062 inomni.

119 2103 185 2158 pug.
206 2093 266 2144 411.
284 2086 393 2155 scribit,
418 2096 531 2142 sanctos
547 2090 613 2143 ideo
630 2090 661 2143 in
679 2108 814 2144 nummum
832 2090 954 2159 diqnita·
981 2089 1117 2141 Barbara
1136 2099 1290 2154 conservat,
1312 2107 1347 2144 ns
1365 2092 1428 2160 quis
1445 2093 1505 2145 sine
1521 2109 1640 2162 corpore
1659 2090 1765 2145 Christi

122 2181 178 2227 tem
197 2190 255 2227 esse
273 2183 386 2239 euectos,
405 2183 436 2227 ut
448 2177 504 2228 sint
523 2184 670 2232 curatores
687 2177 841 2244 bominum,
858 2194 954 2246 requos
983 2175 1121 2232 Decedet.
1162 2175 1318 2230 Catborim
1336 2180 1413 2239 fovet
1431 2180 1581 2247 doctosque
1599 2178 1772 2248 calidaeque,

115 2262 238 2331 patroni
254 2267 280 2313 et
296 2262 446 2332 principes
470 2278 556 2332 serpes·
584 2279 690 2317 omnem
708 2272 822 2318 terram.
848 2282 877 2335 p.
895 2268 954 2319 41³.
983 2262 1082 2315 Donat
1100 2270 1125 2316 et
1144 2262 1286 2332 inqenium
1304 2270 1444 2333 tortosque
1464 2265 1604 2319 resolvere
1623 2267 1722 2334 nodos,

120 2345 207 2414 addit,
223 2349 328 2400 sanctis
342 2366 399 2416 pro
418 2348 582 2402 diuersitate
598 2352 760 2404 meritorum
780 2352 893 2405 diuersa
910 2350 955 2404 vel
981 2346 1115 2402 Praestat
1133 2357 1160 2402 et
1180 2350 1290 2403 insanis
1306 2351 1389 2414 firma
1408 2359 1575 2420 arqumenta
1593 2351 1732 2422 sophistis.

120 2433 185 2486 loca
202 2436 404 2503 commendata,
424 2435 468 2487 ool
487 2437 565 2490 dona
583 2438 624 2490 ad
636 2438 768 2506 fidelium
781 2436 955 2491 Cbrmduno·
982 2433 1066 2488 Culta
1079 2443 1179 2505 putres
1195 2445 1279 2489 soum
1299 2437 1366 2490 dion
1385 2437 1562 2507 Appolloniu
1581 2441 1686 2509 demes,

119 2538 184 2573 rum
210 2520 348 2574 ancilium
369 2538 426 2574 esse
459 2525 537 2578 dota.
586 2523 770 2579 Bellurminus
796 2524 845 2578 lib.
868 2529 890 2580 1.
919 2523 955 2578 de
985 2521 1091 2575 Otiliae
1113 2522 1202 2575 virtus
1219 2522 1308 2591 lippia
1325 2525 1483 2577 medicatur
1501 2524 1607 2578 ocellis.

120 2605 195 2662 beat
215 2612 301 2662 sanct.
319 2623 380 2678 esp.
397 2613 436 2664 18.
454 2626 533 2679 prop.
545 2615 575 2666 t:
594 2611 655 2664 Nos
667 2611 758 2675 facile
773 2613 955 2679 ostendemus,
982 2607 1021 2660 At
1038 2607 1160 2661 scabiem
1174 2608 1260 2677 pellit
1277 2617 1414 2679 sonatque
1432 2610 1511 2664 mala
1527 2611 1625 2665 ulcero
1643 2609 1764 2665 Rocbus.

120 2711 177 2747 non
194 2694 284 2747 solum
302 2695 338 2747 ab
357 2695 475 2763 uuqelis,
491 2698 544 2749 sed
562 2698 646 2750 etiam
664 2716 684 2750 a
699 2698 845 2767 spiritibus
865 2698 954 2751 beato
982 2694 1044 2762 Est,
1062 2694 1143 2763 cujus
1159 2712 1258 2749 nomeu
1275 2714 1358 2750 oersu
1376 2714 1432 2751 non
1450 2698 1545 2750 diem
1560 2697 1665 2767 posses,

120 2799 185 2833 rum
210 2781 350 2834 bucinum
379 2783 441 2851 reqi
467 2791 493 2837 et
527 2784 682 2853 qnbernuri
706 2785 805 2849 fideles
826 2785 954 2839 uiuentes.
980 2779 1012 2831 Ie
1028 2779 1103 2834 valet
1121 2782 1258 2835 adrasus
1274 2791 1391 2851 pestem,
1409 2784 1541 2851 cantapia
1557 2783 1655 2838 meus.

121 2865 159 2920 Et
185 2871 299 2936 postea:
343 2868 485 2922 Habemus
514 2870 616 2939 ipius,
652 2870 771 2940 spiritus
809 2871 953 2924 beatorum
980 2865 1073 2919 Porro
1095 2865 1259 2920 Valentinus
1276 2867 1400 2921 morbum
1419 2868 1591 2939 spretoribus
1609 2871 1694 2923 addit

116 2960 183 3023 post
203 2961 319 3006 mortem
336 2962 400 3007 ante
421 2955 494 3008 diem
509 2958 725 3010 resurrectionis
737 2958 864 3026 occipere
875 2965 954 3024 pote·
982 2951 1161 3018 Herculeum,
1179 2953 1318 3007 auxilium
1336 2961 1436 3008 cotnra
1456 2954 1671 3024 implorantibus
1690 2957 1785 3026 affert.

121 3047 221 3092 statem
241 3041 271 3092 iu
290 3049 385 3108 pentes
402 3049 427 3095 et
444 3058 542 3112 reqere
566 3051 591 3096 et
606 3059 725 3112 pascere
745 3060 807 3109 eas,
829 3060 880 3097 nec
898 3060 955 3096 non
982 3038 1126 3092 Salluuios
1147 3039 1227 3094 Vitas
1243 3041 1392 3108 praesenti
1409 3042 1521 3094 numine
1537 3044 1620 3095 sedat

121 3141 179 3179 esse
218 3127 363 3181 columnas
391 3128 422 3181 in
449 3129 552 3198 templo
580 3129 646 3197 Dei,
673 3131 707 3182 id
734 3138 775 3183 est
799 3138 954 3183 stutentore
984 3126 1022 3177 Et
1039 3125 1137 3179 reddit
1157 3127 1243 3180 metti
1254 3128 1387 3196 precibtw
1408 3129 1544 3196 deditque
1562 3136 1685 3188 vocatur.

122 3214 285 3280 wolesicm,
302 3232 337 3267 ac
357 3217 467 3268 &mum
491 3218 590 3269 sedere
611 3218 642 3270 in
662 3216 762 3271 tbrono
783 3216 901 3284 Christi,
922 3218 955 3270 id
981 3211 1042 3264 Itis
1055 3221 1195 3281 procurat
1213 3221 1405 3283 tormentaque
1421 3215 1526 3268 uentris
1544 3216 1692 3284 Erasmus,

120 3310 162 3354 est
181 3319 242 3355 cum
274 3301 326 3355 illo
350 3303 520 3369 praecidere
544 3304 721 3357 intimando
752 3311 778 3357 ct
808 3305 954 3358 scelestam
986 3297 1020 3351 Ut
1037 3298 1119 3352 dorsi
1137 3300 1251 3368 spinam
1269 3308 1296 3353 et
1313 3299 1449 3367 scapulas
1467 3302 1640 3355 Laurentius
1659 3301 1716 3355 ill.

121 3405 218 3458 repere
238 3396 264 3441 et
278 3390 445 3457 pubemare.
464 3405 526 3459 cap.
541 3395 582 3447 20.
603 3405 674 3460 resp.
693 3390 729 3444 ad
741 3406 799 3461 arg.
819 3394 849 3446 9:
867 3390 953 3453 Dico,
980 3384 1099 3438 Blasius
1118 3386 1251 3454 onqinom
1268 3387 1358 3456 miris,
1375 3404 1445 3455 quas
1463 3395 1616 3451 consecrat,
1635 3390 1720 3441 undis

120 3476 215 3528 Deum
226 3491 325 3544 posse,
350 3476 378 3528 si
395 3476 530 3543 solitarii,
550 3493 606 3548 per
628 3476 775 3544 quemlibet
794 3483 953 3530 sanctorum
982 3471 1067 3524 Arcu
1087 3472 1122 3524 ab
1140 3473 1283 3538 armentis,
1301 3473 1441 3543 qreqibus,
1461 3473 1631 3542 nsambusque
1648 3475 1777 3544 virisque.

122 3561 218 3615 omnia
245 3563 395 3614 concedere
422 3569 447 3613 et
468 3562 528 3615 sine
554 3565 658 3616 sanctis
687 3564 771 3617 etiam
799 3564 888 3617 multo
909 3562 954 3615 oct
980 3556 1019 3609 As
1039 3558 1213 3626 captivorum
1230 3560 1399 3612 Leonardus
1417 3559 1530 3613 sinendo
1548 3562 1663 3630 rumpit,

120 3649 216 3702 omnia
231 3649 312 3716 dore,
323 3648 462 3701 interdum
478 3648 744 3704 tamenueileunius
756 3649 952 3704 intercessione
985 3642 1114 3698 Carceris
1133 3652 1159 3698 et
1174 3652 1276 3713 portas
1292 3653 1399 3699 reserat
1416 3662 1583 3714 crucemque
1603 3657 1716 3701 caunas

121 3735 289 3788 mirandum
305 3735 426 3804 aliquod
437 3737 562 3804 operari,
578 3737 663 3790 aliud
678 3753 744 3791 oero
756 3737 953 3791 intercessione
980 3730 1011 3782 F
1008 3731 1102 3798 rantib
1123 3738 1149 3784 ti
1167 3734 1237 3786 atde
1255 3750 1307 3786 ⁸²¹⁰
1321 3733 1399 3797 ferri
1415 3733 1470 3785 vim
1484 3734 1614 3801 petride
1635 3736 1768 3804 amplam.

121 3823 240 3875 ulterius
258 3823 381 3890 oper-mi
420 3821 489 3884 Quis
511 3831 604 3877 autem
626 3825 702 3878 norit
719 3823 866 3877 constitum
884 3824 952 3890 Dei,
983 3815 1157 3878 Qwri‘mam
1175 3819 1355 3888 reliquaeque
1372 3820 1466 3884 sebrer
1483 3820 1645 3874 Petreaella
1666 3823 1777 3891 repellit

10 3924 58 3964 rur.
72 3922 106 3965 u.
121 3915 170 3962 out
189 3910 250 3979 quis
268 3907 295 3963 ei
314 3910 408 3962 dicere
422 3916 523 3978 potest,
541 3926 592 3963 cur
604 3910 646 3963 ito
657 3911 757 3975 facist
774 3911 847 3964 sicut
868 3911 952 3963 etiam
979 3904 1112 3972 Diraque
1128 3904 1273 3958 Jobaraer
1285 3907 1408 3975 proprio
1426 3923 1445 3958 a
1464 3906 1572 3960 cultae
1589 3924 1703 3962 uenena.

117 4013 172 4066 per
191 4013 275 4048 unum
302 3996 382 4047 Deus
411 4003 547 4064 operatur
574 3997 663 4051 rauba
690 3996 830 4051 miracula
857 4005 883 4049 et
896 4014 952 4066 per
982 3989 1067 4052 Quod
1083 3991 1239 4045 Benedicta
1257 3991 1340 4044 etium
1357 3993 1500 4058 tribuunt,
1518 3994 1588 4046 satis
1606 4001 1636 4047 ut
1654 3996 1691 4048 sit
1711 3996 1811 4065 ubique

120 4083 241 4136 alterum
259 4082 385 4145 fortasse
403 4082 541 4150 majorem
559 4082 655 4148 nulla,
673 4083 753 4152 eujus
773 4083 817 4136 rei
836 4100 952 4136 causam
978 4077 1091 4130 Aueilit'
1108 4077 1138 4130 iti
1157 4077 1239 4134 divit·
1278 4078 1353 4141 Quid
1371 4079 1443 4132 enim
1460 4087 1490 4132 Ν
1508 4081 1582 4133 terit
1600 4082 1730 4134 omissum

118 4168 179 4236 ipse
197 4166 275 4220 solus
294 4167 379 4235 nouit,
396 4175 427 4220 ut
446 4170 525 4222 docet
544 4169 718 4238 Auqustinus
737 4168 815 4236 epist.
828 4170 889 4222 137.
910 4170 952 4222 ad
983 4163 1070 4232 thue
1091 4163 1278 4232 improvisum,
1295 4164 1337 4217 sic
1352 4165 1539 4229 formidabile
1556 4166 1650 4236 letum,

118 4255 223 4307 clerum
235 4261 261 4307 et
275 4254 415 4324 populum
430 4254 646 4324 Hippoumsem.
674 4253 772 4325 (Atqui
791 4254 949 4310 distributio
980 4250 1090 4304 Avertit
1108 4251 1228 4304 Marcet
1244 4252 1307 4314 fai⁰
1326 4250 1476 4305 viOltuiior
1496 4253 1567 4320 ΨΜ.

117 4339 166 4394 ills
195 4344 353 4394 sauctorum
383 4357 439 4394 non
466 4357 577 4412 semper
607 4341 705 4397 nititur
732 4341 872 4396 miraculis
901 4360 951 4412 per
977 4334 1105 4389 Divitias
1122 4336 1283 4407 laurumque
1301 4336 1360 4389 suis
1380 4336 1533 4390 cultoribus
1551 4339 1639 4393 Anna

117 4424 179 4479 illos
197 4431 308 4480 sanctos
335 4425 431 4493 iactis,
462 4433 491 4482 et
516 4426 541 4481 si
573 4427 690 4482 munins
715 4427 862 4498 niteretur,
894 4446 949 4483 nou
977 4422 1114 4489 Metitur
1133 4423 1234 4476 victum
1249 4438 1395 4493 rerumque
1414 4431 1455 4476 ert
1467 4432 1602 4494 prompta
1619 4426 1759 4494 repertrix

118 4518 211 4567 tamen
231 4511 345 4567 deberet
367 4512 523 4583 approbari
560 4512 698 4570 Miracula
722 4513 795 4569 cuim
817 4514 868 4569 ills
894 4531 949 4569 nou
977 4508 1170 4576 Atticarum
1194 4510 1228 4563 id
1245 4510 1324 4578 quod
1340 4510 1446 4577 fausto
1463 4527 1571 4578 quoque
1590 4513 1701 4566 numine
1712 4516 1810 4580 setar

117 4597 189 4653 fiunt
211 4598 264 4654 hoc
286 4597 356 4668 iinc,
379 4605 412 4653 ut
437 4598 595 4654 stabiliatur
623 4608 779 4656 canentum
803 4600 949 4665 invocatio,
979 4594 1077 4648 Cultus
1096 4596 1203 4663 lorqiri
1225 4594 1390 4662 Vincentius,
1408 4597 1488 4650 baud
1501 4597 1568 4666 scio,
1586 4599 1722 4667 munem.
1823 4608 1898 4651 mu.
1915 4608 1949 4653 tt.

117 4685 166 4739 sed
185 4690 216 4739 ut
235 4685 360 4739 doctrina
385 4683 506 4755 ipsorum
525 4686 715 4752 confirmetur,
740 4692 772 4740 ut
795 4687 824 4741 iu
843 4694 948 4759 quaeat.
980 4683 1083 4735 Contra
1097 4682 1279 4750 iquemiuiam
1297 4690 1408 4752 turpem
1429 4683 1561 4738 Susanna
1577 4694 1702 4742 vocatur.
1726 4696 1728 4701 '

118 4769 153 4823 de
172 4770 250 4842 reliq.
263 4778 293 4825 et
309 4769 447 4841 peregrin.
467 4770 550 4825 latirus
564 4773 745 4833 ostendimus.
773 4773 948 4846 Augustinus
977 4769 1064 4823 Pellit
1082 4770 1119 4822 ob
1137 4771 1255 4823 obsessis
1273 4771 1419 4825 Romanus
1439 4773 1594 4827 daemorm
1611 4791 1713 4833 omnes.

115 4856 144 4909 in
164 4857 225 4911 loco
245 4857 330 4911 citato
350 4857 419 4911 nihil
439 4855 592 4928 quidquem
615 4857 702 4914 habet
720 4858 756 4913 ds
775 4859 948 4915 invocatione
976 4854 1140 4910 Ceatraetor
1157 4863 1241 4909 sona
1263 4856 1458 4927 Wolffaanpur
1477 4859 1624 4931 epicopus
1641 4869 1729 4917 artus.

115 4949 282 5013 sanctorum,
300 4944 349 4999 scd
367 4944 401 4998 de
416 4941 565 5008 miraculis,
582 4961 654 5014 quus
671 4943 719 4999 illo
733 4951 857 5015 temporo
873 4946 949 5002 circa
982 4942 1148 4997 Weodliuus
1167 4945 1289 4997 custodit
1310 4961 1373 4998 oues
1391 4945 1536 5015 oviumque
1553 4949 1703 5017 mapistros

116 5029 245 5099 scpulcra
260 5035 411 5101 martyrum
430 5028 489 5084 fieri
508 5027 652 5097 solebant)
670 5028 698 5083 in
714 5031 774 5086 eod.
788 5048 810 5087 c.
823 5027 850 5104 b.
864 5039 948 5104 atque
975 5032 1069 5101 Atque
1088 5032 1169 5086 boves
1185 5032 1261 5085 idem
1274 5032 1395 5102 pinques
1411 5041 1443 5086 ut
1459 5034 1571 5097 feritet
1590 5037 1659 5090 olim
1666 5057 1678 5101 ;

115 5134 148 5172 ex
160 5115 203 5169 his
217 5116 327 5171 duabus
341 5121 392 5172 etc.
402 5114 506 5180 scribit,
523 5117 681 5169 sanctorio
698 5117 776 5171 coelo
788 5134 845 5171 esse
864 5118 948 5172 eccle-
977 5118 1121 5188 Setiqeros
1137 5136 1203 5173 oero
1218 5136 1325 5188 porcos
1343 5120 1485 5174 Antonius
1504 5121 1563 5186 ille,

113 5204 175 5255 siue
190 5204 377 5273 praepositos.
397 5202 551 5272 ,Pistorius
571 5201 600 5256 in
619 5201 746 5273 hodegut.
766 5219 789 5257 c.
808 5209 832 5258 6.
849 5205 947 5258 ocrim
977 5205 1032 5268 Qui
1049 5206 1169 5260 coluisse
1189 5206 1257 5259 olim
1274 5214 1384 5260 uastam
1400 5217 1539 5262 narratur
1557 5225 1686 5267 eremum.

113 5295 272 5342 sanctorum
292 5290 417 5357 virtutes,
434 5288 534 5361 quibus
553 5289 600 5344 ille
615 5288 695 5359 posti,
713 5289 759 5343 hic
772 5289 860 5343 dolori
880 5290 946 5344 den-
976 5293 1004 5344 Ε
1022 5293 1150 5345 domitus
1167 5309 1261 5345 mures
1279 5293 1370 5361 abiqot
1382 5293 1522 5363 qliresque
1541 5296 1655 5348 uocioos

113 5375 197 5445 tium,
225 5374 296 5430 alius
320 5375 382 5430 aliis
412 5376 540 5432 medetur
571 5374 686 5443 morbis,
721 5374 829 5431 confert
857 5377 946 5430 oanis
977 5375 1129 5431 Gertruciis
1148 5379 1296 5447 quaedam,
1313 5381 1480 5450 penitusque
1500 5383 1648 5452 eustinquit
1665 5383 1776 5438 eosdem

113 5461 219 5529 tubis,
253 5462 352 5531 quibua
380 5463 531 5519 dutinctce
552 5463 668 5519 uirtutes
696 5480 716 5516 a
741 5464 805 5519 Deo
831 5463 943 5522 insitae.
973 5465 1150 5520 Huidrictus
1165 5464 1287 5537 praesul
1302 5467 1422 5535 patrios
1440 5469 1623 5540 eonsperqine
1637 5468 1741 5539 plebea
