4104 6014
731 233 781 288 nn
800 228 1043 314 nonruosuu
1063 227 1385 288 succensurum.
1811 242 1899 299 ,465
1997 256 2004 271 ·

216 385 358 454 spiritalis
379 388 540 458 potenbae,
569 392 621 443 sed
644 390 795 461 palpabile
820 405 874 460 per
902 389 1046 442 ceritatem
1072 399 1097 440 v.
1117 389 1158 438 50.
1181 384 1230 438 ubi
1246 386 1356 440 nonune
1375 389 1470 442 carnis
1493 395 1518 440 et
1535 389 1682 457 sunpuinis
1700 406 1824 458 corpora
1841 405 1901 442 car·

218 479 344 526 naturae.
379 473 416 527 Et
447 480 544 545 pestes
570 475 695 546 subjicit:
727 476 795 530 bum
823 477 878 529 isac
902 477 938 529 ele
961 490 993 528 re
1016 473 1047 526 in
1072 470 1154 523 nolio
1170 471 1312 539 intellips't.
1349 490 1375 543 p.
1395 479 1458 528 ³90:
1481 474 1515 527 Si
1535 474 1662 533 Christus
1680 493 1736 528 non
1756 475 1838 528 babet
1848 484 1902 528 ter·

217 557 304 627 lonpu
330 560 504 614 contentione
526 563 661 630 perducti
685 562 854 630 praemsima
872 581 891 617 a
910 562 990 615 nobis
1005 559 1047 613 in·
1071 572 1169 610 renum
1188 575 1238 611 nec
1256 559 1389 626 carnale,
1420 561 1472 613 sed
1488 558 1637 627 spirituale
1656 568 1683 613 et
1702 560 1820 615 coeleste
1841 578 1901 614 cor·

217 644 372 714 ciperemus
388 646 567 701 simulatione
585 649 711 717 resilire,
740 649 894 718 imperator
919 647 1047 701 Tiberius
1067 660 1140 711 pus,
1168 661 1334 715 consequens
1358 653 1411 713 est,
1438 647 1582 699 oscenses
1609 664 1664 699 non
1683 646 1829 701 babituros
1848 655 1902 702 ter·

218 728 416 785 Constantinus
441 750 483 786 me
506 741 532 787 et
556 734 639 788 iilum
664 733 855 805 (Eutychium)
883 733 1048 803 suscipiens,
1071 744 1143 782 rena
1161 730 1205 783 vel
1223 731 1368 799 carnalia,
1392 733 1445 785 sed
1463 731 1630 799 spiritualia
1649 740 1676 785 ct
1693 734 1824 787 coelestia
1841 752 1901 789 cor·

217 816 287 884 quid
314 818 389 870 inter
415 836 466 872 reos
491 819 652 874 dsbcordioe
679 829 852 888 antorsum,
884 819 996 889 opnosit
1020 825 1045 872 et
1068 833 1158 883 poro,
1187 817 1254 885 cuia
1279 834 1382 886 corpus
1407 825 1533 871 nostrum
1556 818 1660 872 bunede
1679 819 1901 887 transfipurabit,

217 903 361 972 utriusque
389 906 487 973 partis
518 906 717 977 allegationem
747 923 888 975 pensons,
928 907 1046 961 eundem
1072 909 1102 955 ut
1128 904 1271 967 conforme
1291 906 1397 958 reddat
1416 904 1532 976 corpori
1546 922 1597 958 suo
1616 905 1750 971 plurioso.
1788 923 1816 975 p.
1837 911 1901 962 394:

217 988 328 1056 librum,
346 1006 427 1059 quem
446 993 481 1045 dc
498 993 700 1047 rerurrectione
718 993 882 1063 scripserat,
903 992 963 1046 suis
979 1009 1045 1061 quo
1075 986 1156 1049 Quod
1174 989 1274 1043 attinet
1291 991 1376 1044 uerbo
1396 991 1516 1059 symboli
1534 992 1782 1046 deresurrectione
1795 996 1900 1056 carnis,

217 1091 270 1143 que
287 1074 505 1144 allocutionibus
522 1079 668 1133 wbuens
685 1080 858 1144 deliberarit,
878 1087 910 1133 ut
920 1079 1046 1148 flammis
1071 1074 1227 1141 reundum,
1254 1078 1331 1146 quod
1353 1094 1410 1129 rson
1430 1078 1540 1146 possint
1557 1093 1614 1130 esee
1635 1084 1731 1131 tantae
1748 1079 1902 1133 auctorita·

217 1160 340 1214 cremari
369 1163 521 1229 debuisset,
553 1183 573 1217 a
603 1184 658 1235 quc
683 1175 714 1218 ut
735 1166 842 1233 opressi
864 1182 972 1230 sumtu,
1004 1181 1047 1218 me
1072 1159 1115 1226 tis,
1132 1168 1163 1213 ut
1184 1168 1283 1215 contra
1304 1161 1470 1232 Scripturas
1491 1163 1651 1216 testimonia
1667 1165 1738 1233 sps-is
1757 1166 1837 1219 credi
1853 1168 1901 1220 de·

217 1247 366 1314 uepritudo
389 1248 502 1316 sabaa,
530 1253 647 1305 eundem
668 1269 733 1306 cero
757 1252 927 1319 Entycbium
954 1250 1046 1320 aspri·
1072 1246 1147 1313 beot,
1172 1248 1239 1316 quia
1257 1249 1380 1301 nondum
1400 1250 1618 1302 danorutratum
1640 1258 1690 1314 est,
1710 1252 1746 1303 ab
1766 1253 1903 1320 apostolis

217 1335 286 1387 tudo
319 1341 346 1387 et
372 1352 448 1387 mors
467 1337 601 1404 pretinm
630 1345 669 1391 est
692 1346 794 1392 secuta.
841 1339 903 1400 Quo
925 1344 1046 1402 mortuo,
1072 1332 1149 1385 illusi
1178 1349 1237 1386 esse
1268 1334 1450 1402 compositum
1482 1339 1526 1393 (ut
1553 1335 1626 1388 nibil
1649 1337 1776 1390 dicamus
1802 1338 1838 1391 cle
1861 1354 1903 1407 co,

218 1419 285 1487 quia
308 1436 378 1487 pene
406 1420 501 1475 nunus
524 1430 600 1491 erat,
625 1424 676 1494 qui
698 1424 762 1492 ejus
780 1425 859 1478 dicta
877 1429 1046 1493 sequeretur,
1072 1420 1149 1486 procl
1167 1420 1284 1487 quidone
1301 1427 1434 1486 statuunt,
1454 1436 1489 1473 ea
1509 1437 1581 1488 quae
1599 1423 1634 1474 rie
1651 1423 1709 1485 fide
1721 1422 1751 1474 in
1764 1422 1903 1491 Spiritum

217 1503 396 1560 &musulani
413 1515 512 1575 coepta
527 1511 675 1579 persequi,
692 1525 728 1562 ne
748 1511 777 1563 in
794 1510 915 1572 scribas
933 1510 1046 1564 uiderer
1072 1511 1197 1557 sunctum
1217 1522 1302 1572 usque
1322 1507 1363 1557 acl
1377 1506 1463 1573 finem
1480 1506 1625 1572 labentur,
1645 1526 1701 1561 non
1720 1524 1777 1562 esse
1790 1517 1904 1577 partem

216 1592 301 1644 verba
313 1592 453 1661 jaculari.
489 1595 566 1648 Dum
586 1603 678 1649 tamen
693 1596 787 1650 adbuc
806 1597 923 1665 oiuern,
949 1603 1045 1662 stepo
1071 1590 1193 1658 symboli
1215 1592 1381 1658 pecuinam,
1407 1594 1459 1646 sed
1480 1594 1682 1660 posterioribus
1709 1595 1819 1648 demum
1838 1603 1903 1649 tem·

216 1677 403 1732 calidissimis
420 1680 550 1746 febribus
574 1689 765 1751 mprotarem,
794 1684 958 1752 quicumque
987 1681 1047 1735 noti
1070 1676 1187 1745 poribus
1205 1677 1363 1744 additam),
1397 1679 1523 1746 quanseis
1548 1680 1678 1732 viskatur
1703 1682 1789 1733 cerba
1807 1682 1843 1735 cie
1860 1697 1902 1736 re·

217 1762 273 1815 mei
288 1765 330 1817 co
346 1780 409 1818 eum
428 1764 608 1820 salutationis
620 1768 716 1836 pratia
727 1767 892 1837 perpebont,
908 1775 939 1820 ut
953 1784 1047 1820 eorssm
1073 1764 1245 1817 surrectione
1274 1765 1371 1817 carnis
1397 1766 1486 1832 probe
1518 1767 1668 1820 consistere
1693 1782 1790 1838 posse,
1821 1771 1904 1824 modo

218 1848 356 1903 relatione
372 1852 496 1919 copnoei,
515 1860 579 1906 ante
598 1869 692 1906 eorum
712 1854 807 1908 oculm
824 1853 927 1922 pellem
948 1871 1047 1905 manas
1073 1857 1147 1902 recto
1166 1850 1376 1919 intellipantur,
1402 1860 1434 1904 ut
1452 1852 1490 1905 sit
1512 1868 1623 1914 senum,
1650 1853 1728 1906 illud
1745 1857 1823 1922 proci
1839 1857 1902 1925 suit

218 1951 285 1988 neas
304 1937 412 1990 tenebat
427 1938 540 1992 dicem
578 1939 724 2008 Confiteor,
744 1941 813 2009 quin
832 1956 926 1993 omnes
945 1939 975 1992 in
994 1940 1047 1992 boc
1074 1952 1157 2002 caro,
1187 1952 1246 1990 esse
1270 1945 1505 2006 resurrecturum,
1539 1956 1595 1991 non
1618 1946 1709 1993 autem
1735 1942 1811 2010 quod
1835 1958 1903 1997 cara

218 2038 304 2075 carne
338 2039 528 2092 resurpemue,
565 2027 643 2093 quod
676 2026 750 2079 sicut
783 2026 841 2095 ipsi
873 2026 1046 2089 fatebantur,
1074 2022 1138 2090 ipso
1164 2022 1202 2076 sit
1231 2031 1439 2088 resurrecturo,
1470 2022 1543 2077 sicsst
1576 2025 1707 2079 Christus
1731 2027 1833 2083 Mattb.
1859 2032 1904 2095 21,

219 2107 331 2162 omnino
356 2109 442 2178 prius
468 2127 572 2179 nepare
604 2120 788 2167 cormseuerut.
825 2116 850 2165 b.
875 2112 1048 2165 Hincmarus
1073 2126 1097 2160 υ.
1117 2111 1162 2163 31.
1180 2107 1263 2172 dicit,
1286 2109 1457 2178 publicanos
1478 2126 1513 2163 ac
1529 2111 1688 2164 meretrices
1703 2128 1905 2180 praecessuros

218 2193 314 2248 beatos
339 2193 409 2250 dixit
431 2202 495 2265 post
511 2197 739 2253 resurrectionem
757 2197 865 2254 futuros
885 2201 1048 2270 toayyttevc
1074 2211 1132 2248 esse
1150 2195 1324 2249 Pharisaeos
1342 2196 1373 2248 in
1390 2211 1477 2265 repro
1496 2197 1651 2264 cadorum,
1680 2198 1706 2251 b.
1729 2214 1752 2250 c.
1777 2201 1827 2267 qui
1836 2202 1904 2268 fiss-

217 2297 267 2352 per
294 2279 431 2337 humanae
460 2282 632 2339 substantiae
659 2284 688 2338 in
719 2285 831 2356 angelos
859 2284 1046 2349 mutationem,
1073 2290 1138 2334 must
1158 2281 1308 2350 publicani
1331 2289 1357 2335 et
1377 2283 1549 2349 meretrices,
1574 2285 1626 2336 scd
1645 2284 1716 2338 tales
1735 2300 1794 2338 esse
1815 2286 1903 2339 desie

217 2365 296 2423 Ceut.
316 2367 410 2438 Maga
431 2375 456 2425 9.
475 2385 499 2424 e·
519 2375 544 2424 4.
564 2388 590 2440 p.
608 2375 665 2425 205.
702 2375 726 2424 b'.
751 2371 899 2425 Armenios
923 2377 949 2423 et
968 2369 1047 2423 Albi·
1073 2376 1137 2422 runt
1171 2373 1192 2422 1.
1211 2367 1272 2422 Cor.
1294 2373 1322 2431 6,
1345 2385 1370 2421 r.
1390 2373 1415 2423 9.
1453 2366 1583 2438 Denique
1609 2369 1762 2437 concludit,
1792 2386 1821 2423 ss
1846 2389 1903 2424 non

217 2470 314 2523 penses
338 2454 367 2508 in
393 2455 488 2510 eodem
517 2473 580 2510 cum
604 2455 724 2527 Origene
742 2457 845 2512 versari
863 2473 955 2511 errore
976 2454 1047 2509 rele-
1073 2454 1310 2524 puidemcredere
1326 2455 1559 2509 resurrectionem
1576 2456 1679 2518 canis,
1696 2457 1807 2512 sineri
1820 2455 1903 2531 ῥητόν

217 2546 282 2594 runt
300 2540 394 2595 (luido
420 2541 455 2596 de
478 2541 552 2596 haer.
575 2542 676 2596 Eimer.
701 2549 772 2613 part.
790 2548 812 2598 2.
837 2561 863 2614 q.
883 2547 921 2597 13.
944 2547 973 2598 et
990 2541 1046 2595 An·
1072 2541 1255 2607 intettipatur,
1273 2541 1385 2594 interim
1402 2549 1494 2594 tamen
1506 2542 1739 2595 resurrectionem
1753 2560 1904 2612 corporum

218 2626 328 2681 terium
346 2635 416 2697 part.
435 2633 460 2682 4.
481 2644 548 2682 sum.
568 2627 611 2686 tit.
632 2633 671 2683 11.
690 2644 713 2682 c.
729 2633 753 2684 1.
794 2631 815 2683 7.
836 2629 996 2682 Durandus
1011 2643 1047 2682 ne
1072 2644 1108 2680 ac
1143 2627 1268 2696 proinde
1306 2627 1539 2680 resurrectionem
1571 2635 1744 2681 moratorum
1778 2631 1903 2683 credere.

98 2723 154 2766 ιιι.
168 2723 202 2766 ³².
216 2728 266 2782 per
290 2713 342 2768 Dei
371 2712 483 2783 quidem
512 2713 668 2769 absolutum
695 2713 847 2784 potentiam
876 2713 935 2769 fieri
966 2731 1048 2783 posse
1073 2712 1127 2777 Qui
1151 2717 1194 2768 est
1218 2711 1371 2783 ipsissimus
1395 2728 1470 2768 error
1493 2712 1628 2768 lobannis
1648 2713 1783 2770 Hierosol.
1804 2722 1902 2770 conus

216 2798 349 2870 disputat,
367 2807 399 2854 ut
417 2798 490 2854 idem
509 2816 624 2854 numero
642 2816 742 2871 corpus
760 2807 891 2871 resurgat
927 2805 948 2856 8.
968 2802 1046 2854 Ana·
1072 2815 1156 2872 quem
1179 2801 1238 2869 jam
1257 2798 1322 2853 olim
1344 2798 1496 2870 disputavit
1514 2798 1702 2870 Hieronymus
1721 2802 1749 2854 in
1767 2801 1845 2872 epist.
1863 2803 1899 2857 sd

216 2885 354 2955 baptistae
379 2885 415 2940 de
439 2882 698 2941 resurrectionem
722 2888 837 2941 mortuus
859 2887 887 2941 in
908 2885 1046 2957 colloquio
1072 2884 1231 2941 Psmmach.
1249 2904 1276 2957 p.
1289 2891 1345 2942 113.
1355 2885 1396 2941 sic
1405 2885 1542 2941 scribens:
1562 2887 1642 2940 Haec
1654 2896 1694 2940 cst
1704 2890 1793 2941 omnis
1803 2906 1900 2957 cama,

214 2971 399 3027 Franckeuth.
418 2978 468 3026 nrt.
480 2976 521 3027 28.
536 2972 576 3028 sic
591 2973 753 3043 loquuntur:
773 2974 848 3027 Fore
865 2972 1045 3028 resurrectio·
1071 2991 1123 3026 cur
1147 2974 1177 3026 in
1203 2973 1374 3043 conpositione
1391 2973 1461 3035 fidei
1477 2978 1542 3026 tuae
1557 2974 1599 3026 oei
1618 2974 1801 3043 decipiendas
1818 2993 1902 3030 cures

214 3076 276 3111 nem
296 3058 415 3112 mortuis
433 3060 586 3127 credimus,
612 3077 707 3114 verum
730 3062 846 3114 murum
871 3060 962 3130 iprsam
982 3076 1044 3113 ear·
1071 3061 1262 3129 ipnorantium
1294 3061 1387 3114 nonies
1418 3078 1533 3130 corpus,
1565 3078 1598 3113 oc
1621 3077 1656 3113 nc
1680 3063 1765 3116 semel
1789 3061 1902 3131 qusaem

214 3162 276 3198 nem
291 3153 318 3197 et
336 3145 509 3213 sanquinem,
528 3147 600 3200 sicut
617 3147 678 3215 jum
696 3147 835 3210 babemus,
853 3164 969 3216 repnum
987 3145 1046 3198 Dei
1071 3163 1171 3200 canses
1188 3147 1330 3208 nominos,
1348 3148 1414 3199 dem
1432 3146 1556 3199 bomines
1572 3153 1692 3214 piuant,
1710 3155 1736 3200 te
1754 3164 1855 3202 carnes
1872 3149 1903 3202 in

211 3247 392 3301 possessura,
421 3250 563 3306 nunquam
594 3233 753 3302 docuimus,
784 3234 836 3287 sed
863 3232 1045 3301 contrarium,
1071 3233 1236 3301 corporibus
1260 3232 1390 3296 confiteri
1415 3240 1441 3285 et
1458 3232 1534 3285 idem
1553 3249 1652 3286 carnes
1671 3249 1729 3286 esse
1749 3235 1827 3301 meod
1840 3251 1900 3287 cor-

213 3334 310 3387 nempe
328 3334 442 3371 carnem
460 3326 486 3371 et
504 3320 667 3387 scnpuinem
686 3328 802 3389 repnum‘
819 3319 879 3372 Dei
899 3336 956 3371 non
976 3334 1044 3386 pos·
1071 3337 1132 3389 pus.
1167 3318 1205 3372 Et
1222 3325 1335 3389 postea:
1354 3319 1425 3372 Alia
1445 3319 1556 3387 carnis,
1576 3319 1638 3373 alin
1657 3319 1784 3388 corporis
1804 3319 1901 3383 delini·

214 3421 335 3459 casura.
373 3405 463 3466 Quale
488 3414 580 3460 autem
602 3423 704 3475 corpus
727 3406 805 3460 nobis
831 3405 972 3459 Dominus
991 3405 1045 3456 do-
1071 3407 1110 3460 tio
1127 3412 1174 3459 est.
1211 3405 1307 3459 Omnis
1330 3422 1398 3458 caro
1421 3413 1462 3458 est
1483 3420 1602 3471 corpus,
1625 3423 1680 3459 non
1700 3421 1778 3459 omne
1799 3422 1902 3474 corpus

213 3498 293 3545 turus
321 3491 359 3545 sit
381 3499 407 3545 et
434 3500 566 3560 quantum
595 3496 630 3547 de
654 3493 708 3545 bac
732 3508 816 3546 conse
837 3499 864 3546 et
884 3492 920 3544 de
938 3490 1045 3544 ossibus
1071 3500 1113 3546 est
1130 3509 1204 3546 caro.
1246 3491 1320 3545 Caro
1339 3499 1379 3544 est
1393 3492 1530 3559 proprie,
1553 3508 1625 3560 ossae
1643 3492 1794 3560 sanpuinc,
1817 3494 1903 3557 emb,

214 3579 258 3631 bis
280 3580 321 3630 acl
347 3577 424 3631 illud
446 3595 549 3648 corpus
574 3581 612 3632 sit
629 3597 748 3648 murus,
775 3579 834 3647 ipsi
847 3577 1044 3647 permittimus.
1071 3579 1179 3633 ossibus
1201 3578 1348 3646 usumque
1370 3578 1586 3645 consbinpitur,
1615 3595 1718 3647 corpus
1742 3595 1902 3649 piusquam

213 3663 380 3719 vicetiam
399 3662 615 3735 collocuntur.
634 3672 685 3720 art.
709 3670 748 3720 14.
790 3669 816 3720 9.
837 3663 881 3718 De
899 3663 1044 3730 Suenctel-
1070 3674 1097 3719 et
1128 3682 1196 3719 caro
1226 3665 1355 3731 dicatur,
1384 3664 1524 3716 interdum
1551 3671 1645 3717 tamen
1673 3664 1833 3717 aethereum
1859 3665 1902 3718 rel

214 3751 313 3804 manis
333 3749 373 3804 sle
392 3749 489 3804 scribit
504 3749 602 3807 bench.
623 3751 768 3807 Vedianas
785 3751 814 3804 in
832 3750 910 3820 epist
931 3750 968 3805 ed
981 3747 1044 3806 lob.
1071 3757 1183 3806 aecum
1208 3751 1384 3811 nominatur,
1410 3752 1488 3818 quod
1510 3751 1600 3804 tactui
1623 3751 1749 3818 visuique
1767 3768 1823 3802 non
1840 3749 1903 3802 sub·

214 3836 306 3891 Zuicc.
324 3853 369 3892 au.
391 3841 471 3892 1540:
501 3836 621 3891 Aer-iulet
644 3838 684 3891 eis
708 3855 797 3906 supra
816 3838 927 3891 modum
948 3836 1044 3904 Oripe·
1063 3838 1145 3906 jacet
1163 3840 1216 3893 et.
1248 3836 1343 3900 Vides,
1363 3854 1414 3890 nos
1433 3837 1590 3905 intellipere
1608 3836 1777 3890 erebtilitates
1795 3842 1902 3889 ontrm

214 3925 259 3977 nis
286 3925 391 3993 dopma
419 3925 454 3977 de
477 3939 563 3976 carne
586 3931 685 3978 nostra
710 3923 777 3977 olim
792 3940 848 3993 per
868 3923 992 3991 ploriam
1013 3922 1044 3974 in
1070 3932 1154 3993 atque
1177 3940 1298 3990 arcana,
1330 3940 1401 3991 qssoe
1427 3923 1457 3976 in
1484 3924 1618 3977 wate
1643 3929 1727 3991 atque
1744 3922 1819 3975 inter
1836 3938 1901 3991 per·
1915 3919 1968 3961 ¹¹¹·
1981 3919 2014 3963 ³³·

213 4019 344 4064 natmam
374 4027 495 4079 prorum
521 4009 702 4079 spiritualem
729 4011 865 4062 minanda
895 4017 921 4062 et
949 4005 1044 4061 absor-
1068 4010 1158 4074 t‘ectos
1187 4007 1335 4079 loquimini
1361 4015 1387 4061 et
1414 4025 1486 4077 quae
1508 4008 1633 4078 populus
1653 4008 1735 4074 soris
1754 4015 1832 4060 stans
1852 4023 1902 4060 nec

213 4097 311 4151 tendo.
352 4098 393 4150 10.
418 4095 506 4151 Micb.
527 4096 656 4151 Sanetus
673 4094 738 4153 dial.
759 4100 780 4150 1.
801 4095 835 4150 de
854 4093 930 4149 'l'rim
955 4111 981 4164 p.
1002 4097 1042 4147 29.
1070 4104 1189 4150 merctur
1207 4094 1315 4163 audire,
1330 4094 1466 4164 proferre
1485 4094 1516 4146 in
1534 4095 1664 4147 medinm.
1692 4092 1901 4162 Respondemus

213 4184 290 4237 iliud
307 4199 365 4237 esse
384 4190 539 4249 creaturae,
559 4185 636 4252 quod
649 4201 704 4253 per
722 4183 947 4236 incarnationem
964 4180 1043 4235 Obri-
1072 4187 1095 4236 1.
1118 4170 1153 4236 db
1176 4181 1236 4236 loco
1260 4185 1282 4235 1.
1301 4179 1362 4234 Cor.
1384 4185 1429 4248 15,
1454 4196 1479 4236 v.
1500 4184 1542 4234 50.
1569 4179 1615 4233 cui
1641 4178 1722 4232 unice
1748 4178 1901 4233 Ostorodus

213 4267 272 4323 stus
301 4269 465 4338 acquincit,
496 4269 539 4323 ita
567 4286 601 4322 ac
628 4269 654 4322 si
679 4284 726 4321 res
754 4276 824 4322 esset
852 4267 1044 4331 accidentalis,
1070 4267 1204 4334 innititur,
1225 4266 1310 4338 paulo
1329 4270 1393 4337 post
1410 4281 1542 4336 memus,
1561 4261 1607 4318 hic
1623 4263 1734 4317 unicum
1755 4263 1824 4318 illud
1844 4281 1901 4319 mo·

213 4357 345 4411 amissum
363 4362 404 4409 est
421 4355 452 4408 in
468 4355 678 4409 resurrectione.
718 4353 810 4424 (Idem
831 4353 930 4425 sepiis
943 4351 1044 4406 Christi
1070 4370 1181 4422 nemus,
1198 4352 1355 4423 apostolum
1377 4351 1451 4423 loqui
1472 4351 1506 4405 de
1524 4366 1608 4404 came
1629 4349 1761 4417 animati,
1782 4357 1901 4418 peccato

214 4440 343 4496 membris
361 4446 483 4496 statuere
500 4441 637 4513 cogetur.)
1070 4448 1187 4494 anneta
1212 4447 1237 4492 et
1260 4438 1437 4507 cornsptioni
1460 4437 1587 4491 obnocic.
1621 4434 1663 4488 Ee
1683 4441 1819 4503 quatenus
1838 4435 1901 4489 talis

249 4531 289 4582 11,
317 4531 357 4582 11.
376 4527 543 4581 Plotiniani
561 4525 739 4589 contendunt,
758 4542 880 4594 corpora
898 4525 1044 4578 resuscita»
1070 4532 1126 4595 eet,
1146 4543 1202 4581 non
1220 4530 1312 4595 potest
1330 4540 1445 4594 regnum
1465 4522 1518 4576 Dei
1538 4520 1692 4592 possidere,
1718 4521 1767 4575 sed
1785 4521 1899 4593 requiri·

213 4620 306 4667 torum
333 4613 393 4667 sine
424 4630 509 4667 carne
536 4620 563 4668 et
591 4614 728 4681 sanpuine
753 4614 833 4679 sore,
861 4611 936 4664 unde
962 4610 1044 4664 illam
1070 4621 1125 4675 tur,
1143 4620 1176 4667 ut
1192 4610 1298 4682 peccati
1316 4609 1392 4663 lebes
1411 4608 1588 4680 abstergatur
1606 4613 1634 4663 et
1652 4607 1821 4677 corruptioni
1840 4623 1900 4662 snc-

214 4700 306 4768 ipsam
326 4715 450 4764 carnem,
468 4716 554 4768 quom
571 4699 813 4768 circumferimus,
828 4697 939 4751 ratione
955 4713 1043 4750 essen·
1071 4698 1153 4754 cedat
1171 4697 1335 4772 ipbepotc,
1364 4696 1482 4766 qualitas
1501 4712 1567 4766 ergo
1585 4694 1754 4759 mutabitur,
1775 4693 1824 4748 scd
1842 4693 1903 4764 ipse

215 4791 271 4841 tice
301 4787 418 4839 eandem
444 4785 512 4839 olim
536 4793 758 4840 resurrecturam
780 4790 891 4856 negant.
929 4783 1044 4838 Socinus
1071 4785 1180 4841 interim
1201 4782 1356 4838 substantie
1374 4783 1427 4837 erit
1443 4781 1549 4837 eudem.
1588 4788 1611 4834 1.
1633 4779 1666 4833 Id
1689 4780 1762 4851 quod
1782 4779 1901 4835 clarissi-

214 4872 243 4927 in
267 4890 338 4943 resp.
362 4871 398 4926 ed
421 4871 506 4927 Pucc.
529 4889 556 4942 p.
578 4877 624 4928 20:
656 4872 741 4925 Mori
760 4873 840 4925 debet
864 4888 967 4940 corpus
984 4869 1044 4931 boc,
1072 4873 1123 4927 mis
1142 4871 1232 4926 serbis
1250 4875 1367 4925 testatur
1385 4867 1542 4938 spostolus,
1561 4865 1714 4937 quiaillud
1734 4865 1824 4934 ipsum
1843 4881 1902 4920 cor-

174 5009 176 5014 ,
215 4961 292 5029 quod
321 4959 466 5027 babemus,
501 4966 531 5012 ut
567 4959 650 5012 uliud
677 4977 778 5012 norum
809 4959 874 5011 inde
904 4966 1045 5010 nascatur.
1072 4977 1138 5031 pus,
1169 4957 1241 5024 quod
1271 4954 1422 5011 seminetur
1447 4956 1476 5008 ts
1503 4956 1613 5028 φθορᾷ,
1636 4958 1854 5007 resurrecturum
1872 4954 1902 5008 lu

216 5046 368 5101 Ostorodus
391 5046 422 5099 iu
443 5045 506 5100 inst
530 5062 554 5102 c.
579 5050 621 5101 41.
647 5064 673 5117 p.
699 5049 761 5101 389:
792 5044 901 5097 Paulus
925 5045 961 5097 de
987 5059 1045 5097 cre·
1072 5044 1219 5118 ipeupote
1243 5061 1269 5095 v.
1291 5046 1344 5098 43:
1358 5040 1432 5112 quod
1456 5038 1608 5093 seminatur
1625 5040 1656 5094 ln
1675 5037 1788 5109 inepte,
1812 5053 1902 5092 resur·

215 5132 339 5186 cientium
366 5132 531 5201 corporibus
555 5133 720 5201 dispsstaus,
753 5132 830 5201 quod
858 5137 921 5200 post
951 5146 1045 5183 resur·
1071 5139 1211 5187 recturum
1229 5128 1257 5182 in
1271 5127 1366 5199 glorie,
1389 5126 1463 5196 quod
1483 5123 1634 5179 seminatur
1651 5124 1680 5178 lv
1699 5122 1838 5195 ἀσθενείᾳ,
1858 5140 1902 5180 re-

214 5218 364 5272 sectionem
390 5236 446 5273 non
468 5219 525 5272 sirit
538 5219 646 5286 smera
671 5226 793 5286 terrena,
810 5219 862 5271 sed
879 5216 1046 5285 spiritualia
1072 5222 1258 5272 surrecturum
1288 5214 1316 5266 in
1343 5212 1445 5267 virtute
1471 5228 1494 5266 v.
1519 5216 1560 5266 44.
1584 5209 1654 5265 illud
1679 5210 1768 5280 ipsum
1794 5226 1902 5279 corpus,

215 5312 241 5359 et
260 5306 400 5373 coelestia,
413 5312 564 5375 postquam
583 5305 692 5358 scilicet
709 5321 728 5357 a
745 5304 865 5357 mortuis
884 5318 1046 5356 resse-reec-
1073 5302 1147 5375 quod
1174 5307 1216 5356 eet
1238 5298 1370 5368 animale,
1401 5298 1429 5352 in
1451 5295 1651 5351 resurrectione
1675 5295 1734 5350 fore
1759 5295 1902 5365 spirituale

214 5392 287 5459 rint,
318 5409 448 5462 eopresse
477 5390 633 5459 concludit,
665 5392 741 5461 qussi
771 5407 841 5444 caro
873 5397 899 5443 ct
930 5389 1046 5456 sanquis
1071 5406 1097 5443 r.
1125 5394 1165 5443 45.
1195 5394 1224 5442 et
1252 5392 1293 5441 47.
1321 5384 1373 5439 hoc
1401 5384 1490 5454 ipsum
1521 5381 1700 5453 corruptibile
1731 5381 1903 5436 indulturum

216 5496 332 5549 repnum
356 5480 414 5533 Dei
436 5480 597 5534 hereditare
626 5496 682 5533 non
706 5477 833 5548 possint,
865 5480 889 5532 1.
916 5472 987 5542 Cor!
1008 5481 1047 5541 15,
1073 5473 1251 5547 ἀφθαρσίαν,
1281 5472 1333 5527 hcc
1365 5472 1455 5543 ipsum
1488 5468 1603 5524 mortale
1629 5466 1799 5522 indulturum
1829 5467 1903 5522 cibu-

269 5572 371 5616 wenti
383 5573 433 5616 leel.
451 5573 508 5616 VIII.
1541 5575 1575 5626 30
