4074 6022
583 110 632 164 DE
652 104 896 164 montuosum
914 104 1238 166 RESURRECTIONE.
1685 116 1744 173 tta

54 268 110 317 tur.
146 262 248 333 Ephes.
273 268 303 335 l,
330 280 357 319 v.
382 269 420 319 13.
448 263 570 335 loquitur
598 263 739 335 apostolus
767 278 823 316 non
851 261 885 314 de
915 265 1103 333 intermontes
1133 283 1152 319 a
1181 266 1375 329 Saddmae'im
1407 265 1458 336 qai
1484 262 1622 333 mpetum
1651 278 1746 316 resar-

54 349 226 419 perfectione
244 352 427 419 quantitatis,
457 352 556 407 4444444
582 351 688 406 scilicet
707 367 740 404 ac
755 354 886 416 summe,
913 352 1077 418 rectionem,
1107 352 1190 420 cujus
1207 359 1311 420 septena
1327 350 1459 417 fratrum
1476 349 1530 402 erit
1548 364 1632 415 neor,
1661 364 1746 417 quam

54 436 106 490 sed
126 436 289 505 qualitatis,
307 436 456 509 agnitionis
477 437 633 491 scilicetne
652 437 765 491 notitiae
785 440 888 505 myste-
913 438 1022 506 sinpali
1048 439 1216 506 belismum,
1248 439 1315 490 dum
1341 437 1457 506 quisque
1482 452 1576 489 eorum
1594 434 1678 487 uellet
1698 435 1745 486 ole-

54 521 159 577 riorum
179 522 342 588 divinorum,
361 540 433 593 quae
451 524 478 576 in
497 523 548 578 hac
566 524 624 577 rite
643 523 766 595 quotidie
786 523 813 576 in
833 522 886 591 piis
913 525 1008 587 suncti
1024 542 1124 587 semus,
1141 526 1215 578 sieut
1234 525 1279 577 ier
1292 531 1488 593 praeceperat,
1503 522 1648 575 excitaret
1667 536 1745 574 erra—

54 608 142 663 debet
173 623 309 671 cresccre,
345 609 373 663 in
405 608 500 664 futura
530 617 622 664 autem
654 608 889 664 consummabitur
914 610 963 672 tis,
994 611 1099 680 inquit,
1129 610 1280 663 nescientes
1305 609 1471 677 Scripturas
1502 624 1589 676 nemea
1618 607 1746 658 uirtutem

55 694 221 763 plenissime.
267 694 348 749 Hanc
376 696 629 765 interpretationem
657 696 756 766 probat
781 698 890 767 integer
916 697 977 750 Dei.
1017 697 1135 749 Etcum
1155 704 1238 764 aptus
1257 703 1328 747 esset
1344 696 1430 761 locus,
1452 702 1482 747 ut
1501 695 1612 758 dumet,
1633 694 1668 745 cte
1689 708 1746 760 qua

54 785 217 845 contextus,
247 780 287 835 ait
313 783 387 836 enim
413 782 554 852 spostolus
582 783 617 836 de
643 782 698 835 fine
724 782 843 836 instituti
872 798 890 834 a
914 781 986 835 enim
1014 800 1057 834 me
1080 782 1276 851 interrogetis,
1311 782 1354 832 cir
1379 781 1433 833 erit
1455 782 1533 848 ipsa.
1563 797 1618 831 non
1637 778 1745 844 nrulim,

57 864 169 921 Christo
199 867 357 931 ministerii,
388 885 470 939 quem
502 866 599 922 statuit
625 869 889 921 corisummutionem
915 885 969 921 nou
994 868 1045 921 boc
1070 869 1155 932 eliab,
1187 870 1238 920 sed
1260 868 1348 921 uteie.-
1383 869 1420 920 In
1441 866 1647 919 resurrectione
1672 864 1744 917 enim

56 962 221 1007 sanctorum
240 962 266 1006 ct
283 956 508 1016 oedificruionem
526 957 655 1024 corporis
677 953 794 1016 Christi,
817 952 889 1007 scili·
915 972 1001 1022 neque
1020 954 1135 1017 nubem,
1159 970 1246 1020 neque
1265 971 1365 1007 ratores
1384 955 1498 1018 discent,
1522 953 1574 1004 seri
1592 959 1656 1003 aunt
1675 954 1745 1003 sicut

57 1046 104 1093 cet
120 1040 232 1110 mystici
249 1058 275 1095 v.
300 1044 338 1094 12.
357 1057 408 1110 per
424 1056 506 1111 quam
525 1058 589 1095 vere
606 1040 644 1110 pii
665 1040 694 1093 in
705 1039 889 1110 11414444ςηὶ-
916 1041 1011 1109 anpcli
1039 1040 1096 1092 Ilei
1123 1040 1152 1092 iu
1178 1040 1270 1103 coelo,
1299 1040 1433 1108 aeqrmles
1455 1039 1549 1106 utrque
1569 1037 1679 1105 capelia
1699 1037 1746 1088 im·

57 1126 135 1180 tione
143 1123 246 1179 Christi
261 1125 300 1179 ita
313 1134 449 1191 crescunt,
469 1133 502 1179 nt
519 1127 556 1181 ad
574 1126 684 1195 plenam
697 1133 725 1181 et
738 1125 888 1196 perfectam
915 1127 1087 1180 mortalitate
1102 1144 1137 1179 ae
1147 1126 1300 1192 felicitate,
1316 1143 1372 1177 non
1386 1140 1487 1191 carne,·
1506 1125 1578 1176 simut
1593 1138 1643 1175 nec
1654 1140 1746 1175 resur-

57 1217 178 1267 aetatem
205 1212 375 1281 spiritualem
400 1213 428 1266 iu
454 1211 564 1267 Christo
590 1212 714 1283 quotidie
738 1211 888 1281 adspirent,
915 1215 1052 1279 rectione,
1073 1231 1128 1282 qnia
1148 1230 1204 1265 aon
1223 1213 1404 1281 inrdipnerunt
1422 1210 1530 1279 urredi,
1549 1209 1680 1277 qnoniam
1697 1227 1746 1263 nse

56 1296 111 1351 hoc
138 1304 179 1352 ert
206 1297 242 1351 ad
268 1297 420 1368 perfectam
444 1297 631 1368 cognitionem
658 1303 687 1352 et
714 1297 888 1351 dilectionem
916 1302 990 1354 nimi
1001 1308 1143 1368 poterunt.
1180 1300 1303 1367 Nuptiae
1322 1314 1388 1364 erpo
1404 1297 1545 1350 Dominus
1562 1298 1679 1360 futuras
1690 1312 1747 1347 esre

57 1384 127 1453 Dei,
150 1385 246 1455 sicque
265 1386 389 1437 evadant
407 1386 435 1437 in
454 1386 545 1437 virum
561 1386 718 1454 perfeetum
740 1402 765 1436 r.
788 1388 818 1438 13
845 1383 889 1437 cui
917 1387 1028 1453 nouauit
1046 1386 1076 1438 in
1096 1388 1313 1447 resurrectione,
1332 1402 1387 1437 non
1405 1383 1536 1449 fenetras,
1557 1391 1583 1435 et
1604 1382 1644 1433 ili
1661 1398 1746 1449 nepa·

56 1476 236 1539 opponuntur
257 1471 387 1534 paruuli,
412 1468 465 1524 hoc
489 1478 532 1524 est
551 1468 718 1524 fluctuantes
736 1471 764 1523 in
784 1468 839 1523 fide
856 1485 890 1523 ac
915 1472 968 1534 cit,
999 1471 1048 1525 uli
1070 1472 1138 1525 talis
1163 1471 1289 1540 qreoestio
1317 1470 1488 1531 vertebatur,
1517 1476 1547 1520 ut
1568 1484 1629 1520 cerm
1648 1471 1747 1535 negato

56 1553 201 1609 instabiles
220 1572 246 1606 v.
269 1561 306 1609 14.
344 1555 446 1610 Confer
468 1563 485 1610 l.
502 1556 564 1610 Cor.
587 1561 632 1621 13,
650 1574 675 1609 v.
700 1562 820 1611 11.etc
849 1562 890 1623 14,
915 1575 983 1611 scau
1014 1556 1145 1611 muliebri
1175 1555 1308 1609 cerense
1331 1555 1482 1623 seseditcte
1510 1555 1689 1620 dissolveret,
1721 1551 1749 1604 si

56 1659 83 1694 v.
103 1645 144 1695 lt).
179 1641 366 1712 Augustinum
392 1641 439 1700 lib.
461 1648 501 1696 ¹22.
526 1641 561 1695 de
579 1642 654 1696 civit.
676 1641 727 1696 Dei
753 1659 775 1696 c.
798 1647 836 1698 le.
863 1649 891 1696 et
916 1664 977 1699 euris
994 1645 1035 1697 ios·
1047 1650 1246 1712 praenosceret
1264 1659 1319 1693 nou
1337 1643 1475 1704 futurum,
1492 1641 1548 1693 imo
1568 1640 1652 1693 etiam
1663 1640 1746 1707 sista

55 1726 105 1781 lib.
129 1727 165 1782 de
182 1743 248 1783 vera
267 1727 344 1797 relig.
371 1745 394 1782 c.
414 1732 454 1784 26.
494 1726 574 1783 Rom.
594 1735 624 1793 8,
649 1745 673 1781 v.
696 1734 736 1783 ll.
775 1726 845 1786 Phil.
865 1733 889 1798 3,
914 1749 979 1784 rum
1008 1748 1065 1784 esse
1087 1728 1211 1793 firmauit
1233 1727 1368 1792 ribendo,
1397 1745 1453 1780 non
1471 1727 1587 1792 niobem,
1612 1726 1747 1794 quocica

56 1831 81 1866 v.
102 1819 140 1868 21.
171 1830 226 1868 non
249 1814 285 1868 de
310 1813 503 1870 conformitate
522 1814 675 1868 secundnm
697 1815 889 1885 quantitatem,
914 1820 1040 1880 ferriinos
1062 1817 1197 1885 pertinet,
1227 1830 1315 1882 neque
1337 1830 1438 1867 rasores
1464 1815 1578 1873 ducent,
1608 1813 1685 1881 quod
1707 1813 1748 1863 art

56 1900 106 1954 sed
123 1900 277 1954 secundum
295 1900 458 1968 qualitatem
474 1899 577 1970 agitur,
596 1906 628 1952 ut
641 1899 779 1969 oppositio
792 1919 888 1955 ranes-
914 1907 1000 1958 ciros.
1039 1904 1132 1956 Erunt
1151 1919 1228 1971 erqo,
1246 1920 1318 1971 quae
1337 1901 1381 1954 vel
1399 1902 1500 1954 nubere
1518 1902 1563 1953 lio
1580 1900 1684 1963 solent,
1703 1900 1747 1953 ecl

55 1984 161 2047 rucene
179 1991 226 2039 καὶ
245 1981 325 2054 δόξης
341 1986 517 2041 manifestum
537 1986 613 2041 facit.
916 1993 1019 2044 deicere
1037 2007 1147 2057 uxores,
1165 1990 1216 2042 sert
1234 1989 1273 2041 ili
1289 1987 1341 2041 loc
1358 1987 1544 2056 consocient.
1576 2002 1636 2056 cap.
1653 1991 1691 2041 ta.
1710 1985 1745 2040 ad

17 2074 40 2115 ⁴·
94 2076 134 2127 88.
170 2071 320 2134 Quaeritur
339 2078 362 2126 4.
403 2074 449 2124 An
472 2074 502 2125 in
527 2074 701 2126 reemcitutis
724 2072 889 2140 corporibus
915 2077 1006 2133 locum
1025 2075 1206 2146 apostolicum
1225 2074 1326 2145 Ephea
1345 2080 1374 2142 4,
1395 2091 1420 2127 v.
1438 2079 1477 2129 12.
1497 2090 1568 2143 resp.
1590 2081 1615 2125 et
1635 2074 1670 2124 ele
1689 2072 1746 2139 spi·

10 2137 42 2218 ii}
55 2159 188 2223 timorum
219 2159 256 2210 sit
287 2160 439 2212 amerineen
466 2160 571 2212 semul
606 2157 725 2223 Quidam
754 2157 889 2213 existima·
915 2164 1030 2216 ruualr's
1057 2180 1092 2215 ar
1118 2165 1228 2229 44944141
1252 2161 1382 2229 corporis
1401 2160 1567 2213 incremento
1590 2158 1618 2211 in
1637 2175 1669 2212 eo
1690 2156 1744 2228 agi,

10 2231 23 2311 ξ’
55 2250 131 2312 runt,
148 2250 213 2314 poet
229 2245 455 2300 resumectionern
474 2244 712 2316 nullnmamplins
727 2261 887 2298 mansurum
914 2255 1011 2320 postea
1029 2249 1156 2319 subjicit:
1190 2248 1225 2301 Si
1245 2250 1297 2301 loe
1319 2250 1360 2300 art
1379 2245 1593 2301 rerurrectionis
1612 2246 1745 2309 feroram,

10 2334 43 2375 ¹¹²
56 2330 205 2385 discrimen
230 2348 323 2395 nexus,
355 2331 403 2386 sed
428 2329 545 2386 feminas
569 2332 597 2385 in
623 2348 690 2385 sexu
709 2331 780 2385 virili
800 2347 887 2385 resur·
914 2338 1011 2405 inqua
1028 2337 1081 2389 erit
1098 2334 1296 2404 unusquisque,
1313 2334 1495 2403 referendarii
1512 2339 1590 2394 esset,
1607 2331 1678 2398 quid
1694 2347 1744 2383 nos

56 2422 191 2472 recturus,
232 2414 311 2470 Haec
339 2416 449 2470 viderur
479 2434 539 2472 esse
568 2418 707 2471 sententia
737 2416 833 2470 Basilii
861 2416 889 2470 iu
915 2424 1063 2492 tripertiens
1082 2422 1225 2476 nornirmro
1242 2422 1306 2475 ciro
1323 2420 1481 2487 inteltipere
1497 2426 1523 2472 st
1533 2418 1689 2485 semissem,
1714 2423 1744 2469 ut

56 2504 158 2559 Psalm.
180 2508 236 2558 114.
255 2502 387 2557 dicentis:
420 2502 471 2558 οὐκ
489 2506 530 2560 lus
549 2501 635 2579 ἄῤῥην
652 2509 699 2557 καὶ
720 2505 788 2567 tito
808 2506 840 2558 ἐν
856 2506 889 2578 τῇ
913 2511 1003 2563 cirum
1018 2526 1075 2577 pro
1092 2508 1201 2560 hancine
1215 2506 1340 2576 positum
1358 2505 1559 2574 acciperemus,
1575 2505 1646 2556 sieut
1660 2503 1689 2555 in
1704 2517 1745 2568 eo,

55 2587 218 2653 tremisse,
247 2610 311 2671 'non
341 2598 381 2642 est
415 2607 489 2656 mas,
518 2609 573 2644 non
606 2591 715 2652 fernina
740 2591 768 2642 in
794 2607 888 2643 resecr·
914 2598 992 2666 quod
1017 2597 1122 2648 dietum
1150 2601 1190 2645 est
1213 2593 1308 2645 leubus
1331 2593 1390 2657 cir,
1423 2592 1474 2660 qui
1491 2590 1566 2644 timet
1584 2590 1744 2656 Dominum,

54 2677 186 2731 rectione.
222 2675 322 2730 Hilarii
340 2677 369 2729 in
387 2692 410 2730 4.
426 2682 466 2732 22.
486 2676 584 2730 unuh.
604 2674 751 2731 Athanasii
769 2693 848 2733 serm,
864 2683 887 2732 3.
913 2684 1009 2750 utique
1034 2680 1075 2733 ibi
1098 2687 1164 2733 meret
1183 2687 1209 2731 et
1225 2678 1361 2744 feroinus,
1390 2678 1439 2746 qui
1456 2678 1550 2731 timent
1573 2676 1746 2731 Dominum!

54 2767 153 2818 contra
172 2762 291 2817 Arianos
311 2761 462 2817 subfinem
481 2762 657 2817 stallorum.
677 2762 714 2815 ad
732 2762 806 2832 quod
826 2780 887 2832 pro·
913 2768 992 2823 Idem
1023 2784 1086 2822 cum
1113 2766 1272 2836 Augustino
1295 2770 1422 2817 smtuunt
1445 2779 1478 2816 ac
1502 2761 1619 2816 feminas
1644 2761 1671 2815 in
1696 2779 1746 2815 suo

56 2848 180 2904 bssndum
211 2849 354 2904 &dducam
387 2856 446 2903 lum
477 2848 561 2903 verba
589 2848 705 2913 Christi,
741 2851 770 2901 5⁷²
796 2868 888 2905 rtwr·
913 2870 980 2909 sexu
1018 2852 1138 2908 femineo
1171 2858 1372 2905 resumecturas
1401 2855 1528 2903 assuunt
1556 2846 1745 2903 Tertullianus

55 2937 178 2990 rectione
212 2954 266 2988 non
299 2936 402 2991 nubent
435 2954 484 2988 esec
514 2938 617 3004 arrptrri
640 2936 796 3001 dolensium
829 2942 889 2988 tum
914 2941 975 2996 libr,
1002 2941 1037 2994 de
1060 2956 1161 2993 rasum.
1180 2954 1256 2993 carn.
1275 2953 1299 2992 c.
1321 2943 1362 2992 60.
1399 2936 1585 3005 Hieronymus
1606 2934 1684 3004 epist
1703 2938 1745 2990 61.

57 3023 163 3077 dictum
188 3022 386 3091 apostolicum,
416 3024 503 3075 donec
531 3039 711 3075 occurramus
740 3039 833 3075 omnes
860 3024 889 3074 in
913 3029 950 3081 ad
976 3025 1137 3081 pammach.
1167 3031 1264 3078 contra
1289 3039 1396 3078 errores
1420 3022 1557 3078 ,lobannis
1586 3021 1744 3091 Hierosoly·

54 3111 148 3163 cirum
163 3110 331 3177 perfectum.
368 3108 446 3161 Inter
465 3106 651 3162 scholasticos
667 3107 768 3163 Suetus
781 3114 804 3162 t.
819 3115 888 3163 sent.
914 3112 1024 3175 mitani,
1052 3118 1148 3166 auctor
1173 3109 1236 3163 libri
1262 3110 1297 3164 de
1317 3109 1468 3163 ecclesiast
1489 3105 1666 3178 dogmatibus
1695 3106 1743 3177 qni

56 3195 120 3249 dise
135 3199 178 3249 20.
199 3210 327 3265 expresse
345 3196 433 3259 docet,
454 3212 546 3248 oannes
562 3195 687 3258 feminus
699 3203 813 3263 eccepto
825 3195 889 3249 solu
914 3199 1111 3254 habeturinter
1123 3195 1365 3267 operaAngnstini
1379 3213 1402 3251 c.
1418 3201 1459 3250 ll.
1473 3201 1502 3250 et
1513 3199 1624 3264 praetsu
1634 3192 1745 3249 8441444

56 3282 81 3338 b.
112 3281 225 3349 Virpine
252 3281 282 3332 in
310 3296 377 3334 seren
406 3280 489 3333 rririli
516 3288 739 3349 resurrecturas,
770 3286 793 3333 1.
817 3284 885 3350 quia
914 3285 1096 3340 communiter
1115 3283 1291 3350 Scholastici,
1319 3284 1400 3352 eujus
1423 3281 1577 3336 sententiae
1595 3281 1745 3351 praecipua

10 3373 44 3417 tt.
55 3386 138 3423 senus
154 3366 293 3431 semineus
312 3374 351 3420 est
369 3367 500 3419 accffleru
519 3375 544 3419 et
563 3367 741 3435 imperfectio
760 3366 888 3432 homines,
912 3373 983 3427 ratio
1003 3388 1036 3425 ea
1053 3375 1103 3433 est,
1124 3369 1199 3441 quod
1217 3371 1291 3422 idem
1310 3385 1424 3422 numero
1436 3384 1539 3435 corpus
1552 3366 1744 3421 nauculatum

50 3454 115 3521 jam
140 3471 206 3506 nero
228 3454 258 3504 in
276 3453 480 3505 resurrectione
497 3453 585 3506 omnm
603 3453 780 3521 imperfectio
795 3454 888 3507 abole-
913 3458 947 3511 iri
965 3457 1108 3526 Scriptura
1132 3455 1243 3518 doceat,
1267 3462 1299 3508 ut
1323 3453 1450 3525 superius
1469 3453 1653 3519 ostendimus,
1678 3468 1744 3524 ergo

56 3540 147 3605 litur,·
178 3543 203 3589 2.
230 3539 298 3605 quio
323 3537 432 3599 feminea
457 3546 497 3590 est
524 3556 585 3591 mas
608 3540 802 3593 mansionales
820 3548 887 3594 teste
913 3544 995 3600 etiam
1019 3542 1048 3595 in
1071 3542 1168 3597 eodem
1192 3557 1260 3595 sexu
1283 3546 1418 3611 resurget.
1456 3538 1485 3594 si
1508 3538 1581 3593 enim
1601 3538 1674 3593 idem
1694 3556 1743 3593 nu-

57 3625 245 3691 Plilosopiro,
276 3626 350 3677 unde
375 3626 405 3676 in
430 3625 540 3689 femina
564 3628 752 3693 producentia
776 3628 888 3680 erasme
914 3646 988 3684 mero
1009 3634 1143 3698 resurget,
1162 3626 1278 3682 babebit
1293 3627 1376 3680 etiam
1392 3627 1502 3681 easdem
1514 3625 1685 3681 conditiones
1703 3626 1744 3679 in·

55 3726 168 3763 errasse
186 3718 306 3776 natura,
337 3719 368 3763 ut
388 3728 449 3763 cum
474 3710 557 3763 441144
572 3712 734 3780 producere
750 3713 887 3766 bominem
913 3716 1097 3784 dividuantes,
1118 3714 1189 3768 inter
1209 3730 1279 3786 quas
1299 3729 1355 3767 una
1372 3730 1405 3766 ex
1426 3712 1582 3783 praecipuis
1603 3719 1743 3768 estserae

51 3798 228 3865 perfectum,
255 3813 360 3848 marem
379 3796 499 3863 scilicet,
528 3799 672 3861 deficmte
691 3800 791 3851 uirtrrte
809 3816 886 3867 qene-
913 3802 1117 3857 determinatus.
1157 3800 1247 3868 Adde,
1263 3799 1338 3871 quod
1357 3799 1385 3853 in
1403 3799 1600 3853 resurrectione
1614 3816 1668 3853 non
1683 3798 1743 3868 ipsa

56 3884 152 3936 rotiuu
170 3882 283 3936 sentinis
296 3900 353 3950 pro
372 3900 449 3936 more
463 3884 634 3953 praeluserit
652 3885 796 3946 fornicans.
832 3883 887 3938 Sed
912 3894 1013 3942 natura
1039 3886 1175 3941 individui
1202 3903 1253 3941 nee
1279 3885 1412 3956 perfectio
1439 3889 1488 3939 aut
1510 3883 1655 3955 integritas
1682 3900 1743 3954 spe·

57 3974 155 4023 contra
181 3967 255 4022 hanc
285 3967 440 4037 opinionem
467 3972 542 4021 recte
570 3967 691 4038 insurgit
711 3971 886 4040 Augustinus
913 3973 1032 4042 clerum,
1056 3973 1105 4026 sed
1129 3971 1197 4026 vitia
1220 3971 1355 4026 dunmxat
1378 3977 1493 4025 naturae
1518 3972 1574 4025 sint
1597 3969 1742 4027 abolenda.

56 4055 118 4111 libr.
140 4060 179 4112 22.
201 4055 236 4108 de
255 4054 329 4111 civit.
352 4055 403 4108 Dei
431 4072 454 4112 c.
474 4061 519 4111 ll:
556 4056 633 4108 illibi
652 4056 762 4127 (inquit)
786 4058 887 4111 sanlius
913 4059 959 4113 Ad
979 4059 1041 4113 loca
1061 4058 1222 4128 Scripturas
1240 4057 1269 4111 in
1286 4057 1452 4111 contrarium
1472 4056 1608 4126 producta
1626 4073 1659 4111 ex
1680 4055 1743 4121 illis,

55 4143 323 4211 repercutientes,
352 4144 402 4209 qui
426 4151 571 4209 strenaque
594 4160 688 4195 seeum
715 4152 887 4197 resumetu-
913 4162 984 4215 quae
1004 4148 1064 4215 jam
1082 4150 1146 4199 ante
1166 4144 1338 4211 dictasunt,
1364 4142 1445 4197 facile
1465 4142 1626 4211 responderi
1644 4147 1743 4213 potest.

54 4248 120 4283 rurs
142 4242 199 4280 esse
225 4244 281 4281 non
309 4228 445 4281 <tumeant
483 4229 550 4280 Non
569 4229 641 4281 enim
658 4229 749 4281 libido
767 4229 808 4281 ili
827 4231 888 4298 erit,
913 4231 1032 4301 Nuptias
1051 4230 1079 4283 in
1098 4230 1175 4284 coelo
1195 4228 1320 4285 Christus
1337 4229 1447 4283 futuras
1464 4234 1561 4298 negat,
1589 4245 1644 4283 nou
1666 4227 1742 4283 femi-

56 4332 129 4382 quce.
152 4314 328 4375 consessionis
354 4321 394 4367 ast
419 4330 522 4378 causa,
549 4333 615 4367 nam
635 4315 805 4383 priruqnam
820 4332 887 4383 pec·
913 4334 979 4387 nas3
1001 4316 1110 4388 angelis
1131 4333 1181 4370 nos
1195 4315 1326 4385 aequales
1345 4314 1452 4369 futuros
1474 4331 1534 4369 esse
1552 4314 1665 4381 assent,
1687 4332 1741 4369 non

54 4406 178 4463 cassaret,
212 4401 283 4452 trudi
310 4406 392 4452 erant
410 4407 435 4451 et
457 4417 514 4452 non
532 4400 781 4466 congratulabantur
798 4403 842 4454 nir
861 4408 896 4456 et·
912 4403 1004 4475 quoad
1030 4409 1156 4457 naturam
1180 4401 1225 4455 sel
1249 4418 1329 4456 sexus
1356 4401 1552 4469 privationem,
1576 4401 1625 4457 sed
1649 4403 1741 4472 quoad

53 4485 178 4547 semina,
209 4486 374 4551 corpor-rbus
405 4502 472 4554 enyo
503 4486 563 4539 illis
595 4486 665 4537 uitia
695 4487 883 4540 insectemur.
911 4489 1101 4554 sanctitatem,
1128 4487 1374 4549 immortalitatem,
1400 4486 1637 4557 spiritualitatem,
1658 4487 1810 4550 felici-111,
1826 4509 1858 4551 m,

55 4573 171 4625 Natura
190 4573 354 4637 seruabitur,
383 4589 440 4625 non
457 4580 495 4625 est
514 4580 606 4625 nutent
624 4571 721 4624 uitium
740 4589 821 4625 senus
834 4576 886 4640 fe·
911 4581 1005 4642 tatem,
1024 4575 1165 4630 exclusam
1183 4574 1238 4628 cibi
1256 4581 1373 4644 potusve
1385 4572 1578 4629 necessitatem
1590 4579 1641 4627 etc.
1676 4572 1740 4628 Ter·

55 4659 170 4721 mineus,
189 4658 242 4710 sed
259 4665 370 4725 natura,
390 4676 463 4726 quoe
481 4665 546 4710 trsuc
565 4658 679 4725 quidem
699 4665 724 4710 et
746 4676 764 4710 a
785 4677 884 4713 corma·
912 4662 1044 4717 tullianus
1062 4661 1098 4715 de
1115 4677 1201 4718 resur.
1222 4676 1295 4714 carn.
1312 4676 1375 4729 cap.
1395 4665 1443 4715 62:
1470 4660 1536 4712 Non
1557 4660 1637 4722 distr,
1662 4668 1742 4713 erunt

55 4744 121 4809 turs,
138 4751 164 4795 et
182 4761 202 4796 a
216 4751 305 4812 partu
325 4745 456 4798 isnmunia
475 4745 537 4812 err't,
558 4752 638 4797 munt
659 4750 751 4797 tumen
763 4748 885 4799 membru
913 4749 1017 4816 anpeli,
1034 4765 1068 4802 ne
1085 4748 1208 4801 homines
1227 4754 1349 4815 negaret,
1372 4749 1424 4799 sed
1440 4754 1574 4815 tanquam
1592 4747 1694 4815 cupali,
1712 4755 1743 4800 ut

45 4829 177 4897 ferrsinea
207 4848 262 4882 non
291 4832 475 4883 accomodata
496 4832 568 4895 ¹uarii
589 4830 690 4894 ueteri,
720 4833 772 4885 sert
790 4834 1034 4899 stecorilsomincs
1071 4842 1253 4888 corueruaret.
1305 4834 1370 4887 Non
1402 4834 1518 4887 detulit
1550 4834 1742 4900 substantiam,

53 4934 138 4981 acuo,
167 4934 221 4984 quo
238 4935 295 4969 non
316 4917 465 4969 alliciatur
485 4917 671 4987 adspiciuntur
691 4904 959 4986 concepissem-leui
979 4920 1190 4974 similitudinem
1216 4920 1348 4974 attribuit.
1384 4919 1499 4974 Nomine
1526 4918 1577 4973 viri
1601 4919 1742 4988 apostolus

52 5003 112 5066 tia,
138 5019 211 5070 quae
235 5003 319 5057 neila
343 5003 410 5070 erit,
441 5004 493 5056 aeci
514 5003 571 5056 Dei
593 5003 728 5056 larrdetur
746 5005 886 5072 sapientia
912 5025 967 5061 non
986 5023 1097 5072 sexum,
1118 5007 1166 5061 sed
1184 5005 1392 5077 perfectionem,
1410 5006 1495 5061 robur
1512 5010 1541 5059 et
1560 5005 1741 5060 constantiam

53 5088 309 5157 atqueetementia,
331 5089 424 5157 quiet
444 5090 592 5156 quodrmu
612 5096 682 5155 erut,
698 5090 768 5152 feeit
781 5091 885 5145 etlile-
913 5094 1019 5147 virilem
1052 5092 1191 5163 intelligit.
1243 5092 1326 5146 Dicta
1353 5099 1476 5146 veterem
1509 5091 1548 5145 sic
1581 5090 1743 5161 accipienda

51 5176 129 5229 rasit
154 5192 174 5227 a
191 5177 378 5244 correptione,
404 5176 481 5243 quod
499 5175 573 5239 fecit
592 5179 644 5230 etc.
687 5176 886 5231 treatment
913 5186 985 5243 sunt,
1003 5178 1077 5251 quod
1092 5185 1204 5247 negent,
1225 5178 1253 5231 iu
1271 5178 1346 5232 coelo
1358 5178 1417 5232 fore
1429 5195 1544 5233 manum
1556 5176 1744 5233 diversitatem

52 5262 114 5317 Dei
135 5262 252 5329 semina
280 5262 352 5314 siem
378 5262 434 5324 eir,
464 5261 514 5328 qui
537 5276 603 5329 erpo
623 5269 771 5329 umeroque
792 5281 885 5317 serum
915 5267 1011 5335 quoad
1027 5282 1116 5330 mum,
1134 5281 1188 5318 non
1207 5269 1299 5318 antem
1322 5266 1419 5332 quoad
1436 5264 1629 5318 wlstantiam.
1669 5263 1743 5319 Scoti

52 5349 348 5416 mercimoniisque
365 5348 501 5403 restituet.
541 5348 670 5415 Denique
689 5355 715 5399 et
731 5349 885 5416 ipsedesns
916 5351 1035 5405 rationes
1056 5350 1182 5405 nituntur
1207 5349 1277 5404 lslsa
1299 5348 1455 5420 hypothesi.
1495 5348 1583 5405 Sexus
1608 5349 1742 5403 femineus
