4104 6014
315 239 355 297 34
898 228 1022 289 Locus
1038 224 1244 286 VIOESIMUS
1260 229 1407 290 SEXTUS

313 385 371 441 vita
395 384 612 442 circumferimus
645 391 675 444 et
702 402 774 458 qnae
797 387 827 441 iu
852 391 939 442 morta
967 401 1017 456 per
1044 379 1145 438 cinefa—
1170 383 1478 458 ci‚sciliceteritopem
1499 386 1606 458 ferens,
1621 386 1706 441 LXX
1724 387 1837 457 interpr.
1853 388 1901 439 ast
1917 389 2006 457 κρῖμα

313 471 432 528 ctionem
459 472 620 539 resolvitur,
651 478 872 529 resurrecturam
919 469 1101 527 Schmsluius
1118 468 1148 522 in
1171 470 1307 527 cirtem
1320 474 1351 528 iv
1364 471 1445 543 αὐτῷ,
1461 474 1623 529 roseriis
1643 491 1675 529 eo
1693 490 1781 528 curus
1794 474 1899 527 mortis.
1924 472 2007 543 Sym·

314 573 402 614 exam
426 564 497 615 cent.
522 576 608 614 error.
635 577 663 630 p.
689 563 731 614 36.
771 559 900 628 Corpore
922 557 1007 625 inec,
1036 553 1147 627 (inquit)
1173 558 1286 614 machus
1312 558 1365 629 οὐχ
1387 557 1504 632 ὑπάρξει
1522 558 1605 630 αὐτῷ.
1638 559 1763 632 Vulgata
1787 568 1814 614 et
1830 576 1887 613 οοο
1906 558 1962 613 erit
1980 558 2008 612 si

313 660 387 712 quue
396 662 471 699 nune
485 644 720 711 circumferimus,
730 642 1149 710 resurrecturanoncredimus,
1170 645 1309 715 populus,
1341 644 1389 717 qui
1419 662 1483 701 eum
1515 650 1668 717 negaturus
1697 651 1747 702 est.
1793 643 1960 700 'I'remellius
1978 648 2008 698 et

315 815 467 873 Ostorodus
504 817 533 872 in
551 818 615 873 inst.
632 835 660 889 p.
680 823 738 875 391.
756 815 842 873 verba
858 815 978 888 symboli
998 813 1150 887 apostolici,
1174 816 1373 888 Hierosolymis
1392 817 1445 872 crit
1462 817 1621 887 habiturus,
1651 818 1699 874 sed
1726 835 1759 873 ea
1778 818 1862 888 plane
1876 815 2007 888 reproba·

315 904 407 958 Credo
427 904 659 958 resurrectionem
677 902 788 970 consu,
815 903 856 958 sio
880 901 1026 974 depravat:
1057 902 1149 957 &edo
1173 907 1252 958 turus
1270 920 1303 957 ac
1321 919 1386 959 suos
1404 903 1468 958 inde
1488 903 1631 960 ducturus
1671 903 1798 959 Piscator
1819 903 1901 957 usella
1923 903 1955 956 in
1973 919 2007 957 eo

313 990 544 1044 resurrectionem
567 1008 624 1045 uon
647 990 757 1059 cursu,
787 991 840 1043 sed
861 989 957 1054 silius,
989 990 1067 1058 quod
1089 988 1148 1052 fuit
1174 989 1228 1042 erit
1256 988 1399 1058 iniquitas.
1442 988 1581 1044 Lutherus
1606 1003 1634 1044 et
1658 989 1723 1045 tuith
1747 988 1831 1058 uidit
1851 989 1922 1059 mehr
1941 987 2005 1058 ἱνὶα,

314 1093 398 1145 caro,
422 1076 496 1130 sieut
515 1076 666 1147 publicani
683 1084 709 1130 et
726 1076 886 1130 meretrices
916 1075 1049 1129 dicuntur
1062 1090 1148 1143 prue-
1171 1073 1200 1127 in
1224 1075 1348 1146 margine
1376 1074 1467 1144 addit,
1496 1077 1526 1128 iu
1550 1092 1639 1145 repuo
1666 1077 1798 1130 Moesico
1826 1082 1853 1128 et
1878 1075 2005 1145 politico,

316 1178 445 1216 cessurae
464 1162 637 1217 Pharisaeos
655 1163 686 1216 iu
701 1179 789 1231 repro
808 1161 957 1216 coelorum.
993 1160 1092 1216 Matth.
1105 1164 1147 1223 21,
1172 1158 1239 1229 quia
1268 1177 1370 1215 novum
1397 1177 1514 1232 regnum
1539 1160 1735 1231 suspicabitur.
1780 1161 1835 1218 Sed
1860 1160 2006 1231 simplicis-

315 1264 341 1304 v.
360 1251 402 1302 31.
420 1248 472 1302 hoc
489 1255 543 1314 est,
572 1249 622 1317 qui
633 1251 755 1317 fuerunt
769 1247 920 1320 publicari
936 1255 963 1302 et
980 1247 1146 1301 metricas.
1173 1244 1241 1300 sime
1265 1247 1347 1317 juxta
1369 1246 1483 1317 phrasin
1502 1247 1632 1302 usitatam
1648 1247 1795 1318 exponitur
1822 1254 1848 1302 st
1865 1265 1922 1303 aon
1941 1248 2005 1315 erit,

189 1328 254 1372 ΠΗ·
267 1328 300 1370 ⁵³·
315 1333 389 1398 Quid
410 1349 477 1406 ergo
496 1339 639 1405 resurget,
668 1333 736 1404 quid
753 1351 786 1388 ex
805 1351 860 1389 non
878 1333 1026 1389 exsistente
1047 1333 1146 1388 iterum
1173 1331 1202 1384 id
1230 1337 1272 1386 est
1297 1348 1361 1387 vere
1380 1332 1623 1388 eritmortuusac
1641 1335 1771 1388 deterre
1793 1334 1939 1388 viventium
1956 1334 2004 1386 ab·

313 1420 448 1477 exsistet?
480 1418 549 1474 nihil
580 1419 671 1490 plane.
722 1419 831 1476 creatio
858 1419 943 1492 igitur
974 1419 1067 1491 potius
1095 1417 1148 1474 erit
1171 1418 1287 1487 εσίεεαε,
1314 1424 1347 1472 ut
1370 1418 1524 1488 explicatur
1544 1419 1609 1475 Esa.
1639 1424 1684 1483 53,
1713 1438 1738 1474 v.
1764 1425 1788 1475 8.
1829 1425 1852 1474 7.
1877 1418 1951 1483 Quid
1969 1419 2005 1475 de

314 1522 398 1577 quam
414 1506 584 1562 resurrectio.
621 1512 645 1562 1.
663 1505 742 1562 Haec
757 1506 850 1562 omnia
865 1506 1006 1562 evidenter
1018 1505 1146 1577 probant,
1174 1502 1288 1558 interitu
1319 1503 1414 1558 mundi
1443 1503 1602 1559 Photiniani
1636 1511 1776 1574 statuant,
1811 1522 1844 1560 ex
1880 1506 2004 1576 ipsorum

313 1591 428 1662 phrasin
447 1592 524 1647 illam
543 1611 599 1647 nou
618 1609 691 1661 eras,
718 1592 887 1647 demortuis
906 1597 1082 1663 usurpatam,
1101 1608 1145 1646 ac-
1171 1589 1281 1660 scriptis
1297 1589 1395 1660 colligi
1413 1590 1518 1660 nequit,
1536 1607 1572 1644 an
1593 1591 1787 1645 αὶνσταιιόασοι
1805 1591 1948 1661 duntaxat,
1967 1608 2005 1647 an

313 1677 473 1745 cipiendam
492 1694 552 1733 ease
569 1680 680 1733 retium
699 1679 784 1732 totius
802 1677 961 1747 compositi,
981 1677 1056 1749 quod
1074 1676 1143 1732 illud
1171 1692 1235 1731 vero
1253 1676 1486 1729 causacionem
1513 1675 1636 1731 futuram
1661 1677 1784 1732 credaut.
1822 1675 1926 1742 Quodsi
1941 1695 2004 1734 cnm

312 1780 369 1818 non
394 1763 512 1835 amplius
537 1762 586 1829 sit,
617 1763 723 1819 scilicet
748 1763 804 1819 tale
831 1764 1028 1835 compositum,
1061 1763 1144 1835 quale
1170 1760 1310 1832 plerisque
1328 1761 1496 1817 calvinianis
1508 1762 1698 1818 altemtiouem
1711 1768 1819 1817 tanturn
1836 1769 2001 1832 statuerent,

313 1856 394 1906 antea
410 1849 473 1917 fuit,
490 1850 563 1905 sicut
579 1850 608 1904 in
626 1849 740 1922 vulgato
753 1850 888 1906 versiculo
907 1850 1019 1904 dicitur:
1170 1853 1265 1918 posset
1282 1847 1336 1902 illis
1349 1847 1534 1904 validissimae
1548 1849 1696 1903 instantiae
1709 1849 1770 1904 loro
1781 1850 1884 1920 opponi
1896 1850 2001 1905 dictum

1171 1933 1236 1990 lob.
1259 1939 1298 2001 14,
1315 1949 1341 1985 v.
1357 1937 1401 1989 12:
1420 1935 1486 1987 Nou
1502 1942 1635 2002 rssurqet,
1647 1936 1735 1989 donec
1746 1953 1802 1989 uon
1816 1936 1870 1989 erit
1885 1937 2001 1990 eoelum.

1172 2025 1196 2075 8.
1217 2019 1298 2085 Quod
1324 2018 1487 2075 resurrectio
1509 2019 1675 2074 assimiletur
1702 2023 1890 2089 pausationi,
1918 2040 1951 2078 ex
1969 2039 2002 2079 eo

1172 2105 1268 2160 inferri
1286 2104 1396 2176 nequit,
1425 2121 1572 2175 reserpere
1589 2105 1662 2159 nihii
1680 2107 1765 2161 aliud
1790 2124 1850 2161 esse
1868 2125 1952 2178 quum
1969 2126 2004 2163 ec

1171 2210 1227 2246 nou
1246 2191 1393 2245 scrutentur
1407 2192 1510 2245 iterum
1527 2190 1666 2259 esss‘sters,
1680 2192 1746 2264 quia
1765 2194 1928 2249 resurrectio
1947 2212 2004 2251 non

311 2295 486 2350 nequaquam
504 2296 568 2335 vero
586 2279 697 2333 ratione
711 2279 838 2348 partium
855 2279 1142 2333 εεστείοεσοαείάετα·
1171 2283 1286 2333 vocatur
1317 2278 1474 2349 generatio,
1507 2278 1555 2333 sed
1586 2281 1799 2348 παλιγγενεσία,
1826 2281 2004 2349 reponeretis

314 2375 420 2434 tarum,
451 2364 531 2436 quasi
561 2365 606 2420 vel
634 2365 775 2432 alterutra,
799 2365 843 2419 vel
857 2371 975 2433 utraque
999 2381 1093 2421 earum
1116 2363 1144 2418 in
1171 2362 1271 2419 Matth.
1291 2369 1331 2427 19,
1351 2381 1378 2419 v.
1400 2369 1442 2421 28.
1468 2381 1518 2434 per
1537 2381 1622 2435 quam
1640 2365 1806 2435 intelligitur
1824 2383 1878 2420 non
1895 2367 2004 2422 animae

311 2456 399 2506 morte
424 2452 516 2505 statim
541 2450 570 2505 in
594 2451 709 2506 nihilum
735 2450 895 2521 redigatur,
926 2451 993 2520 quia
1012 2465 1084 2505 mors
1103 2457 1146 2504 est
1172 2455 1200 2504 et
1226 2449 1357 2520 'corporis
1383 2465 1416 2504 ex
1441 2448 1527 2504 nihilo
1551 2450 1667 2515 creatio,
1699 2451 1747 2504 scd
1774 2451 1859 2507 totius
1889 2460 2004 2509 naturae

311 2535 374 2590 talis
393 2535 536 2606 ἀνάλυσις,
555 2553 605 2608 per
622 2553 705 2609 quam
725 2541 814 2591 totum
832 2534 943 2608 quidem
957 2536 1141 2607 compositum
1171 2542 1282 2591 nostrae
1309 2536 1485 2605 instauratio,
1514 2554 1564 2608 por
1591 2554 1675 2608 quam
1704 2543 1851 2608 peccatum
1877 2544 1906 2593 et
1931 2557 2004 2596 mors

312 2621 478 2691 dissolvitur,
497 2622 607 2679 interim
624 2629 717 2694 partes
728 2640 785 2679 non
797 2623 962 2694 rediguntur
977 2623 1004 2676 in
1017 2622 1142 2688 nihilum,
1170 2623 1282 2694 penitus
1299 2621 1500 2692 abolebuntur,
1530 2642 1585 2695 quo
1602 2641 1686 2679 sensu
1703 2625 1786 2680 etiam
1804 2625 1904 2683 Petrus
1929 2627 2002 2684 diem

312 2708 361 2763 sed
379 2708 522 2779 quaelibet
537 2708 567 2763 in
584 2727 666 2765 suum
679 2709 752 2764 redit
769 2710 868 2774 locum,
886 2709 978 2780 pulvis
989 2709 1018 2764 iu
1030 2716 1139 2773 terram,
1171 2708 1378 2766 resurrectionis
1398 2714 1480 2764 vocat
1513 2710 1586 2765 diem
1612 2708 1862 2773 ἀποκαταστάσεως
1889 2712 2002 2769 πάντων

312 2793 425 2867 spiritus
452 2796 488 2850 ad
510 2795 608 2851 Deum.
656 2795 702 2853 Sic
728 2795 879 2852 destructio
904 2795 1001 2852 domus
1029 2813 1084 2851 non
1103 2802 1144 2853 est
1171 2796 1264 2851 Actor.
1285 2801 1309 2862 3,
1328 2815 1354 2851 v.
1374 2803 1415 2854 2¹.
1454 2797 1500 2853 Sic
1517 2798 1589 2853 enim
1607 2815 1671 2854 caro
1684 2804 1779 2856 nosue
1794 2802 2001 2871 regenerabitur

312 2881 470 2937 omnimoda
487 2881 612 2953 ejusdem
631 2881 802 2951 annihilatio,
819 2898 882 2937 cum
893 2888 986 2953 partes
1005 2884 1142 2953 quaedam
1171 2900 1221 2955 per
1237 2883 1477 2954 incorruptionem,
1497 2884 1729 2955 quemadmodum
1745 2891 1788 2941 cst
1800 2887 1892 2941 anima
1908 2890 2001 2943 norm

311 2974 376 3040 post
387 2968 602 3024 destructionem
615 2985 726 3024 manere
737 2968 844 3038 possint
861 2968 1030 3039 superstites.
1059 2975 1144 3025 Recte
1170 2977 1333 3041 regenerata
1360 2987 1411 3041 per
1440 2969 1532 3025 fidem.
1581 2970 1624 3024 Ex
1641 2972 1735 3027 Actor.
1763 2977 1807 3040 13,
1837 2990 1863 3026 v.
1879 2978 1918 3028 33
1944 2985 2000 3025 non

310 3054 464 3126 Dionysius
491 3054 527 3110 de
554 3053 621 3109 eccl.
641 3053 777 3111 hierarch.
806 3070 829 3110 c.
850 3059 896 3109 11:
929 3053 1005 3109 Mors
1029 3071 1085 3109 non
1102 3062 1146 3111 est
1170 3063 1263 3128 potest
1290 3056 1418 3127 probari,
1445 3057 1673 3112 resurrectionem
1700 3075 1759 3112 esse
1788 3053 1999 3130 generationem,

312 3138 470 3210 ἁνυπαρξία
498 3141 545 3209 τῆς
570 3138 682 3204 οὐσίας,
713 3140 762 3195 sed
790 3140 883 3211 potius
909 3144 965 3194 τῶν
994 3139 1144 3212 ἧνωμένων
1172 3143 1238 3215 quia
1255 3141 1370 3197 verbum
1395 3140 1552 3210 ἀναστήσας
1578 3143 1687 3199 nonde
1706 3143 1809 3199 Christi
1833 3159 1864 3199 ex
1883 3142 1998 3197 nonnis

312 3226 448 3302 διάκρισις
478 3229 518 3287 εἰς
543 3223 574 3281 τὸ
599 3225 667 3301 ἡμῖν
685 3226 793 3298 ἀφανὲς
812 3224 930 3297 ἄγουσα.
969 3226 1094 3283 Hilarius
1115 3229 1144 3283 in
1170 3228 1395 3296 resuscitatione,
1417 3229 1465 3283 sed
1483 3230 1519 3284 de
1538 3230 1663 3300 ejusdem
1688 3230 1816 3287 missione
1833 3243 1866 3281 ac
1884 3227 1997 3285 suscita·
2011 3241 2044 3285 xl

312 3314 415 3370 Psalm.
444 3318 489 3369 63:
522 3313 577 3377 Qui
601 3313 780 3384 praedicabit
806 3313 919 3367 animoa
945 3330 1008 3367 eum
1026 3330 1144 3384 corpora
1171 3317 1245 3372 tione
1262 3322 1425 3387 usurpatur,
1450 3321 1483 3370 ut
1502 3333 1536 3372 ex
1554 3335 1639 3389 scopo
1658 3312 1795 3374 concionis
1821 3315 1997 3385 apostolicae,

314 3418 457 3468 oceasum,
484 3400 593 3469 audiet,
620 3400 746 3453 animm
764 3416 820 3453 uon
838 3415 895 3453 esse
913 3406 1067 3468 uernum,
1094 3403 1146 3455 ssd
1172 3420 1205 3458 ex
1236 3408 1327 3458 textus
1356 3408 1487 3473 συνεπείᾳ
1514 3419 1541 3460 v.
1570 3409 1611 3460 23.
1639 3411 1668 3460 et
1692 3401 1734 3452 ³3·
1764 3415 1797 3452 0¹
1825 3399 1997 3458 adversativa

314 3504 348 3542 ee
366 3488 474 3557 efflatu
492 3487 552 3541 Dei
569 3495 662 3542 ortum
680 3487 823 3543 elementis
837 3487 967 3556 eorporis
985 3487 1144 3555 admirari,
1171 3488 1308 3560 particula
1323 3490 1358 3544 δέ
1372 3507 1397 3543 v.
1418 3495 1459 3547 34.
1477 3506 1511 3546 ex
1527 3490 1673 3547 conatione
1702 3483 1818 3537 aliorum
1836 3484 1995 3557 Scripturas

314 3582 430 3629 mortem
462 3581 555 3628 urcem
577 3593 634 3630 τεοα
658 3574 890 3638 intercessisses,
921 3575 973 3626 aed
995 3574 1145 3628 ἀίσσεεεταα
1170 3579 1299 3644 locorum,
1317 3577 1411 3631 Actor.
1429 3582 1453 3644 3,
1472 3594 1496 3630 v.
1514 3582 1555 3632 22.
1573 3584 1600 3632 et
1617 3576 1658 3627 26.
1676 3586 1700 3624 c.
1719 3576 1744 3634 7,
1761 3587 1785 3623 v.
1806 3576 1845 3624 31.
1858 3573 1938 3628 Rom.
1957 3581 1997 3645 15,

313 3662 375 3731 σοέισ
392 3676 568 3731 excerpere.
614 3659 692 3715 idem
723 3649 751 3714 il
770 3659 872 3716 Psalm.
904 3664 961 3715 140.
983 3657 1059 3714 circa
1083 3657 1144 3713 fin:
1172 3683 1196 3718 v.
1220 3668 1259 3718 12.
1280 3668 1309 3718 et
1325 3679 1358 3721 ex
1376 3661 1460 3734 hujus
1480 3663 1564 3734 ipsius
1581 3673 1642 3729 cap.
1660 3674 1687 3715 v.
1706 3663 1748 3713 22.
1767 3657 1795 3711 in
1811 3659 1996 3726 praelectioni-

315 3747 430 3803 Ailutio
455 3747 567 3802 animae
592 3764 648 3801 uon
667 3747 785 3801 abolitio
810 3747 872 3816 ejece
889 3754 937 3804 eat.
986 3751 1010 3799 5.
1028 3745 1070 3802 Ne
1089 3745 1146 3801 ulla
1172 3749 1224 3804 bus
1255 3750 1290 3805 de
1319 3748 1380 3805 Deo
1411 3744 1666 3805 demonstravimus.
1714 3744 1751 3797 Et
1786 3759 1842 3814 qua
1872 3748 1997 3805 veritatis

314 3838 400 3889 restet
427 3831 579 3899 dubitatio,
609 3832 774 3888 adducimus
802 3832 894 3889 locum
909 3830 979 3888 Gen.
998 3838 1032 3900 5,
1058 3835 1144 3887 nes.
1172 3836 1265 3906 specie
1293 3838 1329 3891 de
1358 3835 1462 3891 Christi
1490 3832 1697 3887 resuscitatione
1728 3848 1762 3886 ex
1798 3834 1907 3888 mortuis
1941 3836 1995 3892 dici

316 3921 365 3976 nbi
385 3921 420 3974 de
438 3916 598 3990 patriarcha
619 3918 732 3974 Enocho
760 3918 873 3975 dicitur:
907 3918 1067 3973 Amhutccit
1084 3935 1146 3971 cum
1173 3928 1278 3994 potest,
1309 3922 1384 3993 quod
1407 3938 1458 3992 per
1480 3935 1541 3974 eam
1565 3917 1691 3974 Christus
1715 3934 1749 3972 ex
1776 3934 1832 3971 non
1852 3921 1997 3979 exsistente

314 4008 386 4071 Deo,
412 4008 523 4082 ttylttp
547 4012 574 4059 st
598 4023 656 4059 sors
683 4006 756 4078 ipse,
786 4006 854 4074 quio
879 4005 944 4059 tulit
970 4021 1032 4058 sum
1059 4005 1145 4059 Deus.
1173 4009 1271 4064 iterum
1294 4009 1423 4063 exsistere
1448 4003 1590 4076 coeperit?
1634 4003 1715 4069 Quod
1732 4002 1826 4058 Lucae
1843 4009 1886 4069 20,
1909 4024 1935 4061 v.
1955 4014 1996 4065 36.

315 4091 421 4165 Ecquis
445 4108 511 4148 vero
534 4091 645 4156 dixerit,
664 4089 809 4146 Enochum
827 4090 857 4146 iu
875 4091 992 4147 nihilum
1009 4106 1069 4146 esse
1085 4090 1145 4145 red·
1178 4094 1226 4160 illi,
1242 4095 1290 4165 qui
1307 4110 1341 4148 cx
1361 4091 1476 4149 mortuis
1493 4091 1670 4159 suscitantur,
1687 4089 1815 4144 dicuntur
1836 4089 1889 4146 tiis·
1904 4110 1996 4147 resur·

315 4184 421 4249 actum,
462 4195 525 4234 cum
559 4178 594 4233 de
620 4194 653 4233 eo
684 4177 809 4243 dicatur,
839 4177 915 4249 quod
942 4180 1024 4232 Deus
1054 4177 1145 4250 ipsum
1175 4181 1320 4249 rectioris,
1351 4195 1527 4250 nequaquam
1546 4176 1660 4248 probat
1687 4173 1918 4231 resuscitationem
1936 4196 1996 4237 esse

316 4266 411 4321 tulerit
439 4264 497 4321 eive
522 4264 696 4333 assumserit,
724 4264 852 4319 videlicet
877 4264 914 4319 ad
940 4280 970 4319 se
983 4263 1013 4319 in
1031 4264 1147 4335 gloriam
1175 4267 1314 4340 quandam
1333 4264 1546 4339 generationem,
1565 4263 1610 4308 Ἀ
1626 4254 1669 4304 811
1687 4253 1794 4324 phrasis
1811 4258 1949 4319 Hebraica
1966 4267 1996 4323 in

316 4351 472 4421 coelestem,
490 4352 563 4424 quod
579 4351 737 4406 translatus
750 4352 845 4416 timrit,
860 4366 896 4405 ne
907 4351 1015 4404 uideret
1024 4358 1148 4419 mortem,
1175 4354 1324 4426 scripturis
1342 4353 1454 4425 ,appius
1471 4336 1589 4432 setim-⁹
1612 4337 1687 4394 Filii
1709 4347 1934 4421 resurrectionis,
1964 4354 1994 4408 id

317 4437 404 4495 Hebr.
424 4444 464 4504 11,
483 4456 507 4493 v.
527 4446 551 4496 5.
573 4437 658 4494 Sirac.
679 4445 719 4502 11,
738 4456 764 4495 v.
785 4438 837 4493 lt?
863 4436 1046 4509 Nequaquam
1062 4437 1149 4508 igitur
1177 4446 1219 4497 est
1235 4440 1387 4512 participes
1404 4421 1619 4509 '5⁴⁸³aeme
1649 4425 1804 4485 81011ῖὶ1)ῑά
1833 4448 1858 4484 V·
1879 4441 1919 4492 34·
1939 4440 1995 4503 filii

316 4525 442 4580 absolute
460 4533 486 4579 et
503 4527 669 4595 simpliciter
689 4523 913 4597 intelligendum,
939 4524 1014 4596 quod
1034 4522 1148 4579 Henoch
1175 4528 1258 4598 hssjm
1286 4511 1367 4580 μ’*
1393 4496 1537 4596 ‘dmum‘
1566 4507 1613 4577 (11ιί
1639 4509 1669 4565 111
1688 4513 1741 4570 ¹100
1764 4516 1859 4571 seculo
1875 4530 1992 4580 aetatem

317 4616 380 4680 post
411 4627 489 4666 suam
515 4611 667 4683 μετάθεσιν
693 4628 748 4665 non
774 4610 872 4679 fuerit,
905 4618 934 4667 et
957 4611 1031 4681 quod
1049 4609 1149 4666 mortni
1193 4633 1212 4653 ν
1226 4608 1262 4633 *“
1299 4584 1323 4678 9,·
1340 4580 1469 4683 D0¹¹¹i¹¹⁰
1488 4592 1562 4689 (1¹¹⁰,d
1586 4595 1694 4665 21118111
1719 4601 1878 4673 Scriptum
1896 4624 1992 4669 sacrae

317 4712 373 4751 non
400 4697 468 4765 sin„
499 4697 571 4753 sicu,
598 4698 667 4754 hm
691 4697 800 4769 phrasi,
833 4702 983 4768 mmm
1016 4696 1139 4794 RQ&
1165 4675 1201 4802 si:
1220 4668 1335 4806 11111ζὲ1111
1352 4676 1455 4726 sanetis
1470 4680 1635 4744 patriarchis
1650 4693 1791 4757 usurpata,
1810 4692 1902 4748 uiuere
1920 4699 1993 4769 Deo,

317 4800 343 4839 v.
365 4787 411 4837 ll:
425 4783 600 4837 Deusooeot
618 4800 652 4838 eu
739 4800 821 4838 euos
837 4792 910 4837 erest
929 4799 959 4837 se
999 4802 1009 4815 ‘
1304 4755 1436 4814 enimse
1454 4763 1733 4845 ⁰t⁰13m¹⁰⁸u¹g⁰¹⁰r
1765 4775 1795 4830 id
1823 4781 1991 4842 θ(1111111111)

362 4869 369 4882 ·
654 4802 736 4853 'qm
902 4823 910 4853 ’
937 4782 1033 4890 '3³⁰'
1064 4828 1138 4898 ΨΜ
1165 4836 1252 4891 timi
1276 4838 1452 4914 *diffinis
1481 4846 1521 4904 ⁸i⁰
1546 4854 1617 4909 enim
1632 4858 1915 4923 consessurus
1934 4889 1991 4928 οοα

346 1971 415 2024 Post
441 1970 577 2024 homiaem
606 1970 721 2037 usmis,
748 1978 817 2040 post
845 1986 963 2024 vermem
994 1971 1088 2035 foetor
1118 1977 1144 2024 et

521 2056 642 2124 horson

382 2141 431 2197 Sic
445 2143 476 2195 ia
493 2159 550 2196 nors
564 2142 699 2198 hominem
717 2143 835 2197 uertitur
853 2142 943 2196 omnis
960 2141 1057 2212 homo,·

318 4956 348 5010 in
364 4955 445 5010 tamis
462 4972 518 5010 non
536 4955 655 5026 amplius
671 4956 811 5063 &5¹53AE
830 4875 922 4978 iffi,
934 4909 1018 5014 fade,
1031 4912 1139 4982 th'i‘
1164 4920 1295 5018 ,miffmms
1312 4928 1368 5024 M·
1382 4939 1472 4985 mortu

319 5040 369 5096 illa
392 5040 477 5096 Hebr.
506 5047 553 5112 tl,
584 5059 608 5095 v.
638 5049 662 5098 5.
683 5060 707 5105 r·

642 5076 784 5135 ,ueniere
802 5079 886 5135 etiam
905 5079 996 5138 locum
1018 5087 1139 5158 prophe·
1165 5096 1277 5162 nurui,

320 5144 377 5181 ,m
396 5126 540 5181 mmm,
1304 5099 1370 5169 (luia
1399 5101 1489 5174 il>⁸um
1514 5124 1532 5164 a
1556 5109 1692 5170 iacie'ad
1715 5117 1814 5178 facicm
1837 5125 1989 5201 intuentur,

311 5350 581 5494 maffd’pmpm
605 5377 695 5480 aliiena
717 5357 851 5495 petscantid1
867 5358 1011 5487 ¹dll‘istablus
1023 5352 1137 5489 12⁰2:
1473 5390 1677 5406 ----—

19 5328 254 5359 d.
