<?xml version="1.0" encoding="UTF-8"?>
<!DOCTYPE html PUBLIC "-//W3C//DTD XHTML 1.0 Transitional//EN"
    "http://www.w3.org/TR/xhtml1/DTD/xhtml1-transitional.dtd">
<html xmlns="http://www.w3.org/1999/xhtml" xml:lang="en" lang="en">
 <head>
  <title>
</title>
<meta http-equiv="Content-Type" content="text/html;charset=utf-8" />
  <meta name='ocr-system' content='tesseract 3.04.00' />
  <meta name='ocr-capabilities' content='ocr_page ocr_carea ocr_par ocr_line ocrx_word'/>
</head>
<body>
  <div class='ocr_page' id='page_1' title='image "./locitheologicit00gerhgoog/locitheologicit00gerhgoog_0182.png"; bbox 0 0 4104 6014; ppageno 0'>
   <div class='ocr_carea' id='block_1_1' title="bbox 883 280 1841 341">
    <p class='ocr_par' dir='ltr' id='par_1_1' title="bbox 883 280 1841 341">
     <span class='ocr_line' id='line_1_1' title="bbox 883 280 1841 341; baseline 0.003 -3"><span class='ocrx_word' id='word_1_1' title='bbox 883 282 936 338; x_wconf 86' lang='lat' dir='ltr'><strong>DE</strong></span> <span class='ocrx_word' id='word_1_2' title='bbox 955 280 1098 339; x_wconf 72' lang='lat' dir='ltr'><strong>notua.</strong></span> <span class='ocrx_word' id='word_1_3' title='bbox 1435 327 1438 334; x_wconf 91' lang='lat'><strong>.</strong></span> <span class='ocrx_word' id='word_1_4' title='bbox 1784 285 1841 341; x_wconf 82' lang='grc'><strong>171</strong></span> 
     </span>
    </p>
   </div>
   <div class='ocr_carea' id='block_1_2' title="bbox 14 431 1982 5570">
    <p class='ocr_par' dir='ltr' id='par_1_2' title="bbox 14 431 1982 5570">
     <span class='ocr_line' id='line_1_2' title="bbox 149 431 1844 516; baseline -0.004 -24"><span class='ocrx_word' id='word_1_5' title='bbox 149 433 240 492; x_wconf 78' lang='lat' dir='ltr'><strong>Joma</strong></span> <span class='ocrx_word' id='word_1_6' title='bbox 287 443 312 492; x_wconf 82' lang='lat'><strong>5.</strong></span> <span class='ocrx_word' id='word_1_7' title='bbox 342 436 489 508; x_wconf 84' lang='lat' dir='ltr'><strong>Approbat</strong></span> <span class='ocrx_word' id='word_1_8' title='bbox 521 437 659 508; x_wconf 89' lang='lat' dir='ltr'><strong>quaedam</strong></span> <span class='ocrx_word' id='word_1_9' title='bbox 679 454 742 492; x_wconf 90' lang='lat' dir='ltr'><strong>eum</strong></span> <span class='ocrx_word' id='word_1_10' title='bbox 771 436 837 492; x_wconf 90' lang='lat' dir='ltr'><strong>fidei</strong></span> <span class='ocrx_word' id='word_1_11' title='bbox 855 431 997 516; x_wconf 70' lang='lat' dir='ltr'><strong>undogial</strong></span> <span class='ocrx_word' id='word_1_12' title='bbox 1010 437 1168 502; x_wconf 77' lang='grc'><strong>4444441414,</strong></span> <span class='ocrx_word' id='word_1_13' title='bbox 1202 437 1254 489; x_wconf 86' lang='grc'><strong>444</strong></span> <span class='ocrx_word' id='word_1_14' title='bbox 1281 443 1376 489; x_wconf 85' lang='lat' dir='ltr'><strong>tumea</strong></span> <span class='ocrx_word' id='word_1_15' title='bbox 1400 436 1442 488; x_wconf 85' lang='lat' dir='ltr'><strong>ud</strong></span> <span class='ocrx_word' id='word_1_16' title='bbox 1464 434 1688 502; x_wconf 75' lang='lat' dir='ltr'><strong>aedificationem</strong></span> <span class='ocrx_word' id='word_1_17' title='bbox 1711 431 1844 486; x_wconf 79' lang='grc'><strong>4441441444</strong></span> 
     </span>
     <span class='ocr_line' id='line_1_3' title="bbox 146 519 1844 593; baseline 0 -19"><span class='ocrx_word' id='word_1_18' title='bbox 146 520 314 591; x_wconf 73' lang='lat' dir='ltr'><strong>pugnantia,</strong></span> <span class='ocrx_word' id='word_1_19' title='bbox 332 538 355 576; x_wconf 91' lang='lat' dir='ltr'><strong>c.</strong></span> <span class='ocrx_word' id='word_1_20' title='bbox 372 523 411 586; x_wconf 93' lang='grc'><strong>14,</strong></span> <span class='ocrx_word' id='word_1_21' title='bbox 431 540 457 577; x_wconf 87' lang='grc'><strong>4.</strong></span> <span class='ocrx_word' id='word_1_22' title='bbox 469 526 512 578; x_wconf 88' lang='grc'><strong>41.</strong></span> <span class='ocrx_word' id='word_1_23' title='bbox 526 528 567 578; x_wconf 97' lang='grc'><strong>43.</strong></span> <span class='ocrx_word' id='word_1_24' title='bbox 587 530 615 577; x_wconf 87' lang='lat' dir='ltr'><strong>et</strong></span> <span class='ocrx_word' id='word_1_25' title='bbox 633 528 674 579; x_wconf 91' lang='grc'><strong>46.</strong></span> <span class='ocrx_word' id='word_1_26' title='bbox 692 523 868 593; x_wconf 85' lang='lat' dir='ltr'><strong>praedicatur</strong></span> <span class='ocrx_word' id='word_1_27' title='bbox 879 522 983 577; x_wconf 79' lang='grc'><strong>1444144</strong></span> <span class='ocrx_word' id='word_1_28' title='bbox 1009 523 1094 576; x_wconf 82' lang='lat' dir='ltr'><strong>editis</strong></span> <span class='ocrx_word' id='word_1_29' title='bbox 1111 521 1301 576; x_wconf 69' lang='lat' dir='ltr'><strong>tetamentum</strong></span> <span class='ocrx_word' id='word_1_30' title='bbox 1318 523 1518 591; x_wconf 78' lang='lat' dir='ltr'><strong>proferamus,</strong></span> <span class='ocrx_word' id='word_1_31' title='bbox 1543 521 1624 591; x_wconf 84' lang='lat' dir='ltr'><strong>cnjus</strong></span> <span class='ocrx_word' id='word_1_32' title='bbox 1649 520 1718 576; x_wconf 92' lang='grc'><strong>41441</strong></span> <span class='ocrx_word' id='word_1_33' title='bbox 1739 519 1844 590; x_wconf 87' lang='lat' dir='ltr'><strong>perspi·</strong></span> 
     </span>
     <span class='ocr_line' id='line_1_4' title="bbox 145 605 1843 678; baseline 0 -19"><span class='ocrx_word' id='word_1_34' title='bbox 145 605 296 675; x_wconf 79' lang='lat' dir='ltr'><strong>tortitudo,</strong></span> <span class='ocrx_word' id='word_1_35' title='bbox 322 606 399 678; x_wconf 88' lang='lat' dir='ltr'><strong>quod</strong></span> <span class='ocrx_word' id='word_1_36' title='bbox 423 606 476 663; x_wconf 92' lang='lat' dir='ltr'><strong>sibi</strong></span> <span class='ocrx_word' id='word_1_37' title='bbox 503 607 556 678; x_wconf 92' lang='lat' dir='ltr'><strong>ipsi</strong></span> <span class='ocrx_word' id='word_1_38' title='bbox 583 608 719 662; x_wconf 86' lang='lat' dir='ltr'><strong>violentae</strong></span> <span class='ocrx_word' id='word_1_39' title='bbox 738 624 836 662; x_wconf 89' lang='lat' dir='ltr'><strong>manus</strong></span> <span class='ocrx_word' id='word_1_40' title='bbox 853 607 983 675; x_wconf 85' lang='lat' dir='ltr'><strong>intulerit,</strong></span> <span class='ocrx_word' id='word_1_41' title='bbox 1008 607 1111 663; x_wconf 84' lang='lat' dir='ltr'><strong>coitate</strong></span> <span class='ocrx_word' id='word_1_42' title='bbox 1128 615 1218 663; x_wconf 89' lang='lat' dir='ltr'><strong>motus</strong></span> <span class='ocrx_word' id='word_1_43' title='bbox 1237 607 1372 662; x_wconf 86' lang='lat' dir='ltr'><strong>Melchior</strong></span> <span class='ocrx_word' id='word_1_44' title='bbox 1391 606 1485 662; x_wconf 85' lang='lat' dir='ltr'><strong>Canus</strong></span> <span class='ocrx_word' id='word_1_45' title='bbox 1512 606 1600 664; x_wconf 92' lang='grc'><strong>111.1.</strong></span> <span class='ocrx_word' id='word_1_46' title='bbox 1619 607 1702 662; x_wconf 90' lang='lat' dir='ltr'><strong>locor.</strong></span> <span class='ocrx_word' id='word_1_47' title='bbox 1720 622 1780 676; x_wconf 90' lang='lat' dir='ltr'><strong>cap.</strong></span> <span class='ocrx_word' id='word_1_48' title='bbox 1803 611 1843 662; x_wconf 86' lang='lat' dir='ltr'><strong>to.</strong></span> 
     </span>
     <span class='ocr_line' id='line_1_5' title="bbox 147 691 1843 766; baseline 0.001 -21"><span class='ocrx_word' id='word_1_49' title='bbox 147 697 317 747; x_wconf 90' lang='lat' dir='ltr'><strong>cnmtamen</strong></span> <span class='ocrx_word' id='word_1_50' title='bbox 334 691 492 766; x_wconf 71' lang='grc' dir='ltr'><strong><em>αὐτοχειρία</em></strong></span> <span class='ocrx_word' id='word_1_51' title='bbox 510 701 618 765; x_wconf 81' lang='lat' dir='ltr'><strong>pugnet</strong></span> <span class='ocrx_word' id='word_1_52' title='bbox 635 710 698 748; x_wconf 91' lang='lat' dir='ltr'><strong>cum</strong></span> <span class='ocrx_word' id='word_1_53' title='bbox 717 700 866 764; x_wconf 88' lang='lat' dir='ltr'><strong>praecepto</strong></span> <span class='ocrx_word' id='word_1_54' title='bbox 881 692 983 756; x_wconf 83' lang='lat' dir='ltr'><strong>divino,</strong></span> <span class='ocrx_word' id='word_1_55' title='bbox 1009 694 1127 763; x_wconf 83' lang='lat' dir='ltr'><strong>latetur,</strong></span> <span class='ocrx_word' id='word_1_56' title='bbox 1156 693 1324 762; x_wconf 74' lang='grc'><strong>(1444441444</strong></span> <span class='ocrx_word' id='word_1_57' title='bbox 1343 695 1394 747; x_wconf 83' lang='grc'><strong>444</strong></span> <span class='ocrx_word' id='word_1_58' title='bbox 1416 694 1504 747; x_wconf 85' lang='lat' dir='ltr'><strong>libros</strong></span> <span class='ocrx_word' id='word_1_59' title='bbox 1524 711 1543 746; x_wconf 91' lang='grc'><strong>4</strong></span> <span class='ocrx_word' id='word_1_60' title='bbox 1561 708 1669 747; x_wconf 83' lang='lat' dir='ltr'><strong>canoas</strong></span> <span class='ocrx_word' id='word_1_61' title='bbox 1685 693 1843 746; x_wconf 77' lang='grc'><strong>4444441444.</strong></span> 
     </span>
     <span class='ocr_line' id='line_1_6' title="bbox 146 776 1845 850; baseline 0.001 -20"><span class='ocrx_word' id='word_1_62' title='bbox 146 794 204 831; x_wconf 83' lang='grc'><strong>444</strong></span> <span class='ocrx_word' id='word_1_63' title='bbox 223 779 342 832; x_wconf 82' lang='grc'><strong>4441444.</strong></span> <span class='ocrx_word' id='word_1_64' title='bbox 387 779 448 834; x_wconf 88' lang='lat' dir='ltr'><strong>Hoc</strong></span> <span class='ocrx_word' id='word_1_65' title='bbox 472 779 578 849; x_wconf 90' lang='lat' dir='ltr'><strong>ipsum,</strong></span> <span class='ocrx_word' id='word_1_66' title='bbox 607 779 682 850; x_wconf 88' lang='lat' dir='ltr'><strong>quod</strong></span> <span class='ocrx_word' id='word_1_67' title='bbox 711 780 747 834; x_wconf 92' lang='lat' dir='ltr'><strong>de</strong></span> <span class='ocrx_word' id='word_1_68' title='bbox 770 778 906 834; x_wconf 90' lang='lat' dir='ltr'><strong>sacrificio</strong></span> <span class='ocrx_word' id='word_1_69' title='bbox 932 793 983 849; x_wconf 92' lang='lat' dir='ltr'><strong>pro</strong></span> <span class='ocrx_word' id='word_1_70' title='bbox 1009 779 1138 834; x_wconf 80' lang='lat' dir='ltr'><strong>Gelasiua</strong></span> <span class='ocrx_word' id='word_1_71' title='bbox 1159 797 1222 834; x_wconf 91' lang='lat' dir='ltr'><strong>cum</strong></span> <span class='ocrx_word' id='word_1_72' title='bbox 1236 786 1278 835; x_wconf 78' lang='lat'><strong>70.</strong></span> <span class='ocrx_word' id='word_1_73' title='bbox 1292 779 1429 849; x_wconf 90' lang='lat' dir='ltr'><strong>episcopis</strong></span> <span class='ocrx_word' id='word_1_74' title='bbox 1442 795 1528 833; x_wconf 89' lang='lat' dir='ltr'><strong>unum</strong></span> <span class='ocrx_word' id='word_1_75' title='bbox 1545 785 1653 833; x_wconf 87' lang='lat' dir='ltr'><strong>tautum</strong></span> <span class='ocrx_word' id='word_1_76' title='bbox 1666 776 1845 832; x_wconf 83' lang='grc'><strong>1144441444·</strong></span> 
     </span>
     <span class='ocr_line' id='line_1_7' title="bbox 150 862 1845 936; baseline 0.001 -19"><span class='ocrx_word' id='word_1_77' title='bbox 150 863 267 918; x_wconf 90' lang='lat' dir='ltr'><strong>mortuis</strong></span> <span class='ocrx_word' id='word_1_78' title='bbox 290 863 384 919; x_wconf 88' lang='lat' dir='ltr'><strong>oblato</strong></span> <span class='ocrx_word' id='word_1_79' title='bbox 410 879 445 918; x_wconf 90' lang='lat' dir='ltr'><strong>ex</strong></span> <span class='ocrx_word' id='word_1_80' title='bbox 468 864 521 919; x_wconf 90' lang='lat' dir='ltr'><strong>hoc</strong></span> <span class='ocrx_word' id='word_1_81' title='bbox 545 864 616 922; x_wconf 89' lang='lat' dir='ltr'><strong>libro</strong></span> <span class='ocrx_word' id='word_1_82' title='bbox 639 864 766 929; x_wconf 88' lang='lat' dir='ltr'><strong>aficrtur,</strong></span> <span class='ocrx_word' id='word_1_83' title='bbox 793 871 903 936; x_wconf 86' lang='lat' dir='ltr'><strong>pugnat</strong></span> <span class='ocrx_word' id='word_1_84' title='bbox 921 881 984 918; x_wconf 91' lang='lat' dir='ltr'><strong>cnm</strong></span> <span class='ocrx_word' id='word_1_85' title='bbox 1009 882 1071 919; x_wconf 89' lang='lat' dir='ltr'><strong>rum</strong></span> <span class='ocrx_word' id='word_1_86' title='bbox 1104 864 1207 921; x_wconf 89' lang='lat' dir='ltr'><strong>librum</strong></span> <span class='ocrx_word' id='word_1_87' title='bbox 1235 865 1265 918; x_wconf 90' lang='grc'><strong>14</strong></span> <span class='ocrx_word' id='word_1_88' title='bbox 1297 881 1432 920; x_wconf 90' lang='lat' dir='ltr'><strong>canonem</strong></span> <span class='ocrx_word' id='word_1_89' title='bbox 1460 864 1568 936; x_wconf 84' lang='lat' dir='ltr'><strong>recipit</strong></span> <span class='ocrx_word' id='word_1_90' title='bbox 1612 870 1651 921; x_wconf 95' lang='grc'><strong>11.</strong></span> <span class='ocrx_word' id='word_1_91' title='bbox 1671 862 1791 928; x_wconf 82' lang='lat' dir='ltr'><strong>Quidam</strong></span> <span class='ocrx_word' id='word_1_92' title='bbox 1812 879 1845 919; x_wconf 86' lang='lat' dir='ltr'><strong>ex</strong></span> 
     </span>
     <span class='ocr_line' id='line_1_8' title="bbox 152 947 1844 1022; baseline 0.001 -21"><span class='ocrx_word' id='word_1_93' title='bbox 152 947 217 1002; x_wconf 87' lang='lat' dir='ltr'><strong>fidei</strong></span> <span class='ocrx_word' id='word_1_94' title='bbox 249 949 391 1020; x_wconf 87' lang='lat' dir='ltr'><strong>analogia,</strong></span> <span class='ocrx_word' id='word_1_95' title='bbox 422 949 490 1019; x_wconf 89' lang='lat' dir='ltr'><strong>quia</strong></span> <span class='ocrx_word' id='word_1_96' title='bbox 513 950 591 1006; x_wconf 89' lang='lat' dir='ltr'><strong>Deus</strong></span> <span class='ocrx_word' id='word_1_97' title='bbox 620 951 748 1022; x_wconf 90' lang='lat' dir='ltr'><strong>nuspiam</strong></span> <span class='ocrx_word' id='word_1_98' title='bbox 778 950 808 1004; x_wconf 91' lang='lat' dir='ltr'><strong>in</strong></span> <span class='ocrx_word' id='word_1_99' title='bbox 838 957 897 1005; x_wconf 91' lang='grc'><strong>4444</strong></span> <span class='ocrx_word' id='word_1_100' title='bbox 921 950 984 1021; x_wconf 89' lang='lat' dir='ltr'><strong>lage</strong></span> <span class='ocrx_word' id='word_1_101' title='bbox 1010 950 1164 1006; x_wconf 89' lang='lat' dir='ltr'><strong>Pontificiis</strong></span> <span class='ocrx_word' id='word_1_102' title='bbox 1193 950 1356 1005; x_wconf 89' lang='lat' dir='ltr'><strong>canonicam</strong></span> <span class='ocrx_word' id='word_1_103' title='bbox 1392 952 1452 1021; x_wconf 76' lang='lat' dir='ltr'><strong>eJus</strong></span> <span class='ocrx_word' id='word_1_104' title='bbox 1484 951 1675 1005; x_wconf 85' lang='lat' dir='ltr'><strong>auctoritatem</strong></span> <span class='ocrx_word' id='word_1_105' title='bbox 1705 954 1844 1005; x_wconf 85' lang='lat' dir='ltr'><strong>enervant</strong></span> 
     </span>
     <span class='ocr_line' id='line_1_9' title="bbox 149 1034 1844 1108; baseline -0.001 -18"><span class='ocrx_word' id='word_1_106' title='bbox 149 1034 287 1090; x_wconf 85' lang='lat' dir='ltr'><strong>sacrificia</strong></span> <span class='ocrx_word' id='word_1_107' title='bbox 303 1052 355 1106; x_wconf 90' lang='lat' dir='ltr'><strong>pro</strong></span> <span class='ocrx_word' id='word_1_108' title='bbox 372 1035 488 1090; x_wconf 75' lang='lat' dir='ltr'>mortuis</span> <span class='ocrx_word' id='word_1_109' title='bbox 506 1036 600 1091; x_wconf 85' lang='lat' dir='ltr'><strong>offerri</strong></span> <span class='ocrx_word' id='word_1_110' title='bbox 619 1036 806 1108; x_wconf 69' lang='lat' dir='ltr'><strong>praescripsit.</strong></span> <span class='ocrx_word' id='word_1_111' title='bbox 846 1034 983 1092; x_wconf 79' lang='grc'><strong>6.(14441-</strong></span> <span class='ocrx_word' id='word_1_112' title='bbox 1010 1035 1123 1092; x_wconf 89' lang='lat' dir='ltr'><strong>Occam.</strong></span> <span class='ocrx_word' id='word_1_113' title='bbox 1139 1041 1211 1107; x_wconf 86' lang='lat' dir='ltr'><strong>part</strong></span> <span class='ocrx_word' id='word_1_114' title='bbox 1231 1042 1254 1093; x_wconf 83' lang='lat'><strong>³.</strong></span> <span class='ocrx_word' id='word_1_115' title='bbox 1275 1036 1437 1094; x_wconf 79' lang='grc'><strong>4114144444.</strong></span> <span class='ocrx_word' id='word_1_116' title='bbox 1457 1042 1478 1092; x_wconf 92' lang='grc'><strong>1.</strong></span> <span class='ocrx_word' id='word_1_117' title='bbox 1498 1036 1588 1092; x_wconf 82' lang='grc'><strong>1113.</strong></span> <span class='ocrx_word' id='word_1_118' title='bbox 1609 1051 1671 1106; x_wconf 89' lang='lat' dir='ltr'><strong>cap.</strong></span> <span class='ocrx_word' id='word_1_119' title='bbox 1695 1040 1733 1090; x_wconf 93' lang='grc'><strong>16.</strong></span> <span class='ocrx_word' id='word_1_120' title='bbox 1758 1034 1844 1104; x_wconf 85' lang='lat' dir='ltr'><strong>Lyra·</strong></span> 
     </span>
     <span class='ocr_line' id='line_1_10' title="bbox 149 1119 1845 1194; baseline -0.001 -20"><span class='ocrx_word' id='word_1_121' title='bbox 149 1127 197 1175; x_wconf 91' lang='lat' dir='ltr'><strong>net</strong></span> <span class='ocrx_word' id='word_1_122' title='bbox 221 1120 360 1191; x_wconf 89' lang='lat' dir='ltr'><strong>quaedam</strong></span> <span class='ocrx_word' id='word_1_123' title='bbox 383 1136 447 1176; x_wconf 93' lang='lat' dir='ltr'><strong>cum</strong></span> <span class='ocrx_word' id='word_1_124' title='bbox 474 1121 556 1190; x_wconf 90' lang='lat' dir='ltr'><strong>primi</strong></span> <span class='ocrx_word' id='word_1_125' title='bbox 583 1121 648 1176; x_wconf 87' lang='lat' dir='ltr'>libri</span> <span class='ocrx_word' id='word_1_126' title='bbox 677 1122 791 1177; x_wconf 88' lang='lat' dir='ltr'><strong>historia</strong></span> <span class='ocrx_word' id='word_1_127' title='bbox 822 1121 984 1194; x_wconf 77' lang='lat' dir='ltr'><strong>pugnantia,</strong></span> <span class='ocrx_word' id='word_1_128' title='bbox 1009 1138 1062 1175; x_wconf 91' lang='lat' dir='ltr'><strong>nus</strong></span> <span class='ocrx_word' id='word_1_129' title='bbox 1080 1120 1109 1174; x_wconf 94' lang='lat' dir='ltr'><strong>in</strong></span> <span class='ocrx_word' id='word_1_130' title='bbox 1126 1120 1244 1175; x_wconf 89' lang='lat' dir='ltr'><strong>Esdram</strong></span> <span class='ocrx_word' id='word_1_131' title='bbox 1269 1138 1291 1178; x_wconf 92' lang='grc'><strong>4.</strong></span> <span class='ocrx_word' id='word_1_132' title='bbox 1314 1127 1342 1177; x_wconf 89' lang='lat'><strong>1:</strong></span> <span class='ocrx_word' id='word_1_133' title='bbox 1366 1123 1432 1174; x_wconf 83' lang='lat' dir='ltr'><strong>Nost</strong></span> <span class='ocrx_word' id='word_1_134' title='bbox 1458 1129 1521 1174; x_wconf 83' lang='lat' dir='ltr'><strong>suat</strong></span> <span class='ocrx_word' id='word_1_135' title='bbox 1543 1122 1572 1174; x_wconf 81' lang='lat' dir='ltr'><strong>ia</strong></span> <span class='ocrx_word' id='word_1_136' title='bbox 1598 1136 1706 1174; x_wconf 83' lang='grc'><strong>444444</strong></span> <span class='ocrx_word' id='word_1_137' title='bbox 1724 1119 1845 1188; x_wconf 85' lang='grc'><strong>(114444-</strong></span> 
     </span>
     <span class='ocr_line' id='line_1_11' title="bbox 150 1205 1844 1277; baseline -0.001 -18"><span class='ocrx_word' id='word_1_138' title='bbox 150 1205 188 1260; x_wconf 91' lang='lat' dir='ltr'><strong>lib</strong></span> <span class='ocrx_word' id='word_1_139' title='bbox 218 1212 241 1262; x_wconf 89' lang='lat'><strong>1.</strong></span> <span class='ocrx_word' id='word_1_140' title='bbox 266 1222 326 1276; x_wconf 85' lang='lat' dir='ltr'><strong>cap.</strong></span> <span class='ocrx_word' id='word_1_141' title='bbox 346 1212 376 1273; x_wconf 90' lang='grc'><strong>6,</strong></span> <span class='ocrx_word' id='word_1_142' title='bbox 400 1224 425 1262; x_wconf 80' lang='lat' dir='ltr'><strong>v.</strong></span> <span class='ocrx_word' id='word_1_143' title='bbox 444 1212 467 1262; x_wconf 90' lang='grc'><strong>8.</strong></span> <span class='ocrx_word' id='word_1_144' title='bbox 494 1213 523 1262; x_wconf 88' lang='grc'><strong>44</strong></span> <span class='ocrx_word' id='word_1_145' title='bbox 550 1213 589 1263; x_wconf 95' lang='grc'><strong>16.</strong></span> <span class='ocrx_word' id='word_1_146' title='bbox 637 1207 794 1262; x_wconf 77' lang='lat' dir='ltr'><strong>Antiochus</strong></span> <span class='ocrx_word' id='word_1_147' title='bbox 820 1209 922 1262; x_wconf 88' lang='lat' dir='ltr'><strong>dicitur</strong></span> <span class='ocrx_word' id='word_1_148' title='bbox 939 1226 983 1263; x_wconf 93' lang='lat' dir='ltr'><strong>ex·</strong></span> <span class='ocrx_word' id='word_1_149' title='bbox 1010 1207 1142 1262; x_wconf 88' lang='lat' dir='ltr'><strong>baeorum</strong></span> <span class='ocrx_word' id='word_1_150' title='bbox 1151 1206 1226 1274; x_wconf 79' lang='grc'><strong>11141)</strong></span> <span class='ocrx_word' id='word_1_151' title='bbox 1239 1223 1289 1261; x_wconf 85' lang='grc'><strong>444</strong></span> <span class='ocrx_word' id='word_1_152' title='bbox 1302 1209 1382 1277; x_wconf 80' lang='lat' dir='ltr'><strong>apud</strong></span> <span class='ocrx_word' id='word_1_153' title='bbox 1393 1209 1533 1268; x_wconf 83' lang='lat' dir='ltr'><strong>Judusoa,</strong></span> <span class='ocrx_word' id='word_1_154' title='bbox 1548 1207 1692 1274; x_wconf 83' lang='lat' dir='ltr'><strong>aecapud</strong></span> <span class='ocrx_word' id='word_1_155' title='bbox 1707 1205 1844 1260; x_wconf 76' lang='grc'><strong>01414414-</strong></span> 
     </span>
     <span class='ocr_line' id='line_1_12' title="bbox 151 1290 1844 1365; baseline -0.002 -18"><span class='ocrx_word' id='word_1_156' title='bbox 151 1291 268 1347; x_wconf 86' lang='grc'><strong>44144444</strong></span> <span class='ocrx_word' id='word_1_157' title='bbox 291 1307 360 1362; x_wconf 84' lang='lat' dir='ltr'><strong>prae</strong></span> <span class='ocrx_word' id='word_1_158' title='bbox 383 1292 469 1347; x_wconf 90' lang='lat' dir='ltr'><strong>animi</strong></span> <span class='ocrx_word' id='word_1_159' title='bbox 486 1293 676 1364; x_wconf 70' lang='lat' dir='ltr'><strong>aegritudine,</strong></span> <span class='ocrx_word' id='word_1_160' title='bbox 703 1309 787 1365; x_wconf 89' lang='lat' dir='ltr'><strong>quam</strong></span> <span class='ocrx_word' id='word_1_161' title='bbox 811 1311 845 1348; x_wconf 84' lang='lat' dir='ltr'><strong>ex</strong></span> <span class='ocrx_word' id='word_1_162' title='bbox 864 1294 984 1347; x_wconf 80' lang='lat' dir='ltr'><strong>infausto</strong></span> <span class='ocrx_word' id='word_1_163' title='bbox 1009 1311 1071 1348; x_wconf 84' lang='grc'><strong>444.</strong></span> <span class='ocrx_word' id='word_1_164' title='bbox 1113 1292 1203 1349; x_wconf 85' lang='lat' dir='ltr'><strong>Carol.</strong></span> <span class='ocrx_word' id='word_1_165' title='bbox 1225 1292 1355 1364; x_wconf 73' lang='lat' dir='ltr'><strong>Sigonius</strong></span> <span class='ocrx_word' id='word_1_166' title='bbox 1382 1293 1411 1347; x_wconf 94' lang='lat' dir='ltr'><strong>in</strong></span> <span class='ocrx_word' id='word_1_167' title='bbox 1437 1310 1535 1347; x_wconf 78' lang='grc'><strong>444141.</strong></span> <span class='ocrx_word' id='word_1_168' title='bbox 1560 1293 1590 1346; x_wconf 88' lang='grc'><strong>14</strong></span> <span class='ocrx_word' id='word_1_169' title='bbox 1619 1292 1723 1362; x_wconf 86' lang='lat' dir='ltr'><strong>Sulpic.</strong></span> <span class='ocrx_word' id='word_1_170' title='bbox 1751 1290 1844 1346; x_wconf 79' lang='lat' dir='ltr'><strong>Seuer.</strong></span> 
     </span>
     <span class='ocr_line' id='line_1_13' title="bbox 157 1377 1844 1450; baseline 0.001 -20"><span class='ocrx_word' id='word_1_171' title='bbox 157 1378 254 1433; x_wconf 90' lang='lat' dir='ltr'><strong>nuntio</strong></span> <span class='ocrx_word' id='word_1_172' title='bbox 273 1385 445 1450; x_wconf 89' lang='lat' dir='ltr'><strong>conceperat,</strong></span> <span class='ocrx_word' id='word_1_173' title='bbox 466 1379 551 1450; x_wconf 86' lang='lat' dir='ltr'><strong>idque</strong></span> <span class='ocrx_word' id='word_1_174' title='bbox 562 1379 708 1450; x_wconf 89' lang='lat' dir='ltr'><strong>Babylone</strong></span> <span class='ocrx_word' id='word_1_175' title='bbox 727 1380 755 1434; x_wconf 92' lang='lat' dir='ltr'><strong>in</strong></span> <span class='ocrx_word' id='word_1_176' title='bbox 775 1380 855 1447; x_wconf 88' lang='lat' dir='ltr'><strong>lecto,</strong></span> <span class='ocrx_word' id='word_1_177' title='bbox 873 1378 984 1450; x_wconf 89' lang='lat' dir='ltr'><strong>quaudo</strong></span> <span class='ocrx_word' id='word_1_178' title='bbox 1008 1387 1126 1449; x_wconf 80' lang='lat' dir='ltr'><strong>propter</strong></span> <span class='ocrx_word' id='word_1_179' title='bbox 1150 1381 1355 1433; x_wconf 63' lang='lat' dir='ltr'><strong>decorantium</strong></span> <span class='ocrx_word' id='word_1_180' title='bbox 1378 1396 1410 1434; x_wconf 89' lang='lat' dir='ltr'><strong>ex</strong></span> <span class='ocrx_word' id='word_1_181' title='bbox 1430 1377 1508 1432; x_wconf 90' lang='lat' dir='ltr'><strong>libris</strong></span> <span class='ocrx_word' id='word_1_182' title='bbox 1533 1377 1673 1433; x_wconf 89' lang='lat' dir='ltr'><strong>canonicis</strong></span> <span class='ocrx_word' id='word_1_183' title='bbox 1691 1394 1738 1432; x_wconf 91' lang='lat' dir='ltr'><strong>eos</strong></span> <span class='ocrx_word' id='word_1_184' title='bbox 1755 1393 1844 1432; x_wconf 88' lang='lat' dir='ltr'><strong>remo·</strong></span> 
     </span>
     <span class='ocr_line' id='line_1_14' title="bbox 153 1462 1847 1536; baseline 0 -19"><span class='ocrx_word' id='word_1_185' title='bbox 153 1462 240 1517; x_wconf 86' lang='lat' dir='ltr'><strong>filium</strong></span> <span class='ocrx_word' id='word_1_186' title='bbox 265 1463 385 1517; x_wconf 77' lang='lat' dir='ltr'><strong>tradidit</strong></span> <span class='ocrx_word' id='word_1_187' title='bbox 414 1463 556 1535; x_wconf 90' lang='lat' dir='ltr'><strong>Philippo,</strong></span> <span class='ocrx_word' id='word_1_188' title='bbox 586 1482 668 1535; x_wconf 90' lang='lat' dir='ltr'><strong>quem</strong></span> <span class='ocrx_word' id='word_1_189' title='bbox 694 1482 780 1536; x_wconf 87' lang='lat' dir='ltr'><strong>reguo</strong></span> <span class='ocrx_word' id='word_1_190' title='bbox 798 1464 984 1535; x_wconf 60' lang='lat' dir='ltr'><strong>praefeceram</strong></span> <span class='ocrx_word' id='word_1_191' title='bbox 1011 1470 1065 1519; x_wconf 86' lang='grc'><strong>444.</strong></span> <span class='ocrx_word' id='word_1_192' title='bbox 1082 1464 1268 1519; x_wconf 85' lang='lat' dir='ltr'><strong>Bellarminns</strong></span> <span class='ocrx_word' id='word_1_193' title='bbox 1286 1464 1334 1518; x_wconf 85' lang='lat' dir='ltr'><strong>lib.</strong></span> <span class='ocrx_word' id='word_1_194' title='bbox 1355 1470 1376 1520; x_wconf 92' lang='grc'><strong>1.</strong></span> <span class='ocrx_word' id='word_1_195' title='bbox 1400 1465 1437 1519; x_wconf 96' lang='grc'><strong>44</strong></span> <span class='ocrx_word' id='word_1_196' title='bbox 1453 1463 1540 1518; x_wconf 86' lang='grc'><strong>44414</strong></span> <span class='ocrx_word' id='word_1_197' title='bbox 1558 1463 1611 1519; x_wconf 90' lang='lat' dir='ltr'><strong>Dei</strong></span> <span class='ocrx_word' id='word_1_198' title='bbox 1635 1479 1697 1534; x_wconf 88' lang='lat' dir='ltr'><strong>cap.</strong></span> <span class='ocrx_word' id='word_1_199' title='bbox 1721 1469 1758 1518; x_wconf 81' lang='grc'><strong>11.</strong></span> <span class='ocrx_word' id='word_1_200' title='bbox 1778 1462 1847 1518; x_wconf 86' lang='grc'><strong>41441</strong></span> 
     </span>
     <span class='ocr_line' id='line_1_15' title="bbox 151 1549 1845 1621; baseline 0.001 -17"><span class='ocrx_word' id='word_1_201' title='bbox 151 1565 212 1618; x_wconf 87' lang='lat' dir='ltr'><strong>cap.</strong></span> <span class='ocrx_word' id='word_1_202' title='bbox 232 1553 262 1616; x_wconf 83' lang='grc'><strong>9,</strong></span> <span class='ocrx_word' id='word_1_203' title='bbox 283 1566 310 1606; x_wconf 86' lang='grc'><strong>4.</strong></span> <span class='ocrx_word' id='word_1_204' title='bbox 332 1553 373 1604; x_wconf 88' lang='grc'><strong>18.</strong></span> <span class='ocrx_word' id='word_1_205' title='bbox 396 1566 513 1621; x_wconf 90' lang='lat' dir='ltr'><strong>peregre</strong></span> <span class='ocrx_word' id='word_1_206' title='bbox 531 1551 559 1603; x_wconf 95' lang='grc'><strong>14</strong></span> <span class='ocrx_word' id='word_1_207' title='bbox 579 1551 717 1605; x_wconf 89' lang='lat' dir='ltr'><strong>montibus</strong></span> <span class='ocrx_word' id='word_1_208' title='bbox 736 1550 885 1606; x_wconf 78' lang='lat' dir='ltr'><strong>miserabili</strong></span> <span class='ocrx_word' id='word_1_209' title='bbox 906 1550 985 1605; x_wconf 91' lang='lat' dir='ltr'><strong>obitu</strong></span> <span class='ocrx_word' id='word_1_210' title='bbox 1011 1556 1039 1603; x_wconf 88' lang='lat' dir='ltr'><strong>et</strong></span> <span class='ocrx_word' id='word_1_211' title='bbox 1056 1549 1195 1620; x_wconf 86' lang='lat' dir='ltr'><strong>approbat</strong></span> <span class='ocrx_word' id='word_1_212' title='bbox 1219 1550 1383 1604; x_wconf 88' lang='lat' dir='ltr'><strong>sententiam</strong></span> <span class='ocrx_word' id='word_1_213' title='bbox 1398 1549 1514 1621; x_wconf 81' lang='lat' dir='ltr'><strong>Josephi</strong></span> <span class='ocrx_word' id='word_1_214' title='bbox 1537 1549 1584 1605; x_wconf 92' lang='lat' dir='ltr'><strong>lib.</strong></span> <span class='ocrx_word' id='word_1_215' title='bbox 1606 1556 1627 1606; x_wconf 93' lang='grc'><strong>1.</strong></span> <span class='ocrx_word' id='word_1_216' title='bbox 1653 1554 1725 1604; x_wconf 90' lang='lat' dir='ltr'><strong>cont.</strong></span> <span class='ocrx_word' id='word_1_217' title='bbox 1745 1549 1845 1619; x_wconf 81' lang='lat' dir='ltr'><strong>Apion.</strong></span> 
     </span>
     <span class='ocr_line' id='line_1_16' title="bbox 151 1633 1847 1707; baseline -0.001 -18"><span class='ocrx_word' id='word_1_218' title='bbox 151 1633 264 1689; x_wconf 82' lang='lat' dir='ltr'><strong>functus</strong></span> <span class='ocrx_word' id='word_1_219' title='bbox 288 1635 403 1699; x_wconf 84' lang='lat' dir='ltr'><strong>dicitnr;</strong></span> <span class='ocrx_word' id='word_1_220' title='bbox 430 1637 480 1690; x_wconf 93' lang='grc'><strong>444</strong></span> <span class='ocrx_word' id='word_1_221' title='bbox 504 1636 550 1691; x_wconf 92' lang='grc'><strong>111.</strong></span> <span class='ocrx_word' id='word_1_222' title='bbox 570 1642 594 1691; x_wconf 90' lang='grc'><strong>1.</strong></span> <span class='ocrx_word' id='word_1_223' title='bbox 626 1653 687 1707; x_wconf 87' lang='lat' dir='ltr'><strong>cap.</strong></span> <span class='ocrx_word' id='word_1_224' title='bbox 713 1643 741 1703; x_wconf 95' lang='grc'><strong>1,</strong></span> <span class='ocrx_word' id='word_1_225' title='bbox 768 1654 794 1691; x_wconf 83' lang='lat' dir='ltr'><strong>v.</strong></span> <span class='ocrx_word' id='word_1_226' title='bbox 815 1637 902 1692; x_wconf 90' lang='grc'><strong>1614</strong></span> <span class='ocrx_word' id='word_1_227' title='bbox 920 1635 985 1690; x_wconf 86' lang='lat' dir='ltr'><strong>fano</strong></span> <span class='ocrx_word' id='word_1_228' title='bbox 1011 1653 1067 1689; x_wconf 82' lang='lat' dir='ltr'><strong>noa</strong></span> <span class='ocrx_word' id='word_1_229' title='bbox 1099 1635 1200 1688; x_wconf 79' lang='lat' dir='ltr'><strong>haberi</strong></span> <span class='ocrx_word' id='word_1_230' title='bbox 1225 1638 1307 1704; x_wconf 80' lang='lat' dir='ltr'><strong>opud</strong></span> <span class='ocrx_word' id='word_1_231' title='bbox 1337 1637 1481 1690; x_wconf 83' lang='lat' dir='ltr'><strong>Hebraeos</strong></span> <span class='ocrx_word' id='word_1_232' title='bbox 1506 1635 1536 1689; x_wconf 82' lang='lat' dir='ltr'><strong>in</strong></span> <span class='ocrx_word' id='word_1_233' title='bbox 1560 1651 1666 1689; x_wconf 85' lang='lat' dir='ltr'><strong>eoooue</strong></span> <span class='ocrx_word' id='word_1_234' title='bbox 1685 1643 1847 1690; x_wconf 81' lang='lat' dir='ltr'><strong>sanctorum</strong></span> 
     </span>
     <span class='ocr_line' id='line_1_17' title="bbox 151 1718 1847 1791; baseline 0 -16"><span class='ocrx_word' id='word_1_235' title='bbox 151 1718 265 1775; x_wconf 85' lang='lat' dir='ltr'><strong>Naueae</strong></span> <span class='ocrx_word' id='word_1_236' title='bbox 284 1720 468 1775; x_wconf 84' lang='lat' dir='ltr'><strong>obtruncatus</strong></span> <span class='ocrx_word' id='word_1_237' title='bbox 487 1729 516 1776; x_wconf 93' lang='lat' dir='ltr'><strong>et</strong></span> <span class='ocrx_word' id='word_1_238' title='bbox 535 1722 709 1777; x_wconf 86' lang='lat' dir='ltr'><strong>membratim</strong></span> <span class='ocrx_word' id='word_1_239' title='bbox 728 1722 855 1778; x_wconf 87' lang='lat' dir='ltr'><strong>concisus</strong></span> <span class='ocrx_word' id='word_1_240' title='bbox 873 1722 984 1776; x_wconf 86' lang='lat' dir='ltr'><strong>dicitur.</strong></span> <span class='ocrx_word' id='word_1_241' title='bbox 1012 1721 1180 1789; x_wconf 81' lang='lat' dir='ltr'><strong>scriptorum</strong></span> <span class='ocrx_word' id='word_1_242' title='bbox 1200 1736 1246 1774; x_wconf 87' lang='grc'><strong>444</strong></span> <span class='ocrx_word' id='word_1_243' title='bbox 1264 1722 1365 1788; x_wconf 81' lang='lat' dir='ltr'><strong>libros,</strong></span> <span class='ocrx_word' id='word_1_244' title='bbox 1384 1721 1436 1790; x_wconf 75' lang='lat' dir='ltr'><strong>qui</strong></span> <span class='ocrx_word' id='word_1_245' title='bbox 1449 1728 1516 1791; x_wconf 85' lang='lat' dir='ltr'><strong>port</strong></span> <span class='ocrx_word' id='word_1_246' title='bbox 1532 1729 1661 1790; x_wconf 80' lang='lat' dir='ltr'><strong>tempora</strong></span> <span class='ocrx_word' id='word_1_247' title='bbox 1679 1721 1847 1775; x_wconf 70' lang='lat' dir='ltr'><strong>annuetis</strong></span> 
     </span>
     <span class='ocr_line' id='line_1_18' title="bbox 150 1805 1846 1879; baseline 0.002 -21"><span class='ocrx_word' id='word_1_248' title='bbox 150 1818 175 1860; x_wconf 89' lang='grc'><strong>4.</strong></span> <span class='ocrx_word' id='word_1_249' title='bbox 194 1808 219 1871; x_wconf 82' lang='grc'><strong>9,</strong></span> <span class='ocrx_word' id='word_1_250' title='bbox 232 1822 258 1858; x_wconf 83' lang='lat' dir='ltr'><strong>v.</strong></span> <span class='ocrx_word' id='word_1_251' title='bbox 275 1810 300 1860; x_wconf 84' lang='lat' dir='ltr'><strong>a.</strong></span> <span class='ocrx_word' id='word_1_252' title='bbox 317 1806 354 1860; x_wconf 91' lang='lat' dir='ltr'><strong>de</strong></span> <span class='ocrx_word' id='word_1_253' title='bbox 371 1805 432 1878; x_wconf 86' lang='lat' dir='ltr'><strong>ipso</strong></span> <span class='ocrx_word' id='word_1_254' title='bbox 449 1807 582 1874; x_wconf 84' lang='lat' dir='ltr'><strong>refertur,</strong></span> <span class='ocrx_word' id='word_1_255' title='bbox 602 1809 677 1879; x_wconf 90' lang='lat' dir='ltr'><strong>quod</strong></span> <span class='ocrx_word' id='word_1_256' title='bbox 696 1816 820 1863; x_wconf 92' lang='lat' dir='ltr'><strong>mortuus</strong></span> <span class='ocrx_word' id='word_1_257' title='bbox 838 1809 874 1863; x_wconf 91' lang='lat' dir='ltr'><strong>sit</strong></span> <span class='ocrx_word' id='word_1_258' title='bbox 892 1808 986 1863; x_wconf 92' lang='lat' dir='ltr'><strong>dolore</strong></span> <span class='ocrx_word' id='word_1_259' title='bbox 1012 1807 1182 1874; x_wconf 76' lang='lat' dir='ltr'><strong>Lonpimutu&#39;</strong></span> <span class='ocrx_word' id='word_1_260' title='bbox 1192 1807 1293 1875; x_wconf 70' lang='lat' dir='ltr'><strong>empti</strong></span> <span class='ocrx_word' id='word_1_261' title='bbox 1303 1815 1375 1875; x_wconf 80' lang='lat' dir='ltr'><strong>eunt,</strong></span> <span class='ocrx_word' id='word_1_262' title='bbox 1393 1807 1531 1876; x_wconf 75' lang='lat' dir='ltr'><strong>siquidum</strong></span> <span class='ocrx_word' id='word_1_263' title='bbox 1545 1807 1634 1875; x_wconf 88' lang='lat' dir='ltr'><strong>(addit</strong></span> <span class='ocrx_word' id='word_1_264' title='bbox 1647 1806 1846 1874; x_wconf 85' lang='lat' dir='ltr'><strong>Bellarminua)</strong></span> 
     </span>
     <span class='ocr_line' id='line_1_19' title="bbox 125 1890 1846 1964; baseline 0.001 -19"><span class='ocrx_word' id='word_1_265' title='bbox 125 1890 303 1955; x_wconf 63' lang='lat' dir='ltr'><strong>&#39;rimarum</strong></span> <span class='ocrx_word' id='word_1_266' title='bbox 329 1890 371 1946; x_wconf 88' lang='lat' dir='ltr'><strong>ita</strong></span> <span class='ocrx_word' id='word_1_267' title='bbox 393 1897 426 1946; x_wconf 91' lang='lat' dir='ltr'><strong>nt</strong></span> <span class='ocrx_word' id='word_1_268' title='bbox 443 1909 549 1948; x_wconf 84' lang='grc'><strong>4444444</strong></span> <span class='ocrx_word' id='word_1_269' title='bbox 568 1910 602 1948; x_wconf 89' lang='lat' dir='ltr'><strong>cx</strong></span> <span class='ocrx_word' id='word_1_270' title='bbox 622 1911 737 1964; x_wconf 89' lang='lat' dir='ltr'><strong>corpore</strong></span> <span class='ocrx_word' id='word_1_271' title='bbox 754 1895 816 1964; x_wconf 88' lang='lat' dir='ltr'><strong>ejus</strong></span> <span class='ocrx_word' id='word_1_272' title='bbox 833 1893 928 1948; x_wconf 91' lang='lat' dir='ltr'><strong>adhuc</strong></span> <span class='ocrx_word' id='word_1_273' title='bbox 947 1893 986 1946; x_wconf 81' lang='lat' dir='ltr'><strong>vi·</strong></span> <span class='ocrx_word' id='word_1_274' title='bbox 1011 1892 1147 1944; x_wconf 83' lang='lat' dir='ltr'><strong>librorum</strong></span> <span class='ocrx_word' id='word_1_275' title='bbox 1183 1909 1329 1945; x_wconf 79' lang='grc'><strong>4444444444</strong></span> <span class='ocrx_word' id='word_1_276' title='bbox 1363 1909 1497 1946; x_wconf 80' lang='lat' dir='ltr'><strong>cunonem</strong></span> <span class='ocrx_word' id='word_1_277' title='bbox 1529 1896 1645 1947; x_wconf 84' lang='lat' dir='ltr'><strong>Esdrcs</strong></span> <span class='ocrx_word' id='word_1_278' title='bbox 1682 1893 1846 1964; x_wconf 80' lang='lat' dir='ltr'><strong>composuit,</strong></span> 
     </span>
     <span class='ocr_line' id='line_1_20' title="bbox 151 1974 1846 2048; baseline 0.004 -21"><span class='ocrx_word' id='word_1_279' title='bbox 151 1974 240 2029; x_wconf 84' lang='lat' dir='ltr'><strong>ventis</strong></span> <span class='ocrx_word' id='word_1_280' title='bbox 254 1981 430 2047; x_wconf 80' lang='lat' dir='ltr'><strong>erumperent</strong></span> <span class='ocrx_word' id='word_1_281' title='bbox 441 1983 471 2032; x_wconf 92' lang='grc'><strong>44</strong></span> <span class='ocrx_word' id='word_1_282' title='bbox 484 1977 573 2034; x_wconf 80' lang='lat' dir='ltr'><strong>foetor</strong></span> <span class='ocrx_word' id='word_1_283' title='bbox 586 1979 725 2035; x_wconf 89' lang='lat' dir='ltr'><strong>horribilis</strong></span> <span class='ocrx_word' id='word_1_284' title='bbox 744 1980 774 2033; x_wconf 94' lang='lat' dir='ltr'><strong>in</strong></span> <span class='ocrx_word' id='word_1_285' title='bbox 792 1983 881 2033; x_wconf 92' lang='lat' dir='ltr'><strong>totum</strong></span> <span class='ocrx_word' id='word_1_286' title='bbox 899 1994 987 2048; x_wconf 87' lang='lat' dir='ltr'><strong>paene</strong></span> <span class='ocrx_word' id='word_1_287' title='bbox 1011 1975 1094 2044; x_wconf 84' lang='lat' dir='ltr'><strong>eujus</strong></span> <span class='ocrx_word' id='word_1_288' title='bbox 1110 1977 1170 2030; x_wconf 84' lang='grc'><strong>4144</strong></span> <span class='ocrx_word' id='word_1_289' title='bbox 1186 1995 1242 2031; x_wconf 81' lang='grc'><strong>444</strong></span> <span class='ocrx_word' id='word_1_290' title='bbox 1259 1978 1417 2030; x_wconf 78' lang='grc'><strong>4444441444</strong></span> <span class='ocrx_word' id='word_1_291' title='bbox 1433 1978 1512 2031; x_wconf 81' lang='grc'><strong>41144</strong></span> <span class='ocrx_word' id='word_1_292' title='bbox 1529 1986 1656 2046; x_wconf 84' lang='lat' dir='ltr'><strong>tempora</strong></span> <span class='ocrx_word' id='word_1_293' title='bbox 1668 1978 1846 2048; x_wconf 68' lang='lat' dir='ltr'><strong>Iungimum‘.</strong></span> 
     </span>
     <span class='ocr_line' id='line_1_21' title="bbox 151 2061 1847 2135; baseline 0.001 -20"><span class='ocrx_word' id='word_1_294' title='bbox 151 2061 300 2116; x_wconf 88' lang='lat' dir='ltr'><strong>exercitum</strong></span> <span class='ocrx_word' id='word_1_295' title='bbox 325 2062 509 2129; x_wconf 86' lang='lat' dir='ltr'><strong>redundaret,</strong></span> <span class='ocrx_word' id='word_1_296' title='bbox 532 2081 606 2135; x_wconf 87' lang='lat' dir='ltr'><strong>quae</strong></span> <span class='ocrx_word' id='word_1_297' title='bbox 626 2066 748 2119; x_wconf 84' lang='lat' dir='ltr'><strong>narratio</strong></span> <span class='ocrx_word' id='word_1_298' title='bbox 772 2064 902 2119; x_wconf 86' lang='lat' dir='ltr'><strong>convenit</strong></span> <span class='ocrx_word' id='word_1_299' title='bbox 922 2081 985 2118; x_wconf 91' lang='lat' dir='ltr'><strong>cnm</strong></span> <span class='ocrx_word' id='word_1_300' title='bbox 1014 2061 1100 2131; x_wconf 82' lang='lat' dir='ltr'><strong>Atqui</strong></span> <span class='ocrx_word' id='word_1_301' title='bbox 1118 2079 1162 2116; x_wconf 87' lang='grc'><strong>444</strong></span> <span class='ocrx_word' id='word_1_302' title='bbox 1181 2061 1303 2117; x_wconf 89' lang='lat' dir='ltr'><strong>inlibris</strong></span> <span class='ocrx_word' id='word_1_303' title='bbox 1320 2062 1550 2118; x_wconf 81' lang='lat' dir='ltr'><strong>Maccahaeorum</strong></span> <span class='ocrx_word' id='word_1_304' title='bbox 1569 2062 1724 2133; x_wconf 73' lang='lat' dir='ltr'><strong>dunione</strong></span> <span class='ocrx_word' id='word_1_305' title='bbox 1743 2062 1847 2134; x_wconf 85' lang='lat' dir='ltr'><strong>longis·</strong></span> 
     </span>
     <span class='ocr_line' id='line_1_22' title="bbox 151 2145 1847 2220; baseline 0.002 -21"><span class='ocrx_word' id='word_1_306' title='bbox 151 2161 198 2212; x_wconf 93' lang='lat' dir='ltr'><strong>eo,</strong></span> <span class='ocrx_word' id='word_1_307' title='bbox 227 2146 302 2216; x_wconf 86' lang='lat' dir='ltr'><strong>quod</strong></span> <span class='ocrx_word' id='word_1_308' title='bbox 327 2146 400 2204; x_wconf 90' lang='lat' dir='ltr'><strong>Dan.</strong></span> <span class='ocrx_word' id='word_1_309' title='bbox 421 2154 451 2216; x_wconf 91' lang='grc'><strong>8,</strong></span> <span class='ocrx_word' id='word_1_310' title='bbox 475 2154 562 2203; x_wconf 86' lang='grc'><strong>4.15.</strong></span> <span class='ocrx_word' id='word_1_311' title='bbox 589 2150 625 2204; x_wconf 90' lang='grc'><strong>44</strong></span> <span class='ocrx_word' id='word_1_312' title='bbox 643 2149 783 2204; x_wconf 83' lang='lat' dir='ltr'><strong>Antiocho</strong></span> <span class='ocrx_word' id='word_1_313' title='bbox 802 2149 985 2220; x_wconf 89' lang='lat' dir='ltr'><strong>praedictum,</strong></span> <span class='ocrx_word' id='word_1_314' title='bbox 1013 2145 1081 2201; x_wconf 90' lang='lat' dir='ltr'><strong>sime</strong></span> <span class='ocrx_word' id='word_1_315' title='bbox 1117 2154 1181 2218; x_wconf 91' lang='lat' dir='ltr'><strong>post</strong></span> <span class='ocrx_word' id='word_1_316' title='bbox 1215 2146 1379 2203; x_wconf 84' lang='lat' dir='ltr'><strong>Artaxerxis</strong></span> <span class='ocrx_word' id='word_1_317' title='bbox 1414 2156 1539 2218; x_wconf 89' lang='lat' dir='ltr'><strong>tempora</strong></span> <span class='ocrx_word' id='word_1_318' title='bbox 1573 2155 1736 2217; x_wconf 84' lang='lat' dir='ltr'><strong>evenerunt,</strong></span> <span class='ocrx_word' id='word_1_319' title='bbox 1773 2149 1847 2203; x_wconf 90' lang='lat' dir='ltr'><strong>circa</strong></span> 
     </span>
     <span class='ocr_line' id='line_1_23' title="bbox 150 2232 1847 2304; baseline 0.003 -21"><span class='ocrx_word' id='word_1_320' title='bbox 150 2239 308 2285; x_wconf 79' lang='grc'><strong>4444444144</strong></span> <span class='ocrx_word' id='word_1_321' title='bbox 331 2233 391 2286; x_wconf 84' lang='lat' dir='ltr'><strong>stiae</strong></span> <span class='ocrx_word' id='word_1_322' title='bbox 412 2251 498 2287; x_wconf 82' lang='grc'><strong>44444</strong></span> <span class='ocrx_word' id='word_1_323' title='bbox 521 2243 549 2287; x_wconf 88' lang='grc'><strong>44</strong></span> <span class='ocrx_word' id='word_1_324' title='bbox 573 2237 662 2298; x_wconf 81' lang='lat' dir='ltr'><strong>foedo</strong></span> <span class='ocrx_word' id='word_1_325' title='bbox 682 2236 777 2289; x_wconf 85' lang='lat' dir='ltr'><strong>morbo</strong></span> <span class='ocrx_word' id='word_1_326' title='bbox 804 2236 985 2304; x_wconf 81' lang='lat' dir='ltr'><strong>contabescet,</strong></span> <span class='ocrx_word' id='word_1_327' title='bbox 1012 2248 1115 2286; x_wconf 91' lang='lat' dir='ltr'><strong>anuum</strong></span> <span class='ocrx_word' id='word_1_328' title='bbox 1139 2238 1196 2290; x_wconf 86' lang='grc'><strong>146.</strong></span> <span class='ocrx_word' id='word_1_329' title='bbox 1216 2234 1392 2289; x_wconf 86' lang='lat' dir='ltr'><strong>monarchiae</strong></span> <span class='ocrx_word' id='word_1_330' title='bbox 1415 2233 1599 2301; x_wconf 86' lang='lat' dir='ltr'><strong>Graecorum,</strong></span> <span class='ocrx_word' id='word_1_331' title='bbox 1627 2233 1668 2287; x_wconf 90' lang='lat' dir='ltr'><strong>ita</strong></span> <span class='ocrx_word' id='word_1_332' title='bbox 1693 2232 1847 2289; x_wconf 78' lang='grc'><strong>4441144444</strong></span> 
     </span>
     <span class='ocr_line' id='line_1_24' title="bbox 150 2315 1845 2390; baseline 0.004 -22"><span class='ocrx_word' id='word_1_333' title='bbox 150 2315 252 2370; x_wconf 79' lang='lat' dir='ltr'><strong>falsum</strong></span> <span class='ocrx_word' id='word_1_334' title='bbox 271 2315 360 2389; x_wconf 88' lang='lat' dir='ltr'><strong>igitur</strong></span> <span class='ocrx_word' id='word_1_335' title='bbox 378 2319 453 2388; x_wconf 91' lang='lat' dir='ltr'><strong>quod</strong></span> <span class='ocrx_word' id='word_1_336' title='bbox 474 2319 509 2374; x_wconf 90' lang='grc'><strong>44</strong></span> <span class='ocrx_word' id='word_1_337' title='bbox 529 2320 739 2375; x_wconf 88' lang='lat' dir='ltr'><strong>obtruncatione</strong></span> <span class='ocrx_word' id='word_1_338' title='bbox 760 2321 884 2390; x_wconf 89' lang='lat' dir='ltr'><strong>ejusdem</strong></span> <span class='ocrx_word' id='word_1_339' title='bbox 901 2319 985 2375; x_wconf 90' lang='lat' dir='ltr'><strong>habe·</strong></span> <span class='ocrx_word' id='word_1_340' title='bbox 1012 2317 1063 2373; x_wconf 92' lang='lat' dir='ltr'><strong>hos</strong></span> <span class='ocrx_word' id='word_1_341' title='bbox 1077 2318 1162 2374; x_wconf 91' lang='lat' dir='ltr'><strong>libros</strong></span> <span class='ocrx_word' id='word_1_342' title='bbox 1174 2319 1268 2374; x_wconf 90' lang='grc'><strong>414444</strong></span> <span class='ocrx_word' id='word_1_343' title='bbox 1284 2336 1340 2373; x_wconf 90' lang='grc'><strong>444</strong></span> <span class='ocrx_word' id='word_1_344' title='bbox 1354 2320 1483 2390; x_wconf 89' lang='lat' dir='ltr'><strong>potuerit,</strong></span> <span class='ocrx_word' id='word_1_345' title='bbox 1502 2320 1555 2373; x_wconf 90' lang='lat' dir='ltr'><strong>nisi</strong></span> <span class='ocrx_word' id='word_1_346' title='bbox 1568 2319 1692 2390; x_wconf 89' lang='lat' dir='ltr'><strong>fingatur</strong></span> <span class='ocrx_word' id='word_1_347' title='bbox 1704 2320 1739 2374; x_wconf 90' lang='lat' dir='ltr'><strong>ad</strong></span> <span class='ocrx_word' id='word_1_348' title='bbox 1758 2336 1845 2376; x_wconf 90' lang='lat' dir='ltr'><strong>anuos</strong></span> 
     </span>
     <span class='ocr_line' id='line_1_25' title="bbox 151 2401 1546 2475; baseline 0.004 -22"><span class='ocrx_word' id='word_1_349' title='bbox 151 2407 197 2454; x_wconf 90' lang='lat' dir='ltr'><strong>tur</strong></span> <span class='ocrx_word' id='word_1_350' title='bbox 216 2401 262 2455; x_wconf 92' lang='grc'><strong>111.</strong></span> <span class='ocrx_word' id='word_1_351' title='bbox 285 2408 308 2457; x_wconf 93' lang='grc'><strong>1.</strong></span> <span class='ocrx_word' id='word_1_352' title='bbox 326 2419 348 2459; x_wconf 92' lang='lat' dir='ltr'><strong>c.</strong></span> <span class='ocrx_word' id='word_1_353' title='bbox 367 2408 395 2468; x_wconf 93' lang='lat'><strong>1,</strong></span> <span class='ocrx_word' id='word_1_354' title='bbox 419 2420 446 2457; x_wconf 84' lang='lat' dir='ltr'><strong>v.</strong></span> <span class='ocrx_word' id='word_1_355' title='bbox 468 2409 507 2459; x_wconf 87' lang='grc'><strong>16.</strong></span> <span class='ocrx_word' id='word_1_356' title='bbox 541 2402 587 2459; x_wconf 85' lang='lat' dir='ltr'><strong>Sic</strong></span> <span class='ocrx_word' id='word_1_357' title='bbox 604 2403 652 2459; x_wconf 92' lang='lat' dir='ltr'><strong>lib.</strong></span> <span class='ocrx_word' id='word_1_358' title='bbox 677 2411 698 2460; x_wconf 94' lang='grc'><strong>1.</strong></span> <span class='ocrx_word' id='word_1_359' title='bbox 718 2422 741 2459; x_wconf 93' lang='grc'><strong>4.</strong></span> <span class='ocrx_word' id='word_1_360' title='bbox 759 2413 789 2473; x_wconf 85' lang='grc'><strong>9,</strong></span> <span class='ocrx_word' id='word_1_361' title='bbox 808 2423 833 2460; x_wconf 89' lang='grc'><strong>4.</strong></span> <span class='ocrx_word' id='word_1_362' title='bbox 852 2411 876 2459; x_wconf 92' lang='grc'><strong>3.</strong></span> <span class='ocrx_word' id='word_1_363' title='bbox 895 2404 985 2460; x_wconf 85' lang='grc'><strong>14444</strong></span> <span class='ocrx_word' id='word_1_364' title='bbox 1011 2420 1098 2473; x_wconf 90' lang='lat' dir='ltr'><strong>prope</strong></span> <span class='ocrx_word' id='word_1_365' title='bbox 1115 2410 1254 2458; x_wconf 79' lang='lat' dir='ltr'><strong>trecentos</strong></span> <span class='ocrx_word' id='word_1_366' title='bbox 1272 2405 1358 2459; x_wconf 80' lang='lat' dir='ltr'><strong>vitam</strong></span> <span class='ocrx_word' id='word_1_367' title='bbox 1377 2406 1546 2475; x_wconf 90' lang='lat' dir='ltr'><strong>produxisse.</strong></span> 
     </span>
     <span class='ocr_line' id='line_1_26' title="bbox 154 2486 1982 2560; baseline 0.004 -21"><span class='ocrx_word' id='word_1_368' title='bbox 154 2486 257 2541; x_wconf 90' lang='lat' dir='ltr'><strong>dicitur</strong></span> <span class='ocrx_word' id='word_1_369' title='bbox 283 2489 391 2543; x_wconf 90' lang='lat' dir='ltr'><strong>occisus</strong></span> <span class='ocrx_word' id='word_1_370' title='bbox 415 2494 567 2545; x_wconf 81' lang='grc'><strong>4444151.</strong></span> <span class='ocrx_word' id='word_1_371' title='bbox 590 2490 670 2559; x_wconf 85' lang='lat' dir='ltr'><strong>regni</strong></span> <span class='ocrx_word' id='word_1_372' title='bbox 690 2491 911 2560; x_wconf 83' lang='lat' dir='ltr'><strong>Seleucidarum3</strong></span> <span class='ocrx_word' id='word_1_373' title='bbox 935 2491 984 2546; x_wconf 89' lang='lat' dir='ltr'><strong>sed</strong></span> <span class='ocrx_word' id='word_1_374' title='bbox 1047 2494 1105 2544; x_wconf 80' lang='grc'><strong>115.</strong></span> <span class='ocrx_word' id='word_1_375' title='bbox 1140 2489 1252 2560; x_wconf 84' lang='lat' dir='ltr'><strong>Excipit</strong></span> <span class='ocrx_word' id='word_1_376' title='bbox 1270 2490 1463 2558; x_wconf 87' lang='lat' dir='ltr'><strong>Bellarminns,</strong></span> <span class='ocrx_word' id='word_1_377' title='bbox 1483 2492 1586 2544; x_wconf 81' lang='lat' dir='ltr'><strong>librum</strong></span> <span class='ocrx_word' id='word_1_378' title='bbox 1606 2492 1844 2545; x_wconf 80' lang='lat' dir='ltr'><strong>Maccahaeorum</strong></span> <span class='ocrx_word' id='word_1_379' title='bbox 1856 2507 1982 2556; x_wconf 64' lang='lat' dir='ltr'><strong>necaone-</strong></span> 
     </span>
     <span class='ocr_line' id='line_1_27' title="bbox 152 2559 1968 2649; baseline 0.003 -24"><span class='ocrx_word' id='word_1_380' title='bbox 152 2571 336 2642; x_wconf 79' lang='grc'><strong>111141,</strong></span> <span class='ocrx_word' id='word_1_381' title='bbox 362 2591 388 2628; x_wconf 85' lang='grc'><strong>4.</strong></span> <span class='ocrx_word' id='word_1_382' title='bbox 409 2581 447 2631; x_wconf 88' lang='lat'><strong>10.</strong></span> <span class='ocrx_word' id='word_1_383' title='bbox 473 2593 545 2631; x_wconf 88' lang='grc'><strong>4444</strong></span> <span class='ocrx_word' id='word_1_384' title='bbox 566 2582 622 2634; x_wconf 85' lang='grc'><strong>188.</strong></span> <span class='ocrx_word' id='word_1_385' title='bbox 642 2576 736 2632; x_wconf 88' lang='lat' dir='ltr'><strong>literas</strong></span> <span class='ocrx_word' id='word_1_386' title='bbox 753 2578 850 2632; x_wconf 88' lang='lat' dir='ltr'><strong>scribit</strong></span> <span class='ocrx_word' id='word_1_387' title='bbox 866 2579 903 2632; x_wconf 91' lang='lat' dir='ltr'><strong>ad</strong></span> <span class='ocrx_word' id='word_1_388' title='bbox 921 2578 983 2631; x_wconf 86' lang='lat' dir='ltr'><strong>Ari·</strong></span> <span class='ocrx_word' id='word_1_389' title='bbox 1012 2590 1067 2626; x_wconf 81' lang='lat' dir='ltr'><strong>uon</strong></span> <span class='ocrx_word' id='word_1_390' title='bbox 1101 2590 1160 2628; x_wconf 87' lang='lat' dir='ltr'><strong>esse</strong></span> <span class='ocrx_word' id='word_1_391' title='bbox 1193 2577 1358 2629; x_wconf 83' lang='lat' dir='ltr'><strong>canonicum</strong></span> <span class='ocrx_word' id='word_1_392' title='bbox 1396 2579 1477 2646; x_wconf 81' lang='lat' dir='ltr'><strong>apud</strong></span> <span class='ocrx_word' id='word_1_393' title='bbox 1505 2578 1648 2643; x_wconf 78' lang='lat' dir='ltr'><strong>Judueos,</strong></span> <span class='ocrx_word' id='word_1_394' title='bbox 1682 2579 1734 2631; x_wconf 80' lang='grc'><strong>4441</strong></span> <span class='ocrx_word' id='word_1_395' title='bbox 1764 2578 1846 2646; x_wconf 83' lang='lat' dir='ltr'><strong>apud</strong></span> <span class='ocrx_word' id='word_1_396' title='bbox 1857 2559 1968 2649; x_wconf 59' lang='lat' dir='ltr'><strong>ffiffl&#39;</strong></span> 
     </span>
     <span class='ocr_line' id='line_1_28' title="bbox 152 2657 1959 2762; baseline 0.003 -51"><span class='ocrx_word' id='word_1_397' title='bbox 152 2659 292 2714; x_wconf 91' lang='lat' dir='ltr'><strong>stobulnm</strong></span> <span class='ocrx_word' id='word_1_398' title='bbox 312 2660 505 2731; x_wconf 73' lang='lat' dir='ltr'><strong>magistratum</strong></span> <span class='ocrx_word' id='word_1_399' title='bbox 517 2662 678 2728; x_wconf 73' lang='lat' dir='ltr'><strong>Ptolemaei,</strong></span> <span class='ocrx_word' id='word_1_400' title='bbox 696 2663 825 2717; x_wconf 79' lang='lat' dir='ltr'><strong>nimirum</strong></span> <span class='ocrx_word' id='word_1_401' title='bbox 842 2664 983 2730; x_wconf 75' lang='grc'><strong>4441436,</strong></span> <span class='ocrx_word' id='word_1_402' title='bbox 1012 2657 1202 2726; x_wconf 73' lang='lat' dir='ltr'><strong>ceraticum,</strong></span> <span class='ocrx_word' id='word_1_403' title='bbox 1229 2662 1368 2729; x_wconf 79' lang='lat' dir='ltr'><strong>siquidem</strong></span> <span class='ocrx_word' id='word_1_404' title='bbox 1392 2662 1510 2716; x_wconf 83' lang='grc'><strong>44414414</strong></span> <span class='ocrx_word' id='word_1_405' title='bbox 1527 2663 1660 2716; x_wconf 79' lang='lat' dir='ltr'><strong>uniuerso</strong></span> <span class='ocrx_word' id='word_1_406' title='bbox 1686 2662 1753 2732; x_wconf 78' lang='lat' dir='ltr'><strong>legit</strong></span> <span class='ocrx_word' id='word_1_407' title='bbox 1772 2663 1844 2717; x_wconf 77' lang='lat' dir='ltr'><strong>tuac</strong></span> <span class='ocrx_word' id='word_1_408' title='bbox 1856 2660 1959 2762; x_wconf 49' lang='lat' dir='ltr'><strong>affl?</strong></span> 
     </span>
     <span class='ocr_line' id='line_1_29' title="bbox 151 2745 1953 2815; baseline 0.003 -17"><span class='ocrx_word' id='word_1_409' title='bbox 151 2750 298 2815; x_wconf 85' lang='lat' dir='ltr'><strong>postquam</strong></span> <span class='ocrx_word' id='word_1_410' title='bbox 315 2751 376 2799; x_wconf 89' lang='lat' dir='ltr'><strong>erat</strong></span> <span class='ocrx_word' id='word_1_411' title='bbox 392 2752 523 2802; x_wconf 90' lang='lat' dir='ltr'><strong>mortuus.</strong></span> <span class='ocrx_word' id='word_1_412' title='bbox 567 2747 630 2802; x_wconf 82' lang='lat' dir='ltr'><strong>Lib.</strong></span> <span class='ocrx_word' id='word_1_413' title='bbox 647 2754 668 2802; x_wconf 91' lang='lat' dir='ltr'><strong>l.</strong></span> <span class='ocrx_word' id='word_1_414' title='bbox 694 2763 716 2803; x_wconf 92' lang='grc'><strong>4.</strong></span> <span class='ocrx_word' id='word_1_415' title='bbox 736 2754 765 2812; x_wconf 88' lang='grc'><strong>4,</strong></span> <span class='ocrx_word' id='word_1_416' title='bbox 782 2766 808 2802; x_wconf 86' lang='grc'><strong>4.</strong></span> <span class='ocrx_word' id='word_1_417' title='bbox 824 2754 865 2805; x_wconf 89' lang='grc'><strong>36.</strong></span> <span class='ocrx_word' id='word_1_418' title='bbox 894 2747 984 2803; x_wconf 85' lang='grc'><strong>14444</strong></span> <span class='ocrx_word' id='word_1_419' title='bbox 1011 2745 1161 2800; x_wconf 71' lang='grc'><strong>1144444414</strong></span> <span class='ocrx_word' id='word_1_420' title='bbox 1179 2746 1267 2800; x_wconf 76' lang='lat' dir='ltr'><strong>mista</strong></span> <span class='ocrx_word' id='word_1_421' title='bbox 1285 2754 1311 2801; x_wconf 86' lang='lat' dir='ltr'><strong>et</strong></span> <span class='ocrx_word' id='word_1_422' title='bbox 1328 2756 1458 2802; x_wconf 77' lang='grc'><strong>44444444</strong></span> <span class='ocrx_word' id='word_1_423' title='bbox 1478 2764 1540 2802; x_wconf 72' lang='lat' dir='ltr'><strong>eam</strong></span> <span class='ocrx_word' id='word_1_424' title='bbox 1557 2765 1619 2802; x_wconf 86' lang='lat' dir='ltr'><strong>cum</strong></span> <span class='ocrx_word' id='word_1_425' title='bbox 1637 2748 1953 2804; x_wconf 73' lang='grc'><strong>4141414111441444444</strong></span> 
     </span>
     <span class='ocr_line' id='line_1_30' title="bbox 151 2828 1846 2903; baseline 0.003 -19"><span class='ocrx_word' id='word_1_426' title='bbox 151 2829 285 2902; x_wconf 91' lang='lat' dir='ltr'><strong>templum</strong></span> <span class='ocrx_word' id='word_1_427' title='bbox 315 2848 452 2903; x_wconf 88' lang='lat' dir='ltr'><strong>purgasse</strong></span> <span class='ocrx_word' id='word_1_428' title='bbox 483 2833 584 2889; x_wconf 89' lang='lat' dir='ltr'><strong>dieitur</strong></span> <span class='ocrx_word' id='word_1_429' title='bbox 612 2839 677 2888; x_wconf 86' lang='lat' dir='ltr'><strong>ante</strong></span> <span class='ocrx_word' id='word_1_430' title='bbox 709 2841 825 2890; x_wconf 86' lang='lat' dir='ltr'><strong>mortem</strong></span> <span class='ocrx_word' id='word_1_431' title='bbox 854 2835 985 2890; x_wconf 84' lang='lat' dir='ltr'><strong>Antiochi</strong></span> <span class='ocrx_word' id='word_1_432' title='bbox 1011 2828 1159 2885; x_wconf 88' lang='lat' dir='ltr'><strong>concilium</strong></span> <span class='ocrx_word' id='word_1_433' title='bbox 1177 2831 1396 2903; x_wconf 84' lang='lat' dir='ltr'><strong>carthaginense</strong></span> <span class='ocrx_word' id='word_1_434' title='bbox 1409 2831 1462 2887; x_wconf 90' lang='lat'><strong>111.</strong></span> <span class='ocrx_word' id='word_1_435' title='bbox 1481 2839 1594 2890; x_wconf 80' lang='grc'><strong>44447.</strong></span> <span class='ocrx_word' id='word_1_436' title='bbox 1625 2831 1846 2889; x_wconf 87' lang='grc'><strong>1444444414414</strong></span> 
     </span>
     <span class='ocr_line' id='line_1_31' title="bbox 151 2915 1843 2993; baseline 0.003 -23"><span class='ocrx_word' id='word_1_437' title='bbox 151 2921 216 2986; x_wconf 87' lang='lat' dir='ltr'><strong>post</strong></span> <span class='ocrx_word' id='word_1_438' title='bbox 233 2917 362 2988; x_wconf 81' lang='lat' dir='ltr'><strong>fugatum</strong></span> <span class='ocrx_word' id='word_1_439' title='bbox 377 2915 507 2988; x_wconf 69' lang='lat' dir='ltr'><strong>Lysiam,</strong></span> <span class='ocrx_word' id='word_1_440' title='bbox 526 2919 653 2975; x_wconf 75' lang='lat' dir='ltr'><strong>attiae.</strong></span> <span class='ocrx_word' id='word_1_441' title='bbox 672 2935 697 2976; x_wconf 94' lang='grc'><strong>4.</strong></span> <span class='ocrx_word' id='word_1_442' title='bbox 718 2921 986 2993; x_wconf 74' lang='lat' dir='ltr'><strong>tuinpnnupost</strong></span> <span class='ocrx_word' id='word_1_443' title='bbox 1011 2917 1091 2985; x_wconf 81' lang='lat' dir='ltr'><strong>epist</strong></span> <span class='ocrx_word' id='word_1_444' title='bbox 1121 2916 1158 2972; x_wconf 88' lang='lat' dir='ltr'><strong>ad</strong></span> <span class='ocrx_word' id='word_1_445' title='bbox 1176 2916 1360 2989; x_wconf 87' lang='lat' dir='ltr'><strong>Exuperium,</strong></span> <span class='ocrx_word' id='word_1_446' title='bbox 1389 2918 1565 2990; x_wconf 87' lang='lat' dir='ltr'><strong>Augustinus</strong></span> <span class='ocrx_word' id='word_1_447' title='bbox 1591 2917 1702 2976; x_wconf 84' lang='lat' dir='ltr'><strong>tib.1e.</strong></span> <span class='ocrx_word' id='word_1_448' title='bbox 1729 2920 1765 2975; x_wconf 89' lang='grc'><strong>44</strong></span> <span class='ocrx_word' id='word_1_449' title='bbox 1790 2919 1843 2976; x_wconf 83' lang='grc'><strong>414.</strong></span> 
     </span>
     <span class='ocr_line' id='line_1_32' title="bbox 153 3001 1846 3079; baseline 0.002 -23"><span class='ocrx_word' id='word_1_450' title='bbox 153 3009 268 3057; x_wconf 89' lang='lat' dir='ltr'><strong>mortem</strong></span> <span class='ocrx_word' id='word_1_451' title='bbox 300 3002 433 3057; x_wconf 86' lang='lat' dir='ltr'><strong>Antiochi</strong></span> <span class='ocrx_word' id='word_1_452' title='bbox 469 3003 571 3058; x_wconf 88' lang='lat' dir='ltr'><strong>dicitur</strong></span> <span class='ocrx_word' id='word_1_453' title='bbox 606 3003 683 3061; x_wconf 85' lang='grc'><strong>14444</strong></span> <span class='ocrx_word' id='word_1_454' title='bbox 716 3006 813 3078; x_wconf 83' lang='lat' dir='ltr'><strong>templi</strong></span> <span class='ocrx_word' id='word_1_455' title='bbox 848 3008 985 3079; x_wconf 84' lang='lat' dir='ltr'><strong>purgatio.</strong></span> <span class='ocrx_word' id='word_1_456' title='bbox 1012 3001 1066 3056; x_wconf 87' lang='lat' dir='ltr'><strong>Dei</strong></span> <span class='ocrx_word' id='word_1_457' title='bbox 1084 3019 1147 3074; x_wconf 85' lang='lat' dir='ltr'><strong>cap.</strong></span> <span class='ocrx_word' id='word_1_458' title='bbox 1164 3009 1205 3060; x_wconf 90' lang='grc'><strong>36.</strong></span> <span class='ocrx_word' id='word_1_459' title='bbox 1245 3004 1292 3059; x_wconf 82' lang='lat' dir='ltr'><strong>Ad</strong></span> <span class='ocrx_word' id='word_1_460' title='bbox 1312 3003 1504 3074; x_wconf 88' lang='lat' dir='ltr'><strong>probationem</strong></span> <span class='ocrx_word' id='word_1_461' title='bbox 1522 3004 1606 3073; x_wconf 93' lang='lat' dir='ltr'><strong>dicit,</strong></span> <span class='ocrx_word' id='word_1_462' title='bbox 1630 3013 1774 3060; x_wconf 83' lang='lat' dir='ltr'><strong>auctorem</strong></span> <span class='ocrx_word' id='word_1_463' title='bbox 1789 3022 1846 3060; x_wconf 83' lang='grc'><strong>444</strong></span> 
     </span>
     <span class='ocr_line' id='line_1_33' title="bbox 152 3087 1846 3165; baseline 0.002 -24"><span class='ocrx_word' id='word_1_464' title='bbox 152 3087 213 3143; x_wconf 89' lang='lat' dir='ltr'><strong>Lib.</strong></span> <span class='ocrx_word' id='word_1_465' title='bbox 231 3093 257 3143; x_wconf 90' lang='grc'><strong>1.</strong></span> <span class='ocrx_word' id='word_1_466' title='bbox 283 3104 307 3141; x_wconf 91' lang='grc'><strong>4.</strong></span> <span class='ocrx_word' id='word_1_467' title='bbox 328 3093 375 3154; x_wconf 89' lang='grc'><strong>16,</strong></span> <span class='ocrx_word' id='word_1_468' title='bbox 397 3104 423 3144; x_wconf 80' lang='lat' dir='ltr'><strong>v.</strong></span> <span class='ocrx_word' id='word_1_469' title='bbox 442 3094 471 3145; x_wconf 92' lang='grc'><strong>11</strong></span> <span class='ocrx_word' id='word_1_470' title='bbox 501 3089 657 3144; x_wconf 89' lang='lat' dir='ltr'><strong>Antiochus</strong></span> <span class='ocrx_word' id='word_1_471' title='bbox 683 3091 808 3163; x_wconf 88' lang='lat' dir='ltr'><strong>Eupator</strong></span> <span class='ocrx_word' id='word_1_472' title='bbox 830 3092 986 3165; x_wconf 85' lang='lat' dir='ltr'><strong>Epiphania</strong></span> <span class='ocrx_word' id='word_1_473' title='bbox 1011 3097 1107 3157; x_wconf 80' lang='lat' dir='ltr'><strong>petere</strong></span> <span class='ocrx_word' id='word_1_474' title='bbox 1124 3091 1235 3144; x_wconf 81' lang='lat' dir='ltr'><strong>venium</strong></span> <span class='ocrx_word' id='word_1_475' title='bbox 1261 3107 1403 3156; x_wconf 79' lang='lat' dir='ltr'><strong>ert-orum,</strong></span> <span class='ocrx_word' id='word_1_476' title='bbox 1422 3092 1474 3145; x_wconf 85' lang='lat' dir='ltr'><strong>sed</strong></span> <span class='ocrx_word' id='word_1_477' title='bbox 1492 3091 1671 3158; x_wconf 71' lang='grc'><strong>4144444414,</strong></span> <span class='ocrx_word' id='word_1_478' title='bbox 1689 3107 1743 3160; x_wconf 75' lang='lat' dir='ltr'><strong>ouo</strong></span> <span class='ocrx_word' id='word_1_479' title='bbox 1763 3092 1846 3146; x_wconf 78' lang='lat' dir='ltr'><strong>modo</strong></span> 
     </span>
     <span class='ocr_line' id='line_1_34' title="bbox 152 3171 1849 3250; baseline 0.004 -24"><span class='ocrx_word' id='word_1_480' title='bbox 152 3171 226 3227; x_wconf 91' lang='lat' dir='ltr'><strong>filins</strong></span> <span class='ocrx_word' id='word_1_481' title='bbox 249 3179 379 3244; x_wconf 90' lang='lat' dir='ltr'><strong>suscepto</strong></span> <span class='ocrx_word' id='word_1_482' title='bbox 397 3191 484 3247; x_wconf 86' lang='lat' dir='ltr'><strong>regno</strong></span> <span class='ocrx_word' id='word_1_483' title='bbox 503 3175 617 3245; x_wconf 83' lang='lat' dir='ltr'><strong>Lysiam</strong></span> <span class='ocrx_word' id='word_1_484' title='bbox 640 3177 720 3248; x_wconf 89' lang='lat' dir='ltr'><strong>regni</strong></span> <span class='ocrx_word' id='word_1_485' title='bbox 738 3177 857 3249; x_wconf 90' lang='lat' dir='ltr'><strong>negotiis</strong></span> <span class='ocrx_word' id='word_1_486' title='bbox 878 3179 987 3250; x_wconf 83' lang='lat' dir='ltr'><strong>praese-</strong></span> <span class='ocrx_word' id='word_1_487' title='bbox 1014 3176 1098 3229; x_wconf 83' lang='lat' dir='ltr'><strong>eta&#39;um</strong></span> <span class='ocrx_word' id='word_1_488' title='bbox 1113 3177 1224 3231; x_wconf 80' lang='lat' dir='ltr'><strong>Paulm</strong></span> <span class='ocrx_word' id='word_1_489' title='bbox 1240 3185 1353 3233; x_wconf 84' lang='grc'><strong>4444444</strong></span> <span class='ocrx_word' id='word_1_490' title='bbox 1371 3177 1567 3231; x_wconf 70' lang='lat' dir='ltr'><strong>sermonumt·</strong></span> <span class='ocrx_word' id='word_1_491' title='bbox 1580 3177 1759 3245; x_wconf 74' lang='lat' dir='ltr'><strong>imperitiam.</strong></span> <span class='ocrx_word' id='word_1_492' title='bbox 1793 3175 1849 3232; x_wconf 87' lang='lat' dir='ltr'><strong>Re·</strong></span> 
     </span>
     <span class='ocr_line' id='line_1_35' title="bbox 155 3258 1849 3335; baseline 0.004 -24"><span class='ocrx_word' id='word_1_493' title='bbox 155 3258 226 3313; x_wconf 90' lang='lat' dir='ltr'><strong>cisse</strong></span> <span class='ocrx_word' id='word_1_494' title='bbox 241 3258 357 3324; x_wconf 70' lang='grc'><strong>41414444</strong></span> <span class='ocrx_word' id='word_1_495' title='bbox 375 3265 405 3314; x_wconf 90' lang='grc'><strong>44</strong></span> <span class='ocrx_word' id='word_1_496' title='bbox 423 3260 471 3316; x_wconf 90' lang='lat' dir='ltr'><strong>lib.</strong></span> <span class='ocrx_word' id='word_1_497' title='bbox 495 3267 516 3317; x_wconf 90' lang='grc'><strong>1.</strong></span> <span class='ocrx_word' id='word_1_498' title='bbox 532 3278 556 3318; x_wconf 92' lang='grc'><strong>4.</strong></span> <span class='ocrx_word' id='word_1_499' title='bbox 575 3268 606 3328; x_wconf 89' lang='grc'><strong>6,</strong></span> <span class='ocrx_word' id='word_1_500' title='bbox 625 3280 652 3320; x_wconf 80' lang='lat' dir='ltr'><strong>v.</strong></span> <span class='ocrx_word' id='word_1_501' title='bbox 673 3270 713 3319; x_wconf 83' lang='grc'><strong>11.</strong></span> <span class='ocrx_word' id='word_1_502' title='bbox 732 3263 833 3335; x_wconf 87' lang='lat' dir='ltr'><strong>Lysias</strong></span> <span class='ocrx_word' id='word_1_503' title='bbox 852 3266 902 3321; x_wconf 92' lang='lat' dir='ltr'><strong>diu</strong></span> <span class='ocrx_word' id='word_1_504' title='bbox 922 3275 986 3323; x_wconf 79' lang='lat' dir='ltr'><strong>anto</strong></span> <span class='ocrx_word' id='word_1_505' title='bbox 1014 3261 1193 3331; x_wconf 89' lang='lat' dir='ltr'><strong>spondemus:</strong></span> <span class='ocrx_word' id='word_1_506' title='bbox 1223 3267 1244 3318; x_wconf 95' lang='grc'><strong>1.</strong></span> <span class='ocrx_word' id='word_1_507' title='bbox 1270 3261 1300 3316; x_wconf 89' lang='lat' dir='ltr'><strong>Si</strong></span> <span class='ocrx_word' id='word_1_508' title='bbox 1322 3263 1376 3317; x_wconf 93' lang='lat' dir='ltr'><strong>hoc</strong></span> <span class='ocrx_word' id='word_1_509' title='bbox 1401 3279 1486 3317; x_wconf 89' lang='lat' dir='ltr'><strong>sensu</strong></span> <span class='ocrx_word' id='word_1_510' title='bbox 1513 3278 1603 3317; x_wconf 89' lang='lat' dir='ltr'><strong>canon</strong></span> <span class='ocrx_word' id='word_1_511' title='bbox 1629 3262 1802 3318; x_wconf 76' lang='lat' dir='ltr'><strong>ludaeorum</strong></span> <span class='ocrx_word' id='word_1_512' title='bbox 1829 3276 1849 3317; x_wconf 88' lang='lat' dir='ltr'><strong>a</strong></span> 
     </span>
     <span class='ocr_line' id='line_1_36' title="bbox 153 3342 1847 3422; baseline 0.003 -25"><span class='ocrx_word' id='word_1_513' title='bbox 153 3342 324 3412; x_wconf 88' lang='lat' dir='ltr'><strong>reipublicae</strong></span> <span class='ocrx_word' id='word_1_514' title='bbox 348 3344 472 3414; x_wconf 82' lang='lat' dir='ltr'><strong>praefuit</strong></span> <span class='ocrx_word' id='word_1_515' title='bbox 495 3354 524 3401; x_wconf 92' lang='lat' dir='ltr'><strong>et</strong></span> <span class='ocrx_word' id='word_1_516' title='bbox 554 3349 721 3404; x_wconf 89' lang='lat' dir='ltr'><strong>Antiochum</strong></span> <span class='ocrx_word' id='word_1_517' title='bbox 745 3367 840 3422; x_wconf 88' lang='lat' dir='ltr'><strong>regem</strong></span> <span class='ocrx_word' id='word_1_518' title='bbox 869 3354 989 3409; x_wconf 77' lang='lat' dir='ltr'><strong>matituit</strong></span> <span class='ocrx_word' id='word_1_519' title='bbox 1015 3362 1121 3401; x_wconf 83' lang='grc'><strong>444444</strong></span> <span class='ocrx_word' id='word_1_520' title='bbox 1133 3346 1351 3402; x_wconf 85' lang='lat' dir='ltr'><strong>Christianorum</strong></span> <span class='ocrx_word' id='word_1_521' title='bbox 1369 3348 1489 3405; x_wconf 71' lang='grc'><strong>414441.</strong></span> <span class='ocrx_word' id='word_1_522' title='bbox 1501 3348 1535 3402; x_wconf 89' lang='grc' dir='ltr'><strong>Τ.</strong></span> <span class='ocrx_word' id='word_1_523' title='bbox 1553 3348 1639 3403; x_wconf 90' lang='lat' dir='ltr'><strong>libros</strong></span> <span class='ocrx_word' id='word_1_524' title='bbox 1655 3346 1847 3418; x_wconf 86' lang='lat' dir='ltr'><strong>distinguitur,</strong></span> 
     </span>
     <span class='ocr_line' id='line_1_37' title="bbox 153 3429 1849 3506; baseline 0.009 -24"><span class='ocrx_word' id='word_1_525' title='bbox 153 3443 272 3499; x_wconf 87' lang='lat' dir='ltr'><strong>eumque</strong></span> <span class='ocrx_word' id='word_1_526' title='bbox 287 3429 459 3501; x_wconf 80' lang='lat' dir='ltr'><strong>Eupatorem</strong></span> <span class='ocrx_word' id='word_1_527' title='bbox 481 3433 602 3490; x_wconf 83' lang='lat' dir='ltr'><strong>vocavit.</strong></span> <span class='ocrx_word' id='word_1_528' title='bbox 637 3433 816 3505; x_wconf 71' lang='lat' dir='ltr'><strong>summatim,</strong></span> <span class='ocrx_word' id='word_1_529' title='bbox 834 3455 897 3493; x_wconf 87' lang='lat' dir='ltr'><strong>eum</strong></span> <span class='ocrx_word' id='word_1_530' title='bbox 916 3438 988 3495; x_wconf 85' lang='lat' dir='ltr'><strong>liber</strong></span> <span class='ocrx_word' id='word_1_531' title='bbox 1015 3433 1090 3502; x_wconf 73' lang='lat' dir='ltr'><strong>quod</strong></span> <span class='ocrx_word' id='word_1_532' title='bbox 1109 3439 1220 3504; x_wconf 68' lang='lat' dir='ltr'><strong>prttter</strong></span> <span class='ocrx_word' id='word_1_533' title='bbox 1235 3433 1321 3488; x_wconf 71' lang='grc'><strong>111404</strong></span> <span class='ocrx_word' id='word_1_534' title='bbox 1346 3451 1412 3488; x_wconf 64' lang='grc'><strong>1440</strong></span> <span class='ocrx_word' id='word_1_535' title='bbox 1429 3440 1457 3489; x_wconf 75' lang='lat' dir='ltr'><strong>tt</strong></span> <span class='ocrx_word' id='word_1_536' title='bbox 1480 3435 1592 3504; x_wconf 67' lang='lat' dir='ltr'><strong>proprie</strong></span> <span class='ocrx_word' id='word_1_537' title='bbox 1610 3435 1772 3502; x_wconf 67' lang='grc'><strong>1110411004,</strong></span> <span class='ocrx_word' id='word_1_538' title='bbox 1800 3434 1849 3506; x_wconf 73' lang='lat' dir='ltr'><strong>qui</strong></span> 
     </span>
     <span class='ocr_line' id='line_1_38' title="bbox 156 3514 1848 3593; baseline 0.003 -22"><span class='ocrx_word' id='word_1_539' title='bbox 156 3514 293 3569; x_wconf 81' lang='grc'><strong>44444444</strong></span> <span class='ocrx_word' id='word_1_540' title='bbox 311 3517 423 3571; x_wconf 68' lang='lat' dir='ltr'><strong>eudem</strong></span> <span class='ocrx_word' id='word_1_541' title='bbox 442 3517 579 3582; x_wconf 86' lang='lat' dir='ltr'><strong>historias,</strong></span> <span class='ocrx_word' id='word_1_542' title='bbox 599 3536 670 3590; x_wconf 87' lang='lat' dir='ltr'><strong>quae</strong></span> <span class='ocrx_word' id='word_1_543' title='bbox 684 3521 814 3591; x_wconf 88' lang='lat' dir='ltr'><strong>inprime</strong></span> <span class='ocrx_word' id='word_1_544' title='bbox 832 3523 988 3593; x_wconf 71' lang='lat' dir='ltr'><strong>descriptae</strong></span> <span class='ocrx_word' id='word_1_545' title='bbox 1015 3519 1067 3572; x_wconf 91' lang='lat' dir='ltr'><strong>soli</strong></span> <span class='ocrx_word' id='word_1_546' title='bbox 1084 3518 1202 3574; x_wconf 90' lang='lat' dir='ltr'><strong>suntad</strong></span> <span class='ocrx_word' id='word_1_547' title='bbox 1220 3519 1353 3590; x_wconf 90' lang='lat' dir='ltr'><strong>dogmata</strong></span> <span class='ocrx_word' id='word_1_548' title='bbox 1369 3518 1435 3574; x_wconf 89' lang='lat' dir='ltr'><strong>fidei</strong></span> <span class='ocrx_word' id='word_1_549' title='bbox 1445 3519 1590 3590; x_wconf 87' lang='lat' dir='ltr'><strong>probanda</strong></span> <span class='ocrx_word' id='word_1_550' title='bbox 1603 3519 1738 3590; x_wconf 82' lang='lat' dir='ltr'><strong>efficaces,</strong></span> <span class='ocrx_word' id='word_1_551' title='bbox 1757 3520 1848 3577; x_wconf 89' lang='lat' dir='ltr'><strong>eccle-</strong></span> 
     </span>
     <span class='ocr_line' id='line_1_39' title="bbox 155 3602 1850 3677; baseline 0.009 -24"><span class='ocrx_word' id='word_1_552' title='bbox 155 3608 227 3666; x_wconf 76' lang='lat' dir='ltr'><strong>uuut,</strong></span> <span class='ocrx_word' id='word_1_553' title='bbox 244 3607 359 3669; x_wconf 77' lang='lat' dir='ltr'><strong>retexat,</strong></span> <span class='ocrx_word' id='word_1_554' title='bbox 376 3602 464 3657; x_wconf 86' lang='lat' dir='ltr'><strong>mults</strong></span> <span class='ocrx_word' id='word_1_555' title='bbox 481 3603 629 3670; x_wconf 78' lang='lat' dir='ltr'><strong>admiscet,</strong></span> <span class='ocrx_word' id='word_1_556' title='bbox 648 3614 744 3677; x_wconf 79' lang='lat' dir='ltr'><strong>utpote</strong></span> <span class='ocrx_word' id='word_1_557' title='bbox 766 3609 801 3662; x_wconf 85' lang='lat' dir='ltr'><strong>ds</strong></span> <span class='ocrx_word' id='word_1_558' title='bbox 819 3609 988 3665; x_wconf 79' lang='lat' dir='ltr'><strong>admirandis</strong></span> <span class='ocrx_word' id='word_1_559' title='bbox 1015 3604 1057 3657; x_wconf 80' lang='lat' dir='ltr'><strong>siu</strong></span> <span class='ocrx_word' id='word_1_560' title='bbox 1083 3602 1239 3658; x_wconf 77' lang='lat' dir='ltr'><strong>Christiane</strong></span> <span class='ocrx_word' id='word_1_561' title='bbox 1264 3604 1400 3675; x_wconf 77' lang='lat' dir='ltr'><strong>quosdam</strong></span> <span class='ocrx_word' id='word_1_562' title='bbox 1425 3608 1466 3659; x_wconf 80' lang='lat' dir='ltr'><strong>un</strong></span> <span class='ocrx_word' id='word_1_563' title='bbox 1493 3624 1601 3660; x_wconf 80' lang='lat' dir='ltr'><strong>murum</strong></span> <span class='ocrx_word' id='word_1_564' title='bbox 1625 3607 1850 3668; x_wconf 73' lang='lat' dir='ltr'><strong>aedificationem</strong></span> 
     </span>
     <span class='ocr_line' id='line_1_40' title="bbox 155 3687 1847 3767; baseline 0.004 -28"><span class='ocrx_word' id='word_1_565' title='bbox 155 3687 375 3767; x_wconf 82' lang='lat' dir='ltr'><strong>apparitionibus</strong></span> <span class='ocrx_word' id='word_1_566' title='bbox 393 3691 422 3744; x_wconf 85' lang='lat' dir='ltr'><strong>in</strong></span> <span class='ocrx_word' id='word_1_567' title='bbox 440 3691 623 3760; x_wconf 74' lang='lat' dir='ltr'><strong>conflictibus,</strong></span> <span class='ocrx_word' id='word_1_568' title='bbox 643 3694 678 3748; x_wconf 69' lang='lat' dir='ltr'><strong>do</strong></span> <span class='ocrx_word' id='word_1_569' title='bbox 695 3695 816 3750; x_wconf 68' lang='lat' dir='ltr'><strong>numeri.</strong></span> <span class='ocrx_word' id='word_1_570' title='bbox 833 3695 988 3752; x_wconf 63' lang='lat' dir='ltr'><strong>interfecto.</strong></span> <span class='ocrx_word' id='word_1_571' title='bbox 1016 3690 1121 3745; x_wconf 87' lang='lat' dir='ltr'><strong>utiliter</strong></span> <span class='ocrx_word' id='word_1_572' title='bbox 1132 3689 1264 3760; x_wconf 89' lang='lat' dir='ltr'><strong>legendos</strong></span> <span class='ocrx_word' id='word_1_573' title='bbox 1279 3689 1423 3760; x_wconf 86' lang='lat' dir='ltr'><strong>receperit,</strong></span> <span class='ocrx_word' id='word_1_574' title='bbox 1442 3689 1646 3745; x_wconf 88' lang='lat' dir='ltr'><strong>distinctionem</strong></span> <span class='ocrx_word' id='word_1_575' title='bbox 1661 3691 1847 3757; x_wconf 86' lang='lat' dir='ltr'><strong>concedimus,</strong></span> 
     </span>
     <span class='ocr_line' id='line_1_41' title="bbox 154 3774 1849 3850; baseline 0.001 -20"><span class='ocrx_word' id='word_1_576' title='bbox 154 3791 216 3828; x_wconf 90' lang='lat' dir='ltr'><strong>rum</strong></span> <span class='ocrx_word' id='word_1_577' title='bbox 233 3778 285 3829; x_wconf 89' lang='lat' dir='ltr'><strong>etc.</strong></span> <span class='ocrx_word' id='word_1_578' title='bbox 314 3790 431 3846; x_wconf 89' lang='lat' dir='ltr'><strong>quorum</strong></span> <span class='ocrx_word' id='word_1_579' title='bbox 465 3793 518 3832; x_wconf 89' lang='lat' dir='ltr'><strong>nec</strong></span> <span class='ocrx_word' id='word_1_580' title='bbox 535 3777 641 3848; x_wconf 91' lang='lat' dir='ltr'><strong>primus</strong></span> <span class='ocrx_word' id='word_1_581' title='bbox 666 3779 909 3850; x_wconf 77' lang='lat' dir='ltr'><strong>Maccahaeorum,</strong></span> <span class='ocrx_word' id='word_1_582' title='bbox 937 3801 989 3838; x_wconf 73' lang='lat' dir='ltr'><strong>noo</strong></span> <span class='ocrx_word' id='word_1_583' title='bbox 1016 3778 1065 3831; x_wconf 91' lang='lat' dir='ltr'><strong>sed</strong></span> <span class='ocrx_word' id='word_1_584' title='bbox 1085 3775 1221 3839; x_wconf 88' lang='lat' dir='ltr'><strong>addimus,</strong></span> <span class='ocrx_word' id='word_1_585' title='bbox 1241 3775 1312 3830; x_wconf 89' lang='lat' dir='ltr'><strong>hanc</strong></span> <span class='ocrx_word' id='word_1_586' title='bbox 1326 3774 1461 3830; x_wconf 88' lang='lat' dir='ltr'><strong>ecclesiae</strong></span> <span class='ocrx_word' id='word_1_587' title='bbox 1474 3776 1659 3845; x_wconf 92' lang='lat' dir='ltr'><strong>receptionem</strong></span> <span class='ocrx_word' id='word_1_588' title='bbox 1672 3793 1849 3849; x_wconf 85' lang='lat' dir='ltr'><strong>nequaquam</strong></span> 
     </span>
     <span class='ocr_line' id='line_1_42' title="bbox 154 3859 1849 3935; baseline 0.002 -19"><span class='ocrx_word' id='word_1_589' title='bbox 154 3859 292 3931; x_wconf 81' lang='lat' dir='ltr'><strong>Joaephus</strong></span> <span class='ocrx_word' id='word_1_590' title='bbox 310 3861 500 3916; x_wconf 89' lang='lat' dir='ltr'><strong>meminerunt.</strong></span> <span class='ocrx_word' id='word_1_591' title='bbox 538 3868 561 3920; x_wconf 86' lang='grc'><strong>1.</strong></span> <span class='ocrx_word' id='word_1_592' title='bbox 579 3862 642 3920; x_wconf 85' lang='lat' dir='ltr'><strong>Non</strong></span> <span class='ocrx_word' id='word_1_593' title='bbox 660 3871 704 3919; x_wconf 90' lang='lat' dir='ltr'><strong>est</strong></span> <span class='ocrx_word' id='word_1_594' title='bbox 719 3871 847 3935; x_wconf 85' lang='lat' dir='ltr'><strong>receptus</strong></span> <span class='ocrx_word' id='word_1_595' title='bbox 861 3868 890 3921; x_wconf 85' lang='lat' dir='ltr'><strong>in</strong></span> <span class='ocrx_word' id='word_1_596' title='bbox 908 3885 989 3925; x_wconf 74' lang='lat' dir='ltr'><strong>uano.</strong></span> <span class='ocrx_word' id='word_1_597' title='bbox 1016 3861 1134 3927; x_wconf 87' lang='lat' dir='ltr'><strong>efficere,</strong></span> <span class='ocrx_word' id='word_1_598' title='bbox 1154 3867 1187 3915; x_wconf 90' lang='lat' dir='ltr'><strong>ut</strong></span> <span class='ocrx_word' id='word_1_599' title='bbox 1203 3878 1254 3931; x_wconf 91' lang='lat' dir='ltr'><strong>pro</strong></span> <span class='ocrx_word' id='word_1_600' title='bbox 1271 3860 1412 3916; x_wconf 90' lang='lat' dir='ltr'><strong>canonicis</strong></span> <span class='ocrx_word' id='word_1_601' title='bbox 1430 3862 1540 3933; x_wconf 90' lang='lat' dir='ltr'><strong>proprie</strong></span> <span class='ocrx_word' id='word_1_602' title='bbox 1552 3862 1593 3917; x_wconf 91' lang='lat' dir='ltr'><strong>sic</strong></span> <span class='ocrx_word' id='word_1_603' title='bbox 1609 3863 1692 3918; x_wconf 86' lang='lat' dir='ltr'><strong>dictis</strong></span> <span class='ocrx_word' id='word_1_604' title='bbox 1708 3869 1736 3919; x_wconf 92' lang='lat' dir='ltr'><strong>et</strong></span> <span class='ocrx_word' id='word_1_605' title='bbox 1754 3863 1849 3919; x_wconf 79' lang='lat' dir='ltr'><strong>dirim</strong></span> 
     </span>
     <span class='ocr_line' id='line_1_43' title="bbox 154 3946 1849 4021; baseline 0.004 -22"><span class='ocrx_word' id='word_1_606' title='bbox 154 3963 217 4002; x_wconf 91' lang='lat' dir='ltr'><strong>nem</strong></span> <span class='ocrx_word' id='word_1_607' title='bbox 250 3947 287 4001; x_wconf 91' lang='lat' dir='ltr'><strong>ab</strong></span> <span class='ocrx_word' id='word_1_608' title='bbox 319 3946 437 4003; x_wconf 87' lang='lat' dir='ltr'><strong>ecclesia</strong></span> <span class='ocrx_word' id='word_1_609' title='bbox 459 3946 593 4015; x_wconf 86' lang='grc'><strong>1444144,</strong></span> <span class='ocrx_word' id='word_1_610' title='bbox 624 3949 669 4003; x_wconf 92' lang='grc'><strong>441</strong></span> <span class='ocrx_word' id='word_1_611' title='bbox 696 3949 731 4004; x_wconf 78' lang='grc' dir='ltr'><strong>ια’</strong></span> <span class='ocrx_word' id='word_1_612' title='bbox 751 3951 830 4021; x_wconf 69' lang='grc' dir='ltr'><strong><em>λόγια</em></strong></span> <span class='ocrx_word' id='word_1_613' title='bbox 853 3959 902 4007; x_wconf 74' lang='lat' dir='ltr'><strong>soe</strong></span> <span class='ocrx_word' id='word_1_614' title='bbox 920 3957 988 4008; x_wconf 69' lang='lat' dir='ltr'><strong>etot</strong></span> <span class='ocrx_word' id='word_1_615' title='bbox 1016 3949 1196 4019; x_wconf 86' lang='lat' dir='ltr'><strong>inspiratione</strong></span> <span class='ocrx_word' id='word_1_616' title='bbox 1214 3947 1406 4003; x_wconf 88' lang='lat' dir='ltr'><strong>editishaberi</strong></span> <span class='ocrx_word' id='word_1_617' title='bbox 1424 3948 1541 4019; x_wconf 88' lang='lat' dir='ltr'><strong>possint,</strong></span> <span class='ocrx_word' id='word_1_618' title='bbox 1558 3949 1625 4021; x_wconf 90' lang='lat' dir='ltr'><strong>quia</strong></span> <span class='ocrx_word' id='word_1_619' title='bbox 1641 3955 1712 4004; x_wconf 84' lang='lat' dir='ltr'><strong>teste</strong></span> <span class='ocrx_word' id='word_1_620' title='bbox 1729 3949 1849 4021; x_wconf 90' lang='lat' dir='ltr'><strong>ipsomet</strong></span> 
     </span>
     <span class='ocr_line' id='line_1_44' title="bbox 153 4032 1846 4108; baseline 0.002 -21"><span class='ocrx_word' id='word_1_621' title='bbox 153 4033 232 4088; x_wconf 87' lang='lat' dir='ltr'><strong>fuere</strong></span> <span class='ocrx_word' id='word_1_622' title='bbox 255 4032 415 4088; x_wconf 89' lang='lat' dir='ltr'><strong>concredita</strong></span> <span class='ocrx_word' id='word_1_623' title='bbox 437 4032 517 4088; x_wconf 85' lang='lat' dir='ltr'><strong>Rom.</strong></span> <span class='ocrx_word' id='word_1_624' title='bbox 539 4038 568 4097; x_wconf 85' lang='grc'><strong>1,</strong></span> <span class='ocrx_word' id='word_1_625' title='bbox 590 4040 659 4088; x_wconf 79' lang='grc'><strong>41.</strong></span> <span class='ocrx_word' id='word_1_626' title='bbox 704 4036 881 4108; x_wconf 82' lang='lat' dir='ltr'><strong>Augustinus</strong></span> <span class='ocrx_word' id='word_1_627' title='bbox 905 4042 922 4094; x_wconf 73' lang='lat' dir='ltr'><strong>i</strong></span> <span class='ocrx_word' id='word_1_628' title='bbox 948 4047 987 4097; x_wconf 76' lang='lat'><strong>10,</strong></span> <span class='ocrx_word' id='word_1_629' title='bbox 1016 4035 1185 4090; x_wconf 88' lang='lat' dir='ltr'><strong>Bellarmiuo</strong></span> <span class='ocrx_word' id='word_1_630' title='bbox 1204 4035 1222 4090; x_wconf 92' lang='grc'><strong>1.</strong></span> <span class='ocrx_word' id='word_1_631' title='bbox 1243 4041 1265 4091; x_wconf 93' lang='grc'><strong>1.</strong></span> <span class='ocrx_word' id='word_1_632' title='bbox 1284 4034 1319 4088; x_wconf 88' lang='grc'><strong>44</strong></span> <span class='ocrx_word' id='word_1_633' title='bbox 1337 4033 1422 4088; x_wconf 80' lang='lat' dir='ltr'><strong>verbo</strong></span> <span class='ocrx_word' id='word_1_634' title='bbox 1440 4033 1494 4090; x_wconf 90' lang='lat' dir='ltr'><strong>Dei</strong></span> <span class='ocrx_word' id='word_1_635' title='bbox 1512 4050 1537 4090; x_wconf 93' lang='grc'><strong>4.</strong></span> <span class='ocrx_word' id='word_1_636' title='bbox 1561 4041 1600 4092; x_wconf 86' lang='lat' dir='ltr'><strong>lu.</strong></span> <span class='ocrx_word' id='word_1_637' title='bbox 1621 4033 1650 4106; x_wconf 67' lang='grc' dir='ltr'><strong>ξ.</strong></span> <span class='ocrx_word' id='word_1_638' title='bbox 1674 4034 1774 4106; x_wconf 90' lang='lat' dir='ltr'><strong>ltaque</strong></span> <span class='ocrx_word' id='word_1_639' title='bbox 1792 4040 1846 4090; x_wconf 89' lang='lat' dir='ltr'><strong>etc.</strong></span> 
     </span>
     <span class='ocr_line' id='line_1_45' title="bbox 154 4119 1847 4196; baseline 0 -23"><span class='ocrx_word' id='word_1_640' title='bbox 154 4119 189 4174; x_wconf 92' lang='grc'><strong>44</strong></span> <span class='ocrx_word' id='word_1_641' title='bbox 205 4119 256 4173; x_wconf 91' lang='grc'><strong>414.</strong></span> <span class='ocrx_word' id='word_1_642' title='bbox 275 4119 330 4174; x_wconf 91' lang='lat' dir='ltr'><strong>Dei</strong></span> <span class='ocrx_word' id='word_1_643' title='bbox 353 4134 377 4174; x_wconf 92' lang='lat' dir='ltr'><strong>c.</strong></span> <span class='ocrx_word' id='word_1_644' title='bbox 398 4124 439 4174; x_wconf 86' lang='grc'><strong>34.</strong></span> <span class='ocrx_word' id='word_1_645' title='bbox 463 4119 482 4174; x_wconf 95' lang='lat' dir='ltr'><strong>l.</strong></span> <span class='ocrx_word' id='word_1_646' title='bbox 503 4125 527 4174; x_wconf 90' lang='grc'><strong>1.</strong></span> <span class='ocrx_word' id='word_1_647' title='bbox 553 4125 627 4176; x_wconf 90' lang='lat' dir='ltr'><strong>cont.</strong></span> <span class='ocrx_word' id='word_1_648' title='bbox 647 4121 728 4193; x_wconf 90' lang='lat' dir='ltr'><strong>epist.</strong></span> <span class='ocrx_word' id='word_1_649' title='bbox 753 4121 844 4178; x_wconf 81' lang='lat' dir='ltr'><strong>Gaud.</strong></span> <span class='ocrx_word' id='word_1_650' title='bbox 863 4141 924 4196; x_wconf 89' lang='lat' dir='ltr'><strong>cap.</strong></span> <span class='ocrx_word' id='word_1_651' title='bbox 946 4132 986 4182; x_wconf 87' lang='grc'><strong>13.</strong></span> <span class='ocrx_word' id='word_1_652' title='bbox 1015 4122 1132 4176; x_wconf 82' lang='grc'><strong>44414414</strong></span> <span class='ocrx_word' id='word_1_653' title='bbox 1150 4121 1230 4175; x_wconf 82' lang='lat' dir='ltr'><strong>nullo</strong></span> <span class='ocrx_word' id='word_1_654' title='bbox 1246 4123 1331 4175; x_wconf 83' lang='lat' dir='ltr'><strong>modo</strong></span> <span class='ocrx_word' id='word_1_655' title='bbox 1345 4123 1444 4185; x_wconf 76' lang='lat' dir='ltr'><strong>fucere</strong></span> <span class='ocrx_word' id='word_1_656' title='bbox 1456 4129 1551 4189; x_wconf 87' lang='lat' dir='ltr'><strong>potest</strong></span> <span class='ocrx_word' id='word_1_657' title='bbox 1559 4120 1664 4175; x_wconf 83' lang='lat' dir='ltr'><strong>librum</strong></span> <span class='ocrx_word' id='word_1_658' title='bbox 1682 4120 1847 4174; x_wconf 84' lang='grc'><strong>4444414444</strong></span> 
     </span>
     <span class='ocr_line' id='line_1_46' title="bbox 155 4204 1848 4279; baseline 0.004 -18"><span class='ocrx_word' id='word_1_659' title='bbox 155 4204 357 4261; x_wconf 80' lang='grc'><strong>8114414144</strong></span> <span class='ocrx_word' id='word_1_660' title='bbox 375 4204 561 4260; x_wconf 90' lang='lat' dir='ltr'><strong>testimouium</strong></span> <span class='ocrx_word' id='word_1_661' title='bbox 577 4205 680 4262; x_wconf 87' lang='lat' dir='ltr'><strong>Christi</strong></span> <span class='ocrx_word' id='word_1_662' title='bbox 697 4208 741 4263; x_wconf 84' lang='lat' dir='ltr'><strong>vel</strong></span> <span class='ocrx_word' id='word_1_663' title='bbox 760 4210 946 4279; x_wconf 90' lang='lat' dir='ltr'><strong>apostolorum</strong></span> <span class='ocrx_word' id='word_1_664' title='bbox 959 4213 987 4268; x_wconf 92' lang='grc'><strong>14</strong></span> <span class='ocrx_word' id='word_1_665' title='bbox 1015 4209 1050 4262; x_wconf 73' lang='lat' dir='ltr'><strong>dt</strong></span> <span class='ocrx_word' id='word_1_666' title='bbox 1068 4224 1125 4259; x_wconf 68' lang='lat'>&#39;³⁰¹⁸</span> <span class='ocrx_word' id='word_1_667' title='bbox 1143 4207 1287 4262; x_wconf 67' lang='grc'><strong>40406160.</strong></span> <span class='ocrx_word' id='word_1_668' title='bbox 1319 4205 1360 4262; x_wconf 71' lang='lat' dir='ltr'><strong>Ut</strong></span> <span class='ocrx_word' id='word_1_669' title='bbox 1370 4222 1427 4260; x_wconf 71' lang='lat'><strong>1¹⁰8</strong></span> <span class='ocrx_word' id='word_1_670' title='bbox 1439 4211 1482 4260; x_wconf 70' lang='grc'><strong>041</strong></span> <span class='ocrx_word' id='word_1_671' title='bbox 1498 4205 1616 4262; x_wconf 65' lang='grc' dir='ltr'><strong>41114θὶ8</strong></span> <span class='ocrx_word' id='word_1_672' title='bbox 1626 4204 1661 4261; x_wconf 83' lang='lat' dir='ltr'><strong>V·</strong></span> <span class='ocrx_word' id='word_1_673' title='bbox 1673 4211 1703 4260; x_wconf 71' lang='lat' dir='ltr'><strong>ti</strong></span> <span class='ocrx_word' id='word_1_674' title='bbox 1714 4204 1747 4260; x_wconf 78' lang='lat' dir='ltr'><strong>N·</strong></span> <span class='ocrx_word' id='word_1_675' title='bbox 1761 4205 1794 4262; x_wconf 79' lang='lat' dir='ltr'><strong>&#39;P-</strong></span> <span class='ocrx_word' id='word_1_676' title='bbox 1807 4205 1848 4260; x_wconf 67' lang='lat' dir='ltr'><strong>iit</strong></span> 
     </span>
     <span class='ocr_line' id='line_1_47' title="bbox 154 4290 1848 4363; baseline -0.001 -16"><span class='ocrx_word' id='word_1_677' title='bbox 154 4291 187 4348; x_wconf 86' lang='lat' dir='ltr'><strong>N.</strong></span> <span class='ocrx_word' id='word_1_678' title='bbox 211 4291 244 4346; x_wconf 85' lang='grc' dir='ltr'><strong>Τ.</strong></span> <span class='ocrx_word' id='word_1_679' title='bbox 286 4296 310 4346; x_wconf 80' lang='lat' dir='ltr'><strong>a.</strong></span> <span class='ocrx_word' id='word_1_680' title='bbox 328 4291 356 4346; x_wconf 91' lang='lat' dir='ltr'><strong>A</strong></span> <span class='ocrx_word' id='word_1_681' title='bbox 384 4292 540 4363; x_wconf 83' lang='lat' dir='ltr'><strong>primitivae</strong></span> <span class='ocrx_word' id='word_1_682' title='bbox 565 4293 700 4348; x_wconf 86' lang='lat' dir='ltr'><strong>ecelesiae</strong></span> <span class='ocrx_word' id='word_1_683' title='bbox 726 4294 886 4351; x_wconf 90' lang='lat' dir='ltr'><strong>doctoribus</strong></span> <span class='ocrx_word' id='word_1_684' title='bbox 910 4303 987 4353; x_wconf 85' lang='lat' dir='ltr'><strong>extra</strong></span> <span class='ocrx_word' id='word_1_685' title='bbox 1015 4308 1127 4363; x_wconf 87' lang='lat' dir='ltr'><strong>quoqne</strong></span> <span class='ocrx_word' id='word_1_686' title='bbox 1160 4309 1247 4346; x_wconf 92' lang='lat' dir='ltr'><strong>unum</strong></span> <span class='ocrx_word' id='word_1_687' title='bbox 1277 4290 1450 4362; x_wconf 89' lang='lat' dir='ltr'><strong>eundemque</strong></span> <span class='ocrx_word' id='word_1_688' title='bbox 1481 4295 1591 4360; x_wconf 87' lang='lat' dir='ltr'><strong>oportet</strong></span> <span class='ocrx_word' id='word_1_689' title='bbox 1627 4305 1689 4346; x_wconf 87' lang='lat' dir='ltr'><strong>esse</strong></span> <span class='ocrx_word' id='word_1_690' title='bbox 1713 4307 1848 4348; x_wconf 88' lang='lat' dir='ltr'><strong>canonem</strong></span> 
     </span>
     <span class='ocr_line' id='line_1_48' title="bbox 153 4368 1846 4448; baseline 0 -16"><span class='ocrx_word' id='word_1_691' title='bbox 153 4394 286 4433; x_wconf 80' lang='grc'><strong>44444441</strong></span> <span class='ocrx_word' id='word_1_692' title='bbox 303 4368 431 4448; x_wconf 84' lang='lat' dir='ltr'><strong>ponitur.</strong></span> <span class='ocrx_word' id='word_1_693' title='bbox 480 4378 617 4435; x_wconf 86' lang='lat' dir='ltr'><strong>Videatur</strong></span> <span class='ocrx_word' id='word_1_694' title='bbox 646 4378 774 4434; x_wconf 85' lang='lat' dir='ltr'><strong>Clemens</strong></span> <span class='ocrx_word' id='word_1_695' title='bbox 808 4381 888 4437; x_wconf 87' lang='lat' dir='ltr'><strong>Rom.</strong></span> <span class='ocrx_word' id='word_1_696' title='bbox 920 4383 937 4437; x_wconf 92' lang='grc' dir='ltr'><strong>Ι.</strong></span> <span class='ocrx_word' id='word_1_697' title='bbox 964 4390 986 4440; x_wconf 91' lang='lat'><strong>1.</strong></span> <span class='ocrx_word' id='word_1_698' title='bbox 1013 4378 1146 4433; x_wconf 91' lang='lat' dir='ltr'><strong>librorum</strong></span> <span class='ocrx_word' id='word_1_699' title='bbox 1164 4377 1199 4433; x_wconf 87' lang='lat' dir='ltr'><strong>V.</strong></span> <span class='ocrx_word' id='word_1_700' title='bbox 1213 4377 1247 4432; x_wconf 86' lang='grc' dir='ltr'><strong>Τ.</strong></span> <span class='ocrx_word' id='word_1_701' title='bbox 1267 4382 1296 4432; x_wconf 86' lang='grc'><strong>44</strong></span> <span class='ocrx_word' id='word_1_702' title='bbox 1312 4376 1413 4431; x_wconf 82' lang='lat' dir='ltr'><strong>veteris</strong></span> <span class='ocrx_word' id='word_1_703' title='bbox 1430 4382 1459 4431; x_wconf 91' lang='lat' dir='ltr'><strong>ct</strong></span> <span class='ocrx_word' id='word_1_704' title='bbox 1477 4391 1565 4431; x_wconf 84' lang='grc'><strong>44444</strong></span> <span class='ocrx_word' id='word_1_705' title='bbox 1584 4375 1717 4431; x_wconf 88' lang='lat' dir='ltr'><strong>ecclesiae</strong></span> <span class='ocrx_word' id='word_1_706' title='bbox 1731 4377 1846 4447; x_wconf 88' lang='lat' dir='ltr'><strong>judicio,</strong></span> 
     </span>
     <span class='ocr_line' id='line_1_49' title="bbox 154 4461 1848 4535; baseline 0.001 -18"><span class='ocrx_word' id='word_1_707' title='bbox 154 4468 241 4518; x_wconf 90' lang='lat' dir='ltr'><strong>const.</strong></span> <span class='ocrx_word' id='word_1_708' title='bbox 259 4478 284 4519; x_wconf 91' lang='grc'><strong>4.</strong></span> <span class='ocrx_word' id='word_1_709' title='bbox 305 4467 329 4521; x_wconf 82' lang='grc'><strong>1.</strong></span> <span class='ocrx_word' id='word_1_710' title='bbox 348 4462 482 4534; x_wconf 88' lang='lat' dir='ltr'><strong>Origenes</strong></span> <span class='ocrx_word' id='word_1_711' title='bbox 501 4465 577 4534; x_wconf 89' lang='lat' dir='ltr'><strong>apud</strong></span> <span class='ocrx_word' id='word_1_712' title='bbox 596 4465 747 4520; x_wconf 83' lang='lat' dir='ltr'><strong>Eusebium</strong></span> <span class='ocrx_word' id='word_1_713' title='bbox 771 4466 986 4525; x_wconf 89' lang='grc'><strong>1.6.4.15.14</strong></span> <span class='ocrx_word' id='word_1_714' title='bbox 1015 4482 1077 4519; x_wconf 89' lang='lat' dir='ltr'><strong>nam</strong></span> <span class='ocrx_word' id='word_1_715' title='bbox 1104 4463 1225 4535; x_wconf 90' lang='lat' dir='ltr'><strong>populus</strong></span> <span class='ocrx_word' id='word_1_716' title='bbox 1254 4461 1290 4519; x_wconf 87' lang='lat' dir='ltr'><strong>N.</strong></span> <span class='ocrx_word' id='word_1_717' title='bbox 1312 4461 1345 4516; x_wconf 82' lang='lat' dir='ltr'><strong>T.</strong></span> <span class='ocrx_word' id='word_1_718' title='bbox 1369 4479 1387 4517; x_wconf 90' lang='lat' dir='ltr'><strong>a</strong></span> <span class='ocrx_word' id='word_1_719' title='bbox 1409 4461 1512 4533; x_wconf 91' lang='lat' dir='ltr'><strong>populo</strong></span> <span class='ocrx_word' id='word_1_720' title='bbox 1536 4461 1691 4519; x_wconf 77' lang='grc'><strong>1444411444</strong></span> <span class='ocrx_word' id='word_1_721' title='bbox 1714 4479 1848 4519; x_wconf 74' lang='lat' dir='ltr'><strong>maenam</strong></span> 
     </span>
     <span class='ocr_line' id='line_1_50' title="bbox 154 4546 1848 4622; baseline 0 -19"><span class='ocrx_word' id='word_1_722' title='bbox 154 4548 202 4604; x_wconf 82' lang='lat' dir='ltr'><strong>Gr.</strong></span> <span class='ocrx_word' id='word_1_723' title='bbox 220 4548 395 4603; x_wconf 89' lang='lat' dir='ltr'><strong>Athanasius</strong></span> <span class='ocrx_word' id='word_1_724' title='bbox 424 4549 453 4603; x_wconf 90' lang='lat' dir='ltr'><strong>in</strong></span> <span class='ocrx_word' id='word_1_725' title='bbox 483 4552 604 4622; x_wconf 83' lang='lat' dir='ltr'><strong>synopsi,</strong></span> <span class='ocrx_word' id='word_1_726' title='bbox 627 4551 774 4606; x_wconf 76' lang='lat' dir='ltr'><strong>mutilium</strong></span> <span class='ocrx_word' id='word_1_727' title='bbox 800 4554 986 4610; x_wconf 88' lang='lat' dir='ltr'><strong>Laodicennm</strong></span> <span class='ocrx_word' id='word_1_728' title='bbox 1013 4551 1048 4607; x_wconf 89' lang='lat' dir='ltr'><strong>V.</strong></span> <span class='ocrx_word' id='word_1_729' title='bbox 1068 4550 1100 4606; x_wconf 90' lang='grc' dir='ltr'><strong>Τ.</strong></span> <span class='ocrx_word' id='word_1_730' title='bbox 1124 4550 1236 4621; x_wconf 90' lang='lat' dir='ltr'><strong>accipit.</strong></span> <span class='ocrx_word' id='word_1_731' title='bbox 1254 4548 1357 4604; x_wconf 73' lang='grc'><strong>(144144</strong></span> <span class='ocrx_word' id='word_1_732' title='bbox 1380 4546 1570 4620; x_wconf 87' lang='lat' dir='ltr'><strong>Augustinum</strong></span> <span class='ocrx_word' id='word_1_733' title='bbox 1599 4548 1647 4604; x_wconf 91' lang='lat' dir='ltr'><strong>lib.</strong></span> <span class='ocrx_word' id='word_1_734' title='bbox 1672 4555 1710 4606; x_wconf 87' lang='grc'><strong>16.</strong></span> <span class='ocrx_word' id='word_1_735' title='bbox 1737 4550 1773 4605; x_wconf 91' lang='grc'><strong>44</strong></span> <span class='ocrx_word' id='word_1_736' title='bbox 1796 4550 1848 4604; x_wconf 83' lang='grc'><strong>414.</strong></span> 
     </span>
     <span class='ocr_line' id='line_1_51' title="bbox 154 4633 1849 4708; baseline 0.001 -18"><span class='ocrx_word' id='word_1_737' title='bbox 154 4652 213 4690; x_wconf 89' lang='lat' dir='ltr'><strong>can.</strong></span> <span class='ocrx_word' id='word_1_738' title='bbox 233 4641 272 4691; x_wconf 81' lang='lat'><strong>59.</strong></span> <span class='ocrx_word' id='word_1_739' title='bbox 297 4633 445 4689; x_wconf 91' lang='lat' dir='ltr'><strong>concilium</strong></span> <span class='ocrx_word' id='word_1_740' title='bbox 474 4635 693 4708; x_wconf 77' lang='lat' dir='ltr'><strong>carthaginense</strong></span> <span class='ocrx_word' id='word_1_741' title='bbox 723 4638 798 4708; x_wconf 90' lang='lat' dir='ltr'><strong>apud</strong></span> <span class='ocrx_word' id='word_1_742' title='bbox 830 4640 986 4696; x_wconf 88' lang='lat' dir='ltr'><strong>Balsamon.</strong></span> <span class='ocrx_word' id='word_1_743' title='bbox 1015 4637 1069 4692; x_wconf 90' lang='lat' dir='ltr'><strong>Dei</strong></span> <span class='ocrx_word' id='word_1_744' title='bbox 1096 4653 1158 4707; x_wconf 90' lang='lat' dir='ltr'><strong>cap.</strong></span> <span class='ocrx_word' id='word_1_745' title='bbox 1180 4642 1220 4690; x_wconf 83' lang='grc'><strong>31.</strong></span> <span class='ocrx_word' id='word_1_746' title='bbox 1247 4635 1295 4689; x_wconf 94' lang='lat' dir='ltr'><strong>lib.</strong></span> <span class='ocrx_word' id='word_1_747' title='bbox 1317 4641 1356 4691; x_wconf 91' lang='grc'><strong>11.</strong></span> <span class='ocrx_word' id='word_1_748' title='bbox 1381 4642 1479 4689; x_wconf 76' lang='lat' dir='ltr'><strong>centn</strong></span> <span class='ocrx_word' id='word_1_749' title='bbox 1501 4634 1637 4690; x_wconf 79' lang='lat' dir='ltr'><strong>Faustum</strong></span> <span class='ocrx_word' id='word_1_750' title='bbox 1655 4653 1717 4706; x_wconf 89' lang='lat' dir='ltr'><strong>cap.</strong></span> <span class='ocrx_word' id='word_1_751' title='bbox 1737 4641 1778 4693; x_wconf 89' lang='grc'><strong>13.</strong></span> <span class='ocrx_word' id='word_1_752' title='bbox 1796 4641 1849 4692; x_wconf 90' lang='lat' dir='ltr'><strong>etc.</strong></span> 
     </span>
     <span class='ocr_line' id='line_1_52' title="bbox 154 4719 1850 4793; baseline -0.001 -17"><span class='ocrx_word' id='word_1_753' title='bbox 154 4737 215 4792; x_wconf 86' lang='lat' dir='ltr'><strong>cap.</strong></span> <span class='ocrx_word' id='word_1_754' title='bbox 236 4726 278 4776; x_wconf 84' lang='grc'><strong>41.</strong></span> <span class='ocrx_word' id='word_1_755' title='bbox 297 4719 422 4774; x_wconf 84' lang='lat' dir='ltr'><strong>Hilarius</strong></span> <span class='ocrx_word' id='word_1_756' title='bbox 441 4720 470 4774; x_wconf 92' lang='lat' dir='ltr'><strong>iu</strong></span> <span class='ocrx_word' id='word_1_757' title='bbox 490 4721 559 4791; x_wconf 88' lang='lat' dir='ltr'><strong>prol.</strong></span> <span class='ocrx_word' id='word_1_758' title='bbox 577 4722 638 4777; x_wconf 92' lang='lat' dir='ltr'><strong>sub.</strong></span> <span class='ocrx_word' id='word_1_759' title='bbox 657 4723 727 4792; x_wconf 89' lang='lat' dir='ltr'><strong>psal.</strong></span> <span class='ocrx_word' id='word_1_760' title='bbox 747 4723 939 4782; x_wconf 77' lang='lat' dir='ltr'><strong>Nazianzenus</strong></span> <span class='ocrx_word' id='word_1_761' title='bbox 957 4726 987 4782; x_wconf 92' lang='lat' dir='ltr'><strong>in</strong></span> <span class='ocrx_word' id='word_1_762' title='bbox 1016 4730 1040 4778; x_wconf 90' lang='grc'><strong>1.</strong></span> <span class='ocrx_word' id='word_1_763' title='bbox 1055 4722 1084 4779; x_wconf 81' lang='lat' dir='ltr'><strong>Si</strong></span> <span class='ocrx_word' id='word_1_764' title='bbox 1104 4727 1212 4793; x_wconf 87' lang='lat' dir='ltr'><strong>partem</strong></span> <span class='ocrx_word' id='word_1_765' title='bbox 1232 4721 1361 4791; x_wconf 87' lang='lat' dir='ltr'><strong>aliquam.</strong></span> <span class='ocrx_word' id='word_1_766' title='bbox 1374 4719 1533 4792; x_wconf 75' lang='lat' dir='ltr'><strong>scripturae</strong></span> <span class='ocrx_word' id='word_1_767' title='bbox 1557 4722 1707 4778; x_wconf 87' lang='lat' dir='ltr'><strong>canonicae</strong></span> <span class='ocrx_word' id='word_1_768' title='bbox 1733 4722 1850 4778; x_wconf 87' lang='lat' dir='ltr'><strong>eeclesia</strong></span> 
     </span>
     <span class='ocr_line' id='line_1_53' title="bbox 155 4803 1850 4882; baseline 0.001 -21"><span class='ocrx_word' id='word_1_769' title='bbox 155 4807 268 4862; x_wconf 87' lang='lat' dir='ltr'><strong>carmin.</strong></span> <span class='ocrx_word' id='word_1_770' title='bbox 290 4803 504 4875; x_wconf 89' lang='lat' dir='ltr'><strong>Amphilochius</strong></span> <span class='ocrx_word' id='word_1_771' title='bbox 522 4807 552 4859; x_wconf 93' lang='lat' dir='ltr'><strong>in</strong></span> <span class='ocrx_word' id='word_1_772' title='bbox 564 4808 669 4877; x_wconf 80' lang='lat' dir='ltr'><strong>iambis</strong></span> <span class='ocrx_word' id='word_1_773' title='bbox 689 4810 725 4863; x_wconf 88' lang='lat' dir='ltr'><strong>ad</strong></span> <span class='ocrx_word' id='word_1_774' title='bbox 743 4809 849 4865; x_wconf 83' lang='lat' dir='ltr'><strong>Selene.</strong></span> <span class='ocrx_word' id='word_1_775' title='bbox 867 4811 989 4882; x_wconf 86' lang='lat' dir='ltr'><strong>Cyrillus</strong></span> <span class='ocrx_word' id='word_1_776' title='bbox 1014 4808 1136 4865; x_wconf 86' lang='grc'><strong>1444144</strong></span> <span class='ocrx_word' id='word_1_777' title='bbox 1153 4813 1278 4878; x_wconf 90' lang='lat' dir='ltr'><strong>tempore</strong></span> <span class='ocrx_word' id='word_1_778' title='bbox 1295 4805 1399 4863; x_wconf 83' lang='lat' dir='ltr'><strong>Christi</strong></span> <span class='ocrx_word' id='word_1_779' title='bbox 1420 4806 1585 4878; x_wconf 86' lang='lat' dir='ltr'><strong>respuisset,</strong></span> <span class='ocrx_word' id='word_1_780' title='bbox 1611 4808 1708 4878; x_wconf 89' lang='lat' dir='ltr'><strong>utique</strong></span> <span class='ocrx_word' id='word_1_781' title='bbox 1727 4807 1781 4863; x_wconf 90' lang='lat' dir='ltr'><strong>hoe</strong></span> <span class='ocrx_word' id='word_1_782' title='bbox 1800 4823 1850 4863; x_wconf 88' lang='lat' dir='ltr'><strong>no·</strong></span> 
     </span>
     <span class='ocr_line' id='line_1_54' title="bbox 155 4890 1851 4969; baseline 0.001 -22"><span class='ocrx_word' id='word_1_783' title='bbox 155 4890 339 4961; x_wconf 87' lang='lat' dir='ltr'><strong>Hierosolym.</strong></span> <span class='ocrx_word' id='word_1_784' title='bbox 358 4890 463 4945; x_wconf 89' lang='lat' dir='ltr'><strong>catech.</strong></span> <span class='ocrx_word' id='word_1_785' title='bbox 479 4897 503 4946; x_wconf 93' lang='grc'><strong>4.</strong></span> <span class='ocrx_word' id='word_1_786' title='bbox 530 4890 701 4949; x_wconf 81' lang='lat' dir='ltr'><strong>Busfinusin</strong></span> <span class='ocrx_word' id='word_1_787' title='bbox 719 4895 836 4966; x_wconf 88' lang='lat' dir='ltr'><strong>symbol.</strong></span> <span class='ocrx_word' id='word_1_788' title='bbox 854 4896 991 4969; x_wconf 60' lang='lat' dir='ltr'><strong>Hierony</strong></span> <span class='ocrx_word' id='word_1_789' title='bbox 1016 4895 1089 4949; x_wconf 89' lang='lat' dir='ltr'><strong>mine</strong></span> <span class='ocrx_word' id='word_1_790' title='bbox 1119 4892 1267 4950; x_wconf 88' lang='lat' dir='ltr'><strong>aChristo</strong></span> <span class='ocrx_word' id='word_1_791' title='bbox 1290 4898 1319 4948; x_wconf 91' lang='lat' dir='ltr'><strong>et</strong></span> <span class='ocrx_word' id='word_1_792' title='bbox 1334 4892 1583 4962; x_wconf 80' lang='lat' dir='ltr'><strong>apostolis&#39;tuisset</strong></span> <span class='ocrx_word' id='word_1_793' title='bbox 1602 4900 1707 4959; x_wconf 89' lang='lat' dir='ltr'><strong>taxata,</strong></span> <span class='ocrx_word' id='word_1_794' title='bbox 1731 4909 1794 4948; x_wconf 90' lang='lat' dir='ltr'><strong>cum</strong></span> <span class='ocrx_word' id='word_1_795' title='bbox 1813 4892 1851 4947; x_wconf 93' lang='lat' dir='ltr'><strong>de</strong></span> 
     </span>
     <span class='ocr_line' id='line_1_55' title="bbox 156 4975 1851 5054; baseline 0.001 -21"><span class='ocrx_word' id='word_1_796' title='bbox 156 4995 217 5033; x_wconf 91' lang='lat' dir='ltr'><strong>mua</strong></span> <span class='ocrx_word' id='word_1_797' title='bbox 238 4976 352 5049; x_wconf 73' lang='lat' dir='ltr'><strong>pram‘at.</strong></span> <span class='ocrx_word' id='word_1_798' title='bbox 370 4976 399 5030; x_wconf 92' lang='lat' dir='ltr'><strong>in</strong></span> <span class='ocrx_word' id='word_1_799' title='bbox 418 4975 467 5033; x_wconf 92' lang='grc'><strong>111.</strong></span> <span class='ocrx_word' id='word_1_800' title='bbox 483 4975 554 5047; x_wconf 84' lang='lat' dir='ltr'><strong>Reg.</strong></span> <span class='ocrx_word' id='word_1_801' title='bbox 572 4977 603 5031; x_wconf 92' lang='lat' dir='ltr'><strong>in</strong></span> <span class='ocrx_word' id='word_1_802' title='bbox 619 4978 751 5035; x_wconf 83' lang='lat' dir='ltr'><strong>Proverb.</strong></span> <span class='ocrx_word' id='word_1_803' title='bbox 776 4989 805 5037; x_wconf 94' lang='lat' dir='ltr'><strong>et</strong></span> <span class='ocrx_word' id='word_1_804' title='bbox 822 4981 850 5036; x_wconf 91' lang='lat' dir='ltr'><strong>iu</strong></span> <span class='ocrx_word' id='word_1_805' title='bbox 868 4983 992 5054; x_wconf 85' lang='lat' dir='ltr'><strong>Sapient.</strong></span> <span class='ocrx_word' id='word_1_806' title='bbox 1016 4979 1155 5035; x_wconf 89' lang='lat' dir='ltr'><strong>erroribus</strong></span> <span class='ocrx_word' id='word_1_807' title='bbox 1176 4979 1260 5050; x_wconf 90' lang='lat' dir='ltr'><strong>longe</strong></span> <span class='ocrx_word' id='word_1_808' title='bbox 1280 4977 1433 5033; x_wconf 87' lang='lat' dir='ltr'><strong>minoribus</strong></span> <span class='ocrx_word' id='word_1_809' title='bbox 1453 4984 1510 5033; x_wconf 91' lang='lat' dir='ltr'><strong>tam</strong></span> <span class='ocrx_word' id='word_1_810' title='bbox 1527 4978 1628 5034; x_wconf 87' lang='lat' dir='ltr'><strong>acriter</strong></span> <span class='ocrx_word' id='word_1_811' title='bbox 1646 4978 1803 5034; x_wconf 83' lang='lat' dir='ltr'><strong>sacerdotes</strong></span> <span class='ocrx_word' id='word_1_812' title='bbox 1821 4983 1851 5034; x_wconf 90' lang='lat' dir='ltr'><strong>et</strong></span> 
     </span>
     <span class='ocr_line' id='line_1_56' title="bbox 155 5059 1850 5136; baseline 0.004 -16"><span class='ocrx_word' id='word_1_813' title='bbox 155 5064 265 5133; x_wconf 75' lang='lat' dir='ltr'><strong>librum</strong></span> <span class='ocrx_word' id='word_1_814' title='bbox 277 5064 325 5134; x_wconf 86' lang='lat' dir='ltr'><strong>qui</strong></span> <span class='ocrx_word' id='word_1_815' title='bbox 338 5059 612 5131; x_wconf 57' lang='lat' dir='ltr'><strong>diuturnitatem,</strong></span> <span class='ocrx_word' id='word_1_816' title='bbox 625 5064 894 5123; x_wconf 78' lang='lat' dir='ltr'><strong>Richardmvictor.</strong></span> <span class='ocrx_word' id='word_1_817' title='bbox 907 5070 990 5127; x_wconf 74' lang='grc'><strong>1161.</strong></span> <span class='ocrx_word' id='word_1_818' title='bbox 1016 5064 1181 5120; x_wconf 77' lang='lat' dir='ltr'><strong>Pharisaeos</strong></span> <span class='ocrx_word' id='word_1_819' title='bbox 1198 5063 1410 5136; x_wconf 78' lang='lat' dir='ltr'><strong>reprehendant</strong></span> <span class='ocrx_word' id='word_1_820' title='bbox 1444 5062 1490 5118; x_wconf 83' lang='lat' dir='ltr'><strong>lta</strong></span> <span class='ocrx_word' id='word_1_821' title='bbox 1507 5062 1648 5119; x_wconf 78' lang='lat' dir='ltr'><strong>concludit</strong></span> <span class='ocrx_word' id='word_1_822' title='bbox 1667 5062 1803 5134; x_wconf 79' lang='lat' dir='ltr'><strong>origenes</strong></span> <span class='ocrx_word' id='word_1_823' title='bbox 1820 5063 1850 5118; x_wconf 86' lang='lat' dir='ltr'><strong>iu</strong></span> 
     </span>
     <span class='ocr_line' id='line_1_57' title="bbox 159 5147 1850 5226; baseline -0.001 -19"><span class='ocrx_word' id='word_1_824' title='bbox 159 5155 264 5222; x_wconf 86' lang='lat' dir='ltr'><strong>except</strong></span> <span class='ocrx_word' id='word_1_825' title='bbox 291 5166 353 5221; x_wconf 87' lang='lat' dir='ltr'><strong>cap.</strong></span> <span class='ocrx_word' id='word_1_826' title='bbox 373 5155 398 5206; x_wconf 81' lang='lat' dir='ltr'><strong>tl.</strong></span> <span class='ocrx_word' id='word_1_827' title='bbox 419 5155 471 5205; x_wconf 89' lang='grc'><strong>444.</strong></span> <span class='ocrx_word' id='word_1_828' title='bbox 509 5154 550 5205; x_wconf 88' lang='grc'><strong>16.</strong></span> <span class='ocrx_word' id='word_1_829' title='bbox 570 5147 685 5218; x_wconf 82' lang='lat' dir='ltr'><strong>ipsimet</strong></span> <span class='ocrx_word' id='word_1_830' title='bbox 702 5150 820 5206; x_wconf 87' lang='lat' dir='ltr'><strong>Romani</strong></span> <span class='ocrx_word' id='word_1_831' title='bbox 839 5154 992 5226; x_wconf 89' lang='lat' dir='ltr'><strong>pontifices,</strong></span> <span class='ocrx_word' id='word_1_832' title='bbox 1016 5157 1106 5207; x_wconf 89' lang='grc'><strong>44444.</strong></span> <span class='ocrx_word' id='word_1_833' title='bbox 1140 5151 1280 5207; x_wconf 82' lang='grc'><strong>44144144</strong></span> <span class='ocrx_word' id='word_1_834' title='bbox 1318 5149 1542 5220; x_wconf 89' lang='lat' dir='ltr'><strong>explanationum</strong></span> <span class='ocrx_word' id='word_1_835' title='bbox 1577 5149 1678 5205; x_wconf 87' lang='lat' dir='ltr'><strong>Esaiae</strong></span> <span class='ocrx_word' id='word_1_836' title='bbox 1713 5149 1850 5205; x_wconf 85' lang='grc'><strong>441444444</strong></span> 
     </span>
     <span class='ocr_line' id='line_1_58' title="bbox 14 5233 1849 5309; baseline -0.003 -14"><span class='ocrx_word' id='word_1_837' title='bbox 14 5253 82 5297; x_wconf 76' lang='grc'><strong>4441.</strong></span> <span class='ocrx_word' id='word_1_838' title='bbox 96 5252 142 5295; x_wconf 87' lang='lat' dir='ltr'><strong>tae.</strong></span> <span class='ocrx_word' id='word_1_839' title='bbox 157 5253 274 5309; x_wconf 90' lang='lat' dir='ltr'><strong>quorum</strong></span> <span class='ocrx_word' id='word_1_840' title='bbox 289 5234 428 5307; x_wconf 86' lang='lat' dir='ltr'><strong>judicium</strong></span> <span class='ocrx_word' id='word_1_841' title='bbox 444 5252 480 5291; x_wconf 88' lang='lat' dir='ltr'><strong>ex</strong></span> <span class='ocrx_word' id='word_1_842' title='bbox 497 5234 646 5305; x_wconf 89' lang='lat' dir='ltr'><strong>hypothesi</strong></span> <span class='ocrx_word' id='word_1_843' title='bbox 658 5234 835 5306; x_wconf 86' lang='lat' dir='ltr'><strong>Papistarnm</strong></span> <span class='ocrx_word' id='word_1_844' title='bbox 854 5245 897 5294; x_wconf 90' lang='lat' dir='ltr'><strong>est</strong></span> <span class='ocrx_word' id='word_1_845' title='bbox 912 5240 992 5295; x_wconf 82' lang='lat' dir='ltr'><strong>insal-</strong></span> <span class='ocrx_word' id='word_1_846' title='bbox 1016 5237 1187 5309; x_wconf 86' lang='lat' dir='ltr'><strong>Hieronymo</strong></span> <span class='ocrx_word' id='word_1_847' title='bbox 1205 5237 1236 5291; x_wconf 92' lang='lat' dir='ltr'><strong>in</strong></span> <span class='ocrx_word' id='word_1_848' title='bbox 1253 5252 1277 5293; x_wconf 90' lang='lat' dir='ltr'><strong>c.</strong></span> <span class='ocrx_word' id='word_1_849' title='bbox 1292 5241 1317 5294; x_wconf 89' lang='grc'><strong>6.</strong></span> <span class='ocrx_word' id='word_1_850' title='bbox 1332 5235 1440 5292; x_wconf 86' lang='lat' dir='ltr'><strong>Esaiae</strong></span> <span class='ocrx_word' id='word_1_851' title='bbox 1476 5236 1542 5307; x_wconf 90' lang='lat' dir='ltr'><strong>lpse</strong></span> <span class='ocrx_word' id='word_1_852' title='bbox 1553 5233 1739 5290; x_wconf 88' lang='lat' dir='ltr'><strong>Bellarminus</strong></span> <span class='ocrx_word' id='word_1_853' title='bbox 1758 5234 1804 5291; x_wconf 92' lang='lat' dir='ltr'><strong>lib.</strong></span> <span class='ocrx_word' id='word_1_854' title='bbox 1825 5239 1849 5291; x_wconf 81' lang='grc'><strong>1.</strong></span> 
     </span>
     <span class='ocr_line' id='line_1_59' title="bbox 156 5317 1850 5396; baseline 0.001 -20"><span class='ocrx_word' id='word_1_855' title='bbox 156 5321 248 5391; x_wconf 87' lang='lat' dir='ltr'><strong>libila,</strong></span> <span class='ocrx_word' id='word_1_856' title='bbox 280 5324 331 5384; x_wconf 77' lang='grc' dir='ltr'><strong>ἔξω</strong></span> <span class='ocrx_word' id='word_1_857' title='bbox 359 5325 410 5375; x_wconf 77' lang='grc' dir='ltr'><strong>τοῦ</strong></span> <span class='ocrx_word' id='word_1_858' title='bbox 447 5317 565 5381; x_wconf 79' lang='grc' dir='ltr'><strong><em>κανόνος</em></strong></span> <span class='ocrx_word' id='word_1_859' title='bbox 593 5320 669 5375; x_wconf 89' lang='lat' dir='ltr'><strong>hune</strong></span> <span class='ocrx_word' id='word_1_860' title='bbox 700 5321 801 5377; x_wconf 88' lang='lat' dir='ltr'><strong>librum</strong></span> <span class='ocrx_word' id='word_1_861' title='bbox 831 5331 991 5394; x_wconf 90' lang='lat' dir='ltr'><strong>posueruut.</strong></span> <span class='ocrx_word' id='word_1_862' title='bbox 1017 5326 1052 5380; x_wconf 93' lang='lat' dir='ltr'><strong>de</strong></span> <span class='ocrx_word' id='word_1_863' title='bbox 1071 5323 1283 5380; x_wconf 71' lang='lat' dir='ltr'><strong>ecclesiates.</strong></span> <span class='ocrx_word' id='word_1_864' title='bbox 1303 5317 1331 5396; x_wconf 57' lang='lat' dir='ltr'><strong>g.</strong></span> <span class='ocrx_word' id='word_1_865' title='bbox 1355 5320 1404 5377; x_wconf 89' lang='lat' dir='ltr'><strong>Ad</strong></span> <span class='ocrx_word' id='word_1_866' title='bbox 1421 5321 1533 5378; x_wconf 91' lang='lat' dir='ltr'><strong>tertiam</strong></span> <span class='ocrx_word' id='word_1_867' title='bbox 1546 5325 1599 5376; x_wconf 86' lang='lat' dir='ltr'><strong>eto.</strong></span> <span class='ocrx_word' id='word_1_868' title='bbox 1617 5320 1752 5393; x_wconf 88' lang='lat' dir='ltr'><strong>disputat,</strong></span> <span class='ocrx_word' id='word_1_869' title='bbox 1764 5321 1850 5377; x_wconf 84' lang='grc'><strong>44414-</strong></span> 
     </span>
     <span class='ocr_line' id='line_1_60' title="bbox 156 5405 1850 5483; baseline -0.001 -18"><span class='ocrx_word' id='word_1_870' title='bbox 156 5407 308 5479; x_wconf 84' lang='lat' dir='ltr'><strong>Gregorius</strong></span> <span class='ocrx_word' id='word_1_871' title='bbox 326 5406 514 5477; x_wconf 62' lang='grc'><strong>1144444111.</strong></span> <span class='ocrx_word' id='word_1_872' title='bbox 536 5411 575 5463; x_wconf 77' lang='grc'><strong>11.</strong></span> <span class='ocrx_word' id='word_1_873' title='bbox 596 5405 741 5483; x_wconf 79' lang='lat' dir='ltr'><strong>moralium</strong></span> <span class='ocrx_word' id='word_1_874' title='bbox 759 5415 839 5466; x_wconf 81' lang='grc'><strong>413.</strong></span> <span class='ocrx_word' id='word_1_875' title='bbox 874 5413 921 5465; x_wconf 84' lang='lat' dir='ltr'><strong>De</strong></span> <span class='ocrx_word' id='word_1_876' title='bbox 934 5430 991 5481; x_wconf 77' lang='lat' dir='ltr'><strong>guo</strong></span> <span class='ocrx_word' id='word_1_877' title='bbox 1016 5412 1089 5466; x_wconf 84' lang='grc'><strong>41444</strong></span> <span class='ocrx_word' id='word_1_878' title='bbox 1105 5410 1284 5465; x_wconf 72' lang='lat' dir='ltr'><strong>ludaeorum</strong></span> <span class='ocrx_word' id='word_1_879' title='bbox 1301 5416 1366 5464; x_wconf 84' lang='lat' dir='ltr'><strong>aute</strong></span> <span class='ocrx_word' id='word_1_880' title='bbox 1386 5408 1495 5466; x_wconf 78' lang='lat' dir='ltr'><strong>Christi</strong></span> <span class='ocrx_word' id='word_1_881' title='bbox 1518 5409 1669 5462; x_wconf 80' lang='grc'><strong>4414444444</strong></span> <span class='ocrx_word' id='word_1_882' title='bbox 1692 5424 1749 5463; x_wconf 84' lang='grc'><strong>444</strong></span> <span class='ocrx_word' id='word_1_883' title='bbox 1772 5409 1850 5472; x_wconf 73' lang='lat' dir='ltr'><strong>defe-</strong></span> 
     </span>
     <span class='ocr_line' id='line_1_61' title="bbox 155 5491 1850 5570; baseline 0.001 -21"><span class='ocrx_word' id='word_1_884' title='bbox 155 5492 317 5565; x_wconf 70' lang='grc'><strong>44144414,</strong></span> <span class='ocrx_word' id='word_1_885' title='bbox 340 5511 397 5549; x_wconf 85' lang='lat' dir='ltr'><strong>ooo</strong></span> <span class='ocrx_word' id='word_1_886' title='bbox 416 5494 578 5550; x_wconf 80' lang='lat' dir='ltr'><strong>inordinate</strong></span> <span class='ocrx_word' id='word_1_887' title='bbox 596 5492 715 5564; x_wconf 74' lang='lat' dir='ltr'><strong>agimur,</strong></span> <span class='ocrx_word' id='word_1_888' title='bbox 734 5494 764 5548; x_wconf 84' lang='grc'><strong>41</strong></span> <span class='ocrx_word' id='word_1_889' title='bbox 781 5511 814 5550; x_wconf 77' lang='lat' dir='ltr'><strong>ee</strong></span> <span class='ocrx_word' id='word_1_890' title='bbox 832 5495 915 5554; x_wconf 84' lang='lat' dir='ltr'><strong>libris</strong></span> <span class='ocrx_word' id='word_1_891' title='bbox 933 5515 989 5553; x_wconf 81' lang='grc'><strong>444</strong></span> <span class='ocrx_word' id='word_1_892' title='bbox 1017 5497 1097 5557; x_wconf 76' lang='lat' dir='ltr'><strong>cissa</strong></span> <span class='ocrx_word' id='word_1_893' title='bbox 1141 5493 1218 5570; x_wconf 76' lang='lat' dir='ltr'><strong>argo</strong></span> <span class='ocrx_word' id='word_1_894' title='bbox 1242 5493 1430 5552; x_wconf 84' lang='lat' dir='ltr'><strong>testimonium</strong></span> <span class='ocrx_word' id='word_1_895' title='bbox 1459 5493 1520 5564; x_wconf 79' lang='lat' dir='ltr'><strong>ojus</strong></span> <span class='ocrx_word' id='word_1_896' title='bbox 1541 5491 1578 5548; x_wconf 88' lang='grc'><strong>44</strong></span> <span class='ocrx_word' id='word_1_897' title='bbox 1602 5491 1682 5550; x_wconf 87' lang='grc'><strong>111414</strong></span> <span class='ocrx_word' id='word_1_898' title='bbox 1707 5493 1850 5552; x_wconf 74' lang='lat' dir='ltr'><strong>temnitis</strong></span> 
     </span>
    </p>
   </div>
   <div class='ocr_carea' id='block_1_3' title="bbox 0 0 2063 6004">
    <p class='ocr_par' dir='ltr' id='par_1_3' title="bbox 0 0 2063 6004">
     <span class='ocr_line' id='line_1_62' title="bbox 0 0 2063 6004; baseline 0 0"><span class='ocrx_word' id='word_1_899' title='bbox 0 0 2063 6004; x_wconf 95' lang='lat' dir='ltr'><strong> </strong></span> 
     </span>
    </p>
   </div>
  </div>
 </body>
</html>
