<?xml version="1.0" encoding="UTF-8"?>
<!DOCTYPE html PUBLIC "-//W3C//DTD XHTML 1.0 Transitional//EN"
    "http://www.w3.org/TR/xhtml1/DTD/xhtml1-transitional.dtd">
<html xmlns="http://www.w3.org/1999/xhtml" xml:lang="en" lang="en">
 <head>
  <title>
</title>
<meta http-equiv="Content-Type" content="text/html;charset=utf-8" />
  <meta name='ocr-system' content='tesseract 3.04.00' />
  <meta name='ocr-capabilities' content='ocr_page ocr_carea ocr_par ocr_line ocrx_word'/>
</head>
<body>
  <div class='ocr_page' id='page_1' title='image "./locitheologicit00gerhgoog/locitheologicit00gerhgoog_0056.png"; bbox 0 0 4104 6014; ppageno 0'>
   <div class='ocr_carea' id='block_1_1' title="bbox 886 240 1834 316">
    <p class='ocr_par' dir='ltr' id='par_1_1' title="bbox 886 240 1834 316">
     <span class='ocr_line' id='line_1_1' title="bbox 886 240 1834 316; baseline 0 -19"><span class='ocrx_word' id='word_1_1' title='bbox 886 241 939 298; x_wconf 79' lang='lat' dir='ltr'><strong>Da</strong></span> <span class='ocrx_word' id='word_1_2' title='bbox 957 240 1098 301; x_wconf 75' lang='lat' dir='ltr'><strong>MORTE.</strong></span> <span class='ocrx_word' id='word_1_3' title='bbox 1795 260 1834 316; x_wconf 76' lang='lat'><strong>45</strong></span> 
     </span>
    </p>
   </div>
   <div class='ocr_carea' id='block_1_2' title="bbox 50 398 1960 5324">
    <p class='ocr_par' dir='ltr' id='par_1_2' title="bbox 50 398 1960 5324">
     <span class='ocr_line' id='line_1_2' title="bbox 147 398 1838 474; baseline 0.005 -21"><span class='ocrx_word' id='word_1_4' title='bbox 147 404 294 471; x_wconf 88' lang='lat' dir='ltr'><strong>utrumque</strong></span> <span class='ocrx_word' id='word_1_5' title='bbox 322 398 396 456; x_wconf 91' lang='lat' dir='ltr'><strong>euim</strong></span> <span class='ocrx_word' id='word_1_6' title='bbox 428 399 562 470; x_wconf 81' lang='lat' dir='ltr'><strong>bonitati,</strong></span> <span class='ocrx_word' id='word_1_7' title='bbox 588 400 729 471; x_wconf 87' lang='lat' dir='ltr'><strong>justitiae,</strong></span> <span class='ocrx_word' id='word_1_8' title='bbox 760 398 914 472; x_wconf 70' lang='lat' dir='ltr'>sapientiae</span> <span class='ocrx_word' id='word_1_9' title='bbox 942 415 976 453; x_wconf 90' lang='lat' dir='ltr'><strong>ac</strong></span> <span class='ocrx_word' id='word_1_10' title='bbox 1004 401 1150 471; x_wconf 89' lang='lat' dir='ltr'><strong>probatur,</strong></span> <span class='ocrx_word' id='word_1_11' title='bbox 1169 399 1216 473; x_wconf 87' lang='lat' dir='ltr'><strong>qni</strong></span> <span class='ocrx_word' id='word_1_12' title='bbox 1237 400 1309 456; x_wconf 87' lang='lat' dir='ltr'><strong>iuter</strong></span> <span class='ocrx_word' id='word_1_13' title='bbox 1325 400 1446 472; x_wconf 87' lang='lat' dir='ltr'><strong>reliquos</strong></span> <span class='ocrx_word' id='word_1_14' title='bbox 1463 400 1532 458; x_wconf 88' lang='lat' dir='ltr'><strong>fines</strong></span> <span class='ocrx_word' id='word_1_15' title='bbox 1551 402 1633 458; x_wconf 89' lang='lat' dir='ltr'><strong>etism</strong></span> <span class='ocrx_word' id='word_1_16' title='bbox 1651 402 1697 457; x_wconf 88' lang='lat' dir='ltr'><strong>hie</strong></span> <span class='ocrx_word' id='word_1_17' title='bbox 1720 403 1787 474; x_wconf 83' lang='lat' dir='ltr'><strong>fuit,</strong></span> <span class='ocrx_word' id='word_1_18' title='bbox 1804 411 1838 463; x_wconf 88' lang='lat' dir='ltr'><strong>ut</strong></span> 
     </span>
     <span class='ocr_line' id='line_1_3' title="bbox 146 484 1833 561; baseline 0.004 -21"><span class='ocrx_word' id='word_1_19' title='bbox 146 485 289 557; x_wconf 74' lang='lat' dir='ltr'><strong>pmsndae</strong></span> <span class='ocrx_word' id='word_1_20' title='bbox 314 485 424 543; x_wconf 79' lang='lat' dir='ltr'><strong>divinae</strong></span> <span class='ocrx_word' id='word_1_21' title='bbox 443 487 545 558; x_wconf 91' lang='lat' dir='ltr'><strong>optime</strong></span> <span class='ocrx_word' id='word_1_22' title='bbox 560 487 700 560; x_wconf 88' lang='lat' dir='ltr'><strong>congruit,</strong></span> <span class='ocrx_word' id='word_1_23' title='bbox 733 488 811 559; x_wconf 89' lang='lat' dir='ltr'><strong>quia,</strong></span> <span class='ocrx_word' id='word_1_24' title='bbox 846 492 878 542; x_wconf 90' lang='lat' dir='ltr'><strong>ut</strong></span> <span class='ocrx_word' id='word_1_25' title='bbox 900 484 977 556; x_wconf 89' lang='lat' dir='ltr'><strong>prius</strong></span> <span class='ocrx_word' id='word_1_26' title='bbox 1004 486 1141 543; x_wconf 89' lang='lat' dir='ltr'><strong>desiderio</strong></span> <span class='ocrx_word' id='word_1_27' title='bbox 1167 494 1314 560; x_wconf 87' lang='lat' dir='ltr'><strong>parentum</strong></span> <span class='ocrx_word' id='word_1_28' title='bbox 1340 495 1369 544; x_wconf 88' lang='lat' dir='ltr'><strong>et</strong></span> <span class='ocrx_word' id='word_1_29' title='bbox 1388 496 1568 561; x_wconf 86' lang='lat' dir='ltr'><strong>cognatorum</strong></span> <span class='ocrx_word' id='word_1_30' title='bbox 1594 491 1699 546; x_wconf 89' lang='lat' dir='ltr'><strong>obitum</strong></span> <span class='ocrx_word' id='word_1_31' title='bbox 1718 490 1833 547; x_wconf 87' lang='lat' dir='ltr'><strong>istorum</strong></span> 
     </span>
     <span class='ocr_line' id='line_1_4' title="bbox 145 572 1836 647; baseline 0.004 -20"><span class='ocrx_word' id='word_1_32' title='bbox 145 576 190 627; x_wconf 90' lang='lat' dir='ltr'><strong>est</strong></span> <span class='ocrx_word' id='word_1_33' title='bbox 217 573 374 645; x_wconf 86' lang='lat' dir='ltr'><strong>exemplum</strong></span> <span class='ocrx_word' id='word_1_34' title='bbox 405 573 538 629; x_wconf 83' lang='lat' dir='ltr'><strong>bonitatis</strong></span> <span class='ocrx_word' id='word_1_35' title='bbox 573 574 683 629; x_wconf 77' lang='lat' dir='ltr'><strong>dirime</strong></span> <span class='ocrx_word' id='word_1_36' title='bbox 723 572 977 639; x_wconf 86' lang='lat' dir='ltr'><strong>extraordinarium,</strong></span> <span class='ocrx_word' id='word_1_37' title='bbox 1003 580 1174 630; x_wconf 88' lang='lat' dir='ltr'><strong>mortuorum</strong></span> <span class='ocrx_word' id='word_1_38' title='bbox 1195 576 1276 631; x_wconf 86' lang='lat' dir='ltr'><strong>anxie</strong></span> <span class='ocrx_word' id='word_1_39' title='bbox 1302 575 1457 647; x_wconf 88' lang='lat' dir='ltr'><strong>lugentium</strong></span> <span class='ocrx_word' id='word_1_40' title='bbox 1481 576 1635 633; x_wconf 86' lang='lat' dir='ltr'><strong>satisfieret</strong></span> <span class='ocrx_word' id='word_1_41' title='bbox 1680 574 1745 634; x_wconf 86' lang='lat' dir='ltr'><strong>Jam</strong></span> <span class='ocrx_word' id='word_1_42' title='bbox 1772 594 1836 633; x_wconf 82' lang='lat' dir='ltr'><strong>vero</strong></span> 
     </span>
     <span class='ocr_line' id='line_1_5' title="bbox 112 658 1835 733; baseline 0.002 -17"><span class='ocrx_word' id='word_1_43' title='bbox 112 718 119 729; x_wconf 74' lang='grc'><strong>,</strong></span> <span class='ocrx_word' id='word_1_44' title='bbox 145 677 202 732; x_wconf 88' lang='lat' dir='ltr'><strong>quo</strong></span> <span class='ocrx_word' id='word_1_45' title='bbox 226 661 371 717; x_wconf 88' lang='lat' dir='ltr'><strong>ostendere</strong></span> <span class='ocrx_word' id='word_1_46' title='bbox 388 659 467 715; x_wconf 88' lang='lat' dir='ltr'><strong>Deus</strong></span> <span class='ocrx_word' id='word_1_47' title='bbox 493 659 597 730; x_wconf 86' lang='lat' dir='ltr'><strong>voluit,</strong></span> <span class='ocrx_word' id='word_1_48' title='bbox 630 660 696 733; x_wconf 90' lang='lat' dir='ltr'><strong>quid</strong></span> <span class='ocrx_word' id='word_1_49' title='bbox 714 678 766 732; x_wconf 91' lang='lat' dir='ltr'><strong>pro</strong></span> <span class='ocrx_word' id='word_1_50' title='bbox 787 678 839 717; x_wconf 91' lang='lat' dir='ltr'><strong>sua</strong></span> <span class='ocrx_word' id='word_1_51' title='bbox 853 658 977 716; x_wconf 90' lang='lat' dir='ltr'><strong>bonitate</strong></span> <span class='ocrx_word' id='word_1_52' title='bbox 1003 660 1044 714; x_wconf 90' lang='lat' dir='ltr'><strong>illi</strong></span> <span class='ocrx_word' id='word_1_53' title='bbox 1061 660 1267 731; x_wconf 75' lang='lat' dir='ltr'>desiderabant,</span> <span class='ocrx_word' id='word_1_54' title='bbox 1285 668 1406 719; x_wconf 91' lang='lat' dir='ltr'><strong>mortuos</strong></span> <span class='ocrx_word' id='word_1_55' title='bbox 1424 662 1547 719; x_wconf 88' lang='lat' dir='ltr'><strong>adhanc</strong></span> <span class='ocrx_word' id='word_1_56' title='bbox 1560 663 1686 719; x_wconf 88' lang='lat' dir='ltr'><strong>vitamet</strong></span> <span class='ocrx_word' id='word_1_57' title='bbox 1698 671 1835 720; x_wconf 89' lang='lat' dir='ltr'><strong>terrenam</strong></span> 
     </span>
     <span class='ocr_line' id='line_1_6' title="bbox 145 745 1836 822; baseline 0.002 -19"><span class='ocrx_word' id='word_1_58' title='bbox 145 753 175 803; x_wconf 88' lang='lat' dir='ltr'><strong>et</strong></span> <span class='ocrx_word' id='word_1_59' title='bbox 191 746 318 819; x_wconf 87' lang='lat' dir='ltr'><strong>potentia</strong></span> <span class='ocrx_word' id='word_1_60' title='bbox 335 746 464 801; x_wconf 90' lang='lat' dir='ltr'><strong>omnibus</strong></span> <span class='ocrx_word' id='word_1_61' title='bbox 482 752 624 819; x_wconf 89' lang='lat' dir='ltr'><strong>praestare</strong></span> <span class='ocrx_word' id='word_1_62' title='bbox 643 754 751 819; x_wconf 91' lang='lat' dir='ltr'><strong>posset,</strong></span> <span class='ocrx_word' id='word_1_63' title='bbox 785 746 840 802; x_wconf 92' lang='lat' dir='ltr'><strong>nisi</strong></span> <span class='ocrx_word' id='word_1_64' title='bbox 868 745 977 801; x_wconf 84' lang='lat' dir='ltr'><strong>divinae</strong></span> <span class='ocrx_word' id='word_1_65' title='bbox 1003 747 1240 805; x_wconf 69' lang='lat' dir='ltr'><strong>conversationem</strong></span> <span class='ocrx_word' id='word_1_66' title='bbox 1257 748 1311 805; x_wconf 90' lang='lat' dir='ltr'><strong>sibi</strong></span> <span class='ocrx_word' id='word_1_67' title='bbox 1328 748 1445 804; x_wconf 90' lang='lat' dir='ltr'><strong>restitui.</strong></span> <span class='ocrx_word' id='word_1_68' title='bbox 1498 748 1579 814; x_wconf 83' lang='lat' dir='ltr'><strong>Quod</strong></span> <span class='ocrx_word' id='word_1_69' title='bbox 1602 754 1695 805; x_wconf 88' lang='lat' dir='ltr'><strong>autem</strong></span> <span class='ocrx_word' id='word_1_70' title='bbox 1719 766 1836 822; x_wconf 86' lang='lat' dir='ltr'><strong>corpora</strong></span> 
     </span>
     <span class='ocr_line' id='line_1_7' title="bbox 144 832 1835 908; baseline 0.004 -21"><span class='ocrx_word' id='word_1_71' title='bbox 144 834 297 904; x_wconf 89' lang='lat' dir='ltr'><strong>sapientiae</strong></span> <span class='ocrx_word' id='word_1_72' title='bbox 314 832 394 889; x_wconf 89' lang='lat' dir='ltr'><strong>aliter</strong></span> <span class='ocrx_word' id='word_1_73' title='bbox 411 840 593 905; x_wconf 81' lang='lat' dir='ltr'><strong>congrueret3</strong></span> <span class='ocrx_word' id='word_1_74' title='bbox 611 834 651 889; x_wconf 90' lang='lat' dir='ltr'><strong>ita</strong></span> <span class='ocrx_word' id='word_1_75' title='bbox 667 834 804 907; x_wconf 73' lang='lat' dir='ltr'><strong>posterius</strong></span> <span class='ocrx_word' id='word_1_76' title='bbox 823 839 867 890; x_wconf 91' lang='lat' dir='ltr'><strong>est</strong></span> <span class='ocrx_word' id='word_1_77' title='bbox 886 849 976 888; x_wconf 85' lang='lat' dir='ltr'><strong>exem·</strong></span> <span class='ocrx_word' id='word_1_78' title='bbox 1003 834 1114 889; x_wconf 89' lang='lat' dir='ltr'><strong>illorum</strong></span> <span class='ocrx_word' id='word_1_79' title='bbox 1132 833 1237 890; x_wconf 81' lang='lat' dir='ltr'><strong>fuerint</strong></span> <span class='ocrx_word' id='word_1_80' title='bbox 1254 835 1387 890; x_wconf 89' lang='lat' dir='ltr'><strong>animalia</strong></span> <span class='ocrx_word' id='word_1_81' title='bbox 1404 841 1433 891; x_wconf 91' lang='lat' dir='ltr'><strong>et</strong></span> <span class='ocrx_word' id='word_1_82' title='bbox 1450 836 1585 903; x_wconf 88' lang='lat' dir='ltr'><strong>mortalis,</strong></span> <span class='ocrx_word' id='word_1_83' title='bbox 1601 853 1635 893; x_wconf 87' lang='lat' dir='ltr'><strong>ex</strong></span> <span class='ocrx_word' id='word_1_84' title='bbox 1654 835 1835 908; x_wconf 90' lang='lat' dir='ltr'><strong>qualitatibus</strong></span> 
     </span>
     <span class='ocr_line' id='line_1_8' title="bbox 144 919 1835 995; baseline 0.002 -21"><span class='ocrx_word' id='word_1_85' title='bbox 144 919 225 992; x_wconf 89' lang='lat' dir='ltr'><strong>plum</strong></span> <span class='ocrx_word' id='word_1_86' title='bbox 243 919 354 977; x_wconf 82' lang='lat' dir='ltr'><strong>divinae</strong></span> <span class='ocrx_word' id='word_1_87' title='bbox 368 920 496 992; x_wconf 83' lang='lat' dir='ltr'><strong>justitiae</strong></span> <span class='ocrx_word' id='word_1_88' title='bbox 516 922 771 988; x_wconf 78' lang='lat' dir='ltr'><strong>exumrdincrinm,</strong></span> <span class='ocrx_word' id='word_1_89' title='bbox 790 939 845 993; x_wconf 86' lang='lat' dir='ltr'><strong>quo</strong></span> <span class='ocrx_word' id='word_1_90' title='bbox 863 921 976 976; x_wconf 91' lang='lat' dir='ltr'><strong>demon·</strong></span> <span class='ocrx_word' id='word_1_91' title='bbox 1002 927 1031 976; x_wconf 90' lang='lat' dir='ltr'><strong>et</strong></span> <span class='ocrx_word' id='word_1_92' title='bbox 1058 919 1214 976; x_wconf 81' lang='lat' dir='ltr'><strong>actionibus</strong></span> <span class='ocrx_word' id='word_1_93' title='bbox 1243 937 1337 977; x_wconf 89' lang='lat' dir='ltr'><strong>eorum</strong></span> <span class='ocrx_word' id='word_1_94' title='bbox 1366 927 1462 992; x_wconf 87' lang='lat' dir='ltr'><strong>patere</strong></span> <span class='ocrx_word' id='word_1_95' title='bbox 1492 928 1592 994; x_wconf 88' lang='lat' dir='ltr'><strong>potest.</strong></span> <span class='ocrx_word' id='word_1_96' title='bbox 1641 922 1739 995; x_wconf 87' lang='lat' dir='ltr'><strong>Neque</strong></span> <span class='ocrx_word' id='word_1_97' title='bbox 1761 923 1835 978; x_wconf 91' lang='lat' dir='ltr'><strong>enim</strong></span> 
     </span>
     <span class='ocr_line' id='line_1_9' title="bbox 50 1006 1960 1080; baseline 0 -19"><span class='ocrx_word' id='word_1_98' title='bbox 50 1006 54 1013; x_wconf 90' lang='lat'>&#39;</span> <span class='ocrx_word' id='word_1_99' title='bbox 144 1015 233 1063; x_wconf 90' lang='lat' dir='ltr'><strong>strare</strong></span> <span class='ocrx_word' id='word_1_100' title='bbox 256 1006 358 1076; x_wconf 83' lang='lat' dir='ltr'><strong>voluit,</strong></span> <span class='ocrx_word' id='word_1_101' title='bbox 387 1006 455 1079; x_wconf 89' lang='lat' dir='ltr'><strong>quid</strong></span> <span class='ocrx_word' id='word_1_102' title='bbox 482 1023 576 1063; x_wconf 90' lang='lat' dir='ltr'><strong>omnes</strong></span> <span class='ocrx_word' id='word_1_103' title='bbox 593 1006 717 1064; x_wconf 88' lang='lat' dir='ltr'><strong>homines</strong></span> <span class='ocrx_word' id='word_1_104' title='bbox 736 1007 825 1064; x_wconf 89' lang='lat' dir='ltr'><strong>meriti</strong></span> <span class='ocrx_word' id='word_1_105' title='bbox 845 1006 914 1071; x_wconf 90' lang='lat' dir='ltr'><strong>sint,</strong></span> <span class='ocrx_word' id='word_1_106' title='bbox 948 1011 977 1060; x_wconf 88' lang='lat' dir='ltr'><strong>et</strong></span> <span class='ocrx_word' id='word_1_107' title='bbox 1001 1006 1115 1062; x_wconf 86' lang='lat' dir='ltr'><strong>fuerunt</strong></span> <span class='ocrx_word' id='word_1_108' title='bbox 1130 1007 1288 1075; x_wconf 82' lang='lat' dir='ltr'><strong>invisibilia,</strong></span> <span class='ocrx_word' id='word_1_109' title='bbox 1305 1006 1496 1079; x_wconf 87' lang='lat' dir='ltr'><strong>impassibilia,</strong></span> <span class='ocrx_word' id='word_1_110' title='bbox 1513 1009 1607 1080; x_wconf 85' lang='lat' dir='ltr'><strong>agilia,</strong></span> <span class='ocrx_word' id='word_1_111' title='bbox 1625 1008 1746 1071; x_wconf 85' lang='lat' dir='ltr'><strong>subtilia.</strong></span> <span class='ocrx_word' id='word_1_112' title='bbox 1762 1008 1835 1063; x_wconf 90' lang='lat' dir='ltr'><strong>sieut</strong></span> <span class='ocrx_word' id='word_1_113' title='bbox 1848 1017 1912 1061; x_wconf 77' lang='lat' dir='ltr'><strong>1V1t</strong></span> <span class='ocrx_word' id='word_1_114' title='bbox 1926 1017 1960 1061; x_wconf 85' lang='grc'><strong>10.</strong></span> 
     </span>
     <span class='ocr_line' id='line_1_10' title="bbox 144 1092 1834 1167; baseline 0 -18"><span class='ocrx_word' id='word_1_115' title='bbox 144 1093 214 1166; x_wconf 91' lang='lat' dir='ltr'><strong>quid</strong></span> <span class='ocrx_word' id='word_1_116' title='bbox 235 1096 317 1166; x_wconf 86' lang='lat' dir='ltr'><strong>juxta</strong></span> <span class='ocrx_word' id='word_1_117' title='bbox 341 1100 468 1150; x_wconf 86' lang='lat' dir='ltr'><strong>exactum</strong></span> <span class='ocrx_word' id='word_1_118' title='bbox 490 1094 618 1165; x_wconf 86' lang='lat' dir='ltr'><strong>justitiae</strong></span> <span class='ocrx_word' id='word_1_119' title='bbox 642 1095 762 1167; x_wconf 88' lang='lat' dir='ltr'><strong>rigorem</strong></span> <span class='ocrx_word' id='word_1_120' title='bbox 781 1094 907 1151; x_wconf 90' lang='lat' dir='ltr'><strong>omnibus</strong></span> <span class='ocrx_word' id='word_1_121' title='bbox 935 1092 975 1147; x_wconf 92' lang='lat' dir='ltr'><strong>in·</strong></span> <span class='ocrx_word' id='word_1_122' title='bbox 1002 1110 1118 1165; x_wconf 86' lang='lat' dir='ltr'><strong>corpora</strong></span> <span class='ocrx_word' id='word_1_123' title='bbox 1136 1093 1299 1166; x_wconf 85' lang='lat' dir='ltr'><strong>glorificata,</strong></span> <span class='ocrx_word' id='word_1_124' title='bbox 1314 1094 1364 1149; x_wconf 88' lang='lat' dir='ltr'><strong>sed</strong></span> <span class='ocrx_word' id='word_1_125' title='bbox 1380 1094 1527 1150; x_wconf 79' lang='lat' dir='ltr'><strong>contrariis</strong></span> <span class='ocrx_word' id='word_1_126' title='bbox 1544 1095 1638 1167; x_wconf 89' lang='lat' dir='ltr'><strong>potius</strong></span> <span class='ocrx_word' id='word_1_127' title='bbox 1654 1092 1834 1167; x_wconf 86' lang='lat' dir='ltr'><strong>qualitatibus</strong></span> 
     </span>
     <span class='ocr_line' id='line_1_11' title="bbox 144 1179 1834 1253; baseline 0.001 -19"><span class='ocrx_word' id='word_1_128' title='bbox 144 1180 242 1252; x_wconf 83' lang='lat' dir='ltr'><strong>digere</strong></span> <span class='ocrx_word' id='word_1_129' title='bbox 269 1186 371 1251; x_wconf 89' lang='lat' dir='ltr'><strong>posset</strong></span> <span class='ocrx_word' id='word_1_130' title='bbox 419 1180 489 1236; x_wconf 86' lang='lat' dir='ltr'><strong>Cum</strong></span> <span class='ocrx_word' id='word_1_131' title='bbox 519 1181 598 1237; x_wconf 85' lang='lat' dir='ltr'><strong>enim&#39;</strong></span> <span class='ocrx_word' id='word_1_132' title='bbox 611 1181 719 1252; x_wconf 89' lang='lat' dir='ltr'><strong>peccati</strong></span> <span class='ocrx_word' id='word_1_133' title='bbox 746 1181 915 1251; x_wconf 82' lang='lat' dir='ltr'><strong>stipendium</strong></span> <span class='ocrx_word' id='word_1_134' title='bbox 940 1179 976 1234; x_wconf 89' lang='lat' dir='ltr'><strong>sit</strong></span> <span class='ocrx_word' id='word_1_135' title='bbox 1002 1179 1118 1249; x_wconf 78' lang='lat' dir='ltr'><strong>affecta3</strong></span> <span class='ocrx_word' id='word_1_136' title='bbox 1149 1197 1240 1253; x_wconf 88' lang='lat' dir='ltr'><strong>neque</strong></span> <span class='ocrx_word' id='word_1_137' title='bbox 1263 1181 1386 1236; x_wconf 89' lang='lat' dir='ltr'><strong>actiones</strong></span> <span class='ocrx_word' id='word_1_138' title='bbox 1414 1196 1509 1236; x_wconf 88' lang='lat' dir='ltr'><strong>eorum</strong></span> <span class='ocrx_word' id='word_1_139' title='bbox 1532 1181 1645 1236; x_wconf 86' lang='lat' dir='ltr'><strong>fuerunt</strong></span> <span class='ocrx_word' id='word_1_140' title='bbox 1669 1181 1834 1252; x_wconf 76' lang='lat' dir='ltr'><strong>spirituales,</strong></span> 
     </span>
     <span class='ocr_line' id='line_1_12' title="bbox 144 1265 1835 1338; baseline 0.001 -17"><span class='ocrx_word' id='word_1_141' title='bbox 144 1283 219 1321; x_wconf 91' lang='lat' dir='ltr'><strong>mors</strong></span> <span class='ocrx_word' id='word_1_142' title='bbox 237 1282 292 1321; x_wconf 89' lang='lat' dir='ltr'><strong>non</strong></span> <span class='ocrx_word' id='word_1_143' title='bbox 313 1265 403 1321; x_wconf 89' lang='lat' dir='ltr'><strong>solum</strong></span> <span class='ocrx_word' id='word_1_144' title='bbox 421 1266 594 1336; x_wconf 88' lang='lat' dir='ltr'><strong>temporalis,</strong></span> <span class='ocrx_word' id='word_1_145' title='bbox 623 1266 773 1323; x_wconf 89' lang='lat' dir='ltr'><strong>sedetiam</strong></span> <span class='ocrx_word' id='word_1_146' title='bbox 791 1274 912 1334; x_wconf 89' lang='lat' dir='ltr'><strong>aeterna,</strong></span> <span class='ocrx_word' id='word_1_147' title='bbox 932 1281 975 1320; x_wconf 89' lang='lat' dir='ltr'><strong>ec·</strong></span> <span class='ocrx_word' id='word_1_148' title='bbox 1002 1266 1136 1323; x_wconf 90' lang='lat' dir='ltr'><strong>coelestes</strong></span> <span class='ocrx_word' id='word_1_149' title='bbox 1161 1272 1190 1322; x_wconf 90' lang='lat' dir='ltr'><strong>et</strong></span> <span class='ocrx_word' id='word_1_150' title='bbox 1206 1266 1366 1338; x_wconf 85' lang='lat' dir='ltr'><strong>angelicae,</strong></span> <span class='ocrx_word' id='word_1_151' title='bbox 1396 1267 1446 1322; x_wconf 90' lang='lat' dir='ltr'><strong>sed</strong></span> <span class='ocrx_word' id='word_1_152' title='bbox 1474 1266 1622 1335; x_wconf 87' lang='lat' dir='ltr'><strong>animales,</strong></span> <span class='ocrx_word' id='word_1_153' title='bbox 1648 1267 1781 1338; x_wconf 84' lang='lat' dir='ltr'><strong>physicae</strong></span> <span class='ocrx_word' id='word_1_154' title='bbox 1800 1283 1835 1323; x_wconf 82' lang='lat' dir='ltr'><strong>sc</strong></span> 
     </span>
     <span class='ocr_line' id='line_1_13' title="bbox 147 1351 1833 1425; baseline 0.001 -18"><span class='ocrx_word' id='word_1_155' title='bbox 147 1353 215 1425; x_wconf 90' lang='lat' dir='ltr'><strong>quis</strong></span> <span class='ocrx_word' id='word_1_156' title='bbox 235 1351 343 1419; x_wconf 79' lang='grc'><strong>(1111111,</strong></span> <span class='ocrx_word' id='word_1_157' title='bbox 361 1368 425 1406; x_wconf 93' lang='lat' dir='ltr'><strong>oum</strong></span> <span class='ocrx_word' id='word_1_158' title='bbox 444 1353 542 1423; x_wconf 85' lang='lat' dir='ltr'><strong>regula</strong></span> <span class='ocrx_word' id='word_1_159' title='bbox 568 1352 677 1409; x_wconf 83' lang='lat' dir='ltr'><strong>divinae</strong></span> <span class='ocrx_word' id='word_1_160' title='bbox 693 1354 819 1424; x_wconf 87' lang='lat' dir='ltr'><strong>justitiae</strong></span> <span class='ocrx_word' id='word_1_161' title='bbox 842 1368 975 1423; x_wconf 87' lang='lat' dir='ltr'><strong>pugnare,</strong></span> <span class='ocrx_word' id='word_1_162' title='bbox 1002 1358 1144 1423; x_wconf 88' lang='lat' dir='ltr'><strong>terrenae,</strong></span> <span class='ocrx_word' id='word_1_163' title='bbox 1175 1354 1354 1409; x_wconf 90' lang='lat' dir='ltr'><strong>comederunt</strong></span> <span class='ocrx_word' id='word_1_164' title='bbox 1383 1352 1457 1408; x_wconf 88' lang='lat' dir='ltr'><strong>enim</strong></span> <span class='ocrx_word' id='word_1_165' title='bbox 1483 1369 1517 1407; x_wconf 88' lang='lat' dir='ltr'><strong>sc</strong></span> <span class='ocrx_word' id='word_1_166' title='bbox 1547 1353 1678 1409; x_wconf 88' lang='lat' dir='ltr'><strong>biberunt</strong></span> <span class='ocrx_word' id='word_1_167' title='bbox 1707 1370 1762 1408; x_wconf 96' lang='lat' dir='ltr'><strong>non</strong></span> <span class='ocrx_word' id='word_1_168' title='bbox 1798 1370 1833 1408; x_wconf 88' lang='lat' dir='ltr'><strong>ex</strong></span> 
     </span>
     <span class='ocr_line' id='line_1_14' title="bbox 144 1438 1913 1513; baseline 0.001 -21"><span class='ocrx_word' id='word_1_169' title='bbox 144 1444 262 1493; x_wconf 88' lang='lat' dir='ltr'><strong>mortem</strong></span> <span class='ocrx_word' id='word_1_170' title='bbox 280 1438 459 1509; x_wconf 73' lang='lat' dir='ltr'><strong>temporalem</strong></span> <span class='ocrx_word' id='word_1_171' title='bbox 476 1446 590 1509; x_wconf 89' lang='lat' dir='ltr'><strong>propter</strong></span> <span class='ocrx_word' id='word_1_172' title='bbox 608 1446 754 1510; x_wconf 87' lang='lat' dir='ltr'><strong>peccatum</strong></span> <span class='ocrx_word' id='word_1_173' title='bbox 773 1439 817 1493; x_wconf 89' lang='lat' dir='ltr'><strong>bis</strong></span> <span class='ocrx_word' id='word_1_174' title='bbox 835 1439 918 1494; x_wconf 84' lang='lat' dir='ltr'><strong>alicui</strong></span> <span class='ocrx_word' id='word_1_175' title='bbox 936 1438 976 1492; x_wconf 94' lang='lat' dir='ltr'><strong>in·</strong></span> <span class='ocrx_word' id='word_1_176' title='bbox 1001 1439 1135 1508; x_wconf 80' lang='lat' dir='ltr'><strong>peculiari</strong></span> <span class='ocrx_word' id='word_1_177' title='bbox 1163 1439 1283 1511; x_wconf 88' lang='lat' dir='ltr'><strong>quadam</strong></span> <span class='ocrx_word' id='word_1_178' title='bbox 1309 1438 1530 1510; x_wconf 84' lang='lat' dir='ltr'><strong>dispensatione,</strong></span> <span class='ocrx_word' id='word_1_179' title='bbox 1558 1456 1592 1493; x_wconf 89' lang='lat' dir='ltr'><strong>ea</strong></span> <span class='ocrx_word' id='word_1_180' title='bbox 1617 1439 1690 1494; x_wconf 90' lang='lat' dir='ltr'><strong>enim</strong></span> <span class='ocrx_word' id='word_1_181' title='bbox 1713 1455 1769 1493; x_wconf 92' lang='lat' dir='ltr'><strong>non</strong></span> <span class='ocrx_word' id='word_1_182' title='bbox 1792 1444 1834 1494; x_wconf 91' lang='lat' dir='ltr'><strong>est</strong></span> <span class='ocrx_word' id='word_1_183' title='bbox 1909 1508 1913 1513; x_wconf 22' lang='lat'><strong>⁴</strong></span> 
     </span>
     <span class='ocr_line' id='line_1_15' title="bbox 144 1522 1833 1597; baseline -0.001 -18"><span class='ocrx_word' id='word_1_184' title='bbox 144 1524 223 1597; x_wconf 86' lang='lat' dir='ltr'><strong>fligi,</strong></span> <span class='ocrx_word' id='word_1_185' title='bbox 243 1530 326 1596; x_wconf 86' lang='lat' dir='ltr'><strong>atquc</strong></span> <span class='ocrx_word' id='word_1_186' title='bbox 344 1524 454 1580; x_wconf 90' lang='lat' dir='ltr'><strong>interim</strong></span> <span class='ocrx_word' id='word_1_187' title='bbox 468 1524 504 1579; x_wconf 92' lang='lat' dir='ltr'><strong>ab</strong></span> <span class='ocrx_word' id='word_1_188' title='bbox 521 1531 636 1580; x_wconf 89' lang='lat' dir='ltr'><strong>aeterna</strong></span> <span class='ocrx_word' id='word_1_189' title='bbox 654 1532 742 1581; x_wconf 89' lang='lat' dir='ltr'><strong>morte</strong></span> <span class='ocrx_word' id='word_1_190' title='bbox 759 1542 822 1580; x_wconf 89' lang='lat' dir='ltr'><strong>eum</strong></span> <span class='ocrx_word' id='word_1_191' title='bbox 845 1525 975 1581; x_wconf 83' lang='lat' dir='ltr'><strong>liberari?</strong></span> <span class='ocrx_word' id='word_1_192' title='bbox 1005 1531 1151 1596; x_wconf 71' lang='lat' dir='ltr'><strong>perpetua,</strong></span> <span class='ocrx_word' id='word_1_193' title='bbox 1166 1525 1216 1580; x_wconf 90' lang='lat' dir='ltr'><strong>sed</strong></span> <span class='ocrx_word' id='word_1_194' title='bbox 1234 1525 1304 1581; x_wconf 89' lang='lat' dir='ltr'><strong>certi</strong></span> <span class='ocrx_word' id='word_1_195' title='bbox 1321 1525 1457 1580; x_wconf 84' lang='lat' dir='ltr'><strong>duntaxat</strong></span> <span class='ocrx_word' id='word_1_196' title='bbox 1475 1524 1617 1596; x_wconf 69' lang='lat' dir='ltr'><strong>temporis,</strong></span> <span class='ocrx_word' id='word_1_197' title='bbox 1643 1526 1786 1595; x_wconf 76' lang='lat' dir='ltr'><strong>jamvero</strong></span> <span class='ocrx_word' id='word_1_198' title='bbox 1804 1522 1833 1578; x_wconf 92' lang='lat' dir='ltr'><strong>hi</strong></span> 
     </span>
     <span class='ocr_line' id='line_1_16' title="bbox 144 1610 1833 1684; baseline -0.002 -17"><span class='ocrx_word' id='word_1_199' title='bbox 144 1617 169 1667; x_wconf 91' lang='grc'><strong>2.</strong></span> <span class='ocrx_word' id='word_1_200' title='bbox 190 1611 323 1677; x_wconf 84' lang='lat' dir='ltr'><strong>Quamvis</strong></span> <span class='ocrx_word' id='word_1_201' title='bbox 345 1627 412 1683; x_wconf 88' lang='lat' dir='ltr'><strong>ergo</strong></span> <span class='ocrx_word' id='word_1_202' title='bbox 435 1611 470 1667; x_wconf 88' lang='lat' dir='ltr'><strong>dc</strong></span> <span class='ocrx_word' id='word_1_203' title='bbox 495 1611 595 1667; x_wconf 90' lang='lat' dir='ltr'><strong>iterata</strong></span> <span class='ocrx_word' id='word_1_204' title='bbox 618 1611 726 1668; x_wconf 90' lang='lat' dir='ltr'><strong>illorum</strong></span> <span class='ocrx_word' id='word_1_205' title='bbox 749 1619 836 1668; x_wconf 89' lang='lat' dir='ltr'><strong>morte</strong></span> <span class='ocrx_word' id='word_1_206' title='bbox 853 1612 882 1666; x_wconf 93' lang='lat' dir='ltr'><strong>in</strong></span> <span class='ocrx_word' id='word_1_207' title='bbox 900 1611 974 1669; x_wconf 87' lang='lat' dir='ltr'><strong>Scri·</strong></span> <span class='ocrx_word' id='word_1_208' title='bbox 1002 1612 1158 1668; x_wconf 86' lang='lat' dir='ltr'><strong>rcsuscitati</strong></span> <span class='ocrx_word' id='word_1_209' title='bbox 1175 1629 1284 1684; x_wconf 88' lang='lat' dir='ltr'><strong>semper</strong></span> <span class='ocrx_word' id='word_1_210' title='bbox 1300 1612 1353 1667; x_wconf 79' lang='lat' dir='ltr'><strong>visi</strong></span> <span class='ocrx_word' id='word_1_211' title='bbox 1371 1618 1444 1677; x_wconf 90' lang='lat' dir='ltr'><strong>sunt,</strong></span> <span class='ocrx_word' id='word_1_212' title='bbox 1461 1629 1514 1668; x_wconf 91' lang='lat' dir='ltr'><strong>nec</strong></span> <span class='ocrx_word' id='word_1_213' title='bbox 1531 1628 1565 1666; x_wconf 87' lang='grc'><strong>11</strong></span> <span class='ocrx_word' id='word_1_214' title='bbox 1576 1611 1712 1681; x_wconf 87' lang='lat' dir='ltr'><strong>libertate,</strong></span> <span class='ocrx_word' id='word_1_215' title='bbox 1731 1610 1780 1666; x_wconf 87' lang='lat' dir='ltr'><strong>sed</strong></span> <span class='ocrx_word' id='word_1_216' title='bbox 1799 1627 1833 1665; x_wconf 87' lang='lat' dir='ltr'><strong>ex</strong></span> 
     </span>
     <span class='ocr_line' id='line_1_17' title="bbox 142 1696 1834 1770; baseline -0.002 -16"><span class='ocrx_word' id='word_1_217' title='bbox 142 1698 232 1770; x_wconf 88' lang='lat' dir='ltr'><strong>pturis</strong></span> <span class='ocrx_word' id='word_1_218' title='bbox 258 1696 328 1751; x_wconf 78' lang='grc' dir='ltr'><strong>κατὰ</strong></span> <span class='ocrx_word' id='word_1_219' title='bbox 356 1696 437 1769; x_wconf 73' lang='grc' dir='ltr'><em>ῥητόν</em></span> <span class='ocrx_word' id='word_1_220' title='bbox 464 1697 533 1754; x_wconf 90' lang='lat' dir='ltr'><strong>nihil</strong></span> <span class='ocrx_word' id='word_1_221' title='bbox 558 1698 746 1768; x_wconf 88' lang='lat' dir='ltr'><strong>contineatur,</strong></span> <span class='ocrx_word' id='word_1_222' title='bbox 775 1716 809 1754; x_wconf 90' lang='grc'><strong>11</strong></span> <span class='ocrx_word' id='word_1_223' title='bbox 832 1715 865 1753; x_wconf 88' lang='lat' dir='ltr'><strong>eo</strong></span> <span class='ocrx_word' id='word_1_224' title='bbox 883 1705 975 1754; x_wconf 85' lang='grc'><strong>1111111</strong></span> <span class='ocrx_word' id='word_1_225' title='bbox 1002 1701 1169 1756; x_wconf 89' lang='lat' dir='ltr'><strong>necessitate</strong></span> <span class='ocrx_word' id='word_1_226' title='bbox 1187 1700 1280 1754; x_wconf 92' lang='lat' dir='ltr'><strong>cibum</strong></span> <span class='ocrx_word' id='word_1_227' title='bbox 1299 1706 1494 1756; x_wconf 84' lang='lat' dir='ltr'><strong>assumserunt</strong></span> <span class='ocrx_word' id='word_1_228' title='bbox 1526 1698 1602 1769; x_wconf 85' lang='lat' dir='ltr'><strong>Ergo</strong></span> <span class='ocrx_word' id='word_1_229' title='bbox 1623 1715 1656 1753; x_wconf 88' lang='lat' dir='ltr'><strong>ex</strong></span> <span class='ocrx_word' id='word_1_230' title='bbox 1673 1704 1789 1752; x_wconf 86' lang='lat' dir='ltr'><strong>naturae</strong></span> <span class='ocrx_word' id='word_1_231' title='bbox 1806 1701 1834 1751; x_wconf 90' lang='lat' dir='ltr'><strong>et</strong></span> 
     </span>
     <span class='ocr_line' id='line_1_18' title="bbox 144 1783 1834 1858; baseline -0.002 -18"><span class='ocrx_word' id='word_1_232' title='bbox 144 1785 239 1840; x_wconf 76' lang='lat' dir='ltr'><strong>interii</strong></span> <span class='ocrx_word' id='word_1_233' title='bbox 258 1784 362 1856; x_wconf 88' lang='lat' dir='ltr'><strong>nequit,</strong></span> <span class='ocrx_word' id='word_1_234' title='bbox 382 1783 458 1855; x_wconf 89' lang='lat' dir='ltr'><strong>quod</strong></span> <span class='ocrx_word' id='word_1_235' title='bbox 475 1801 531 1839; x_wconf 90' lang='lat' dir='ltr'><strong>non</strong></span> <span class='ocrx_word' id='word_1_236' title='bbox 549 1784 652 1840; x_wconf 81' lang='lat' dir='ltr'><strong>fuerint</strong></span> <span class='ocrx_word' id='word_1_237' title='bbox 669 1785 769 1841; x_wconf 82' lang='lat' dir='ltr'><strong>iterum</strong></span> <span class='ocrx_word' id='word_1_238' title='bbox 786 1786 895 1854; x_wconf 91' lang='lat' dir='ltr'><strong>mortni,</strong></span> <span class='ocrx_word' id='word_1_239' title='bbox 917 1790 975 1839; x_wconf 92' lang='lat' dir='ltr'><strong>tum</strong></span> <span class='ocrx_word' id='word_1_240' title='bbox 1002 1803 1149 1857; x_wconf 91' lang='lat' dir='ltr'><strong>corporum</strong></span> <span class='ocrx_word' id='word_1_241' title='bbox 1167 1786 1333 1841; x_wconf 89' lang='lat' dir='ltr'><strong>conditione.</strong></span> <span class='ocrx_word' id='word_1_242' title='bbox 1383 1792 1406 1843; x_wconf 89' lang='lat'><strong>3.</strong></span> <span class='ocrx_word' id='word_1_243' title='bbox 1424 1786 1495 1842; x_wconf 83' lang='lat' dir='ltr'><strong>Cum</strong></span> <span class='ocrx_word' id='word_1_244' title='bbox 1512 1802 1578 1858; x_wconf 90' lang='lat' dir='ltr'><strong>ergo</strong></span> <span class='ocrx_word' id='word_1_245' title='bbox 1593 1784 1693 1839; x_wconf 92' lang='lat' dir='ltr'><strong>mortui</strong></span> <span class='ocrx_word' id='word_1_246' title='bbox 1719 1783 1834 1855; x_wconf 87' lang='lat' dir='ltr'><strong>illinon</strong></span> 
     </span>
     <span class='ocr_line' id='line_1_19' title="bbox 145 1869 1833 1945; baseline -0.002 -19"><span class='ocrx_word' id='word_1_247' title='bbox 145 1871 212 1944; x_wconf 91' lang='lat' dir='ltr'><strong>quia</strong></span> <span class='ocrx_word' id='word_1_248' title='bbox 228 1888 279 1928; x_wconf 88' lang='lat' dir='ltr'><strong>nec</strong></span> <span class='ocrx_word' id='word_1_249' title='bbox 296 1871 332 1927; x_wconf 91' lang='lat' dir='ltr'><strong>de</strong></span> <span class='ocrx_word' id='word_1_250' title='bbox 353 1874 503 1943; x_wconf 77' lang='grc' dir='ltr'><strong><em>μεταθέσει</em></strong></span> <span class='ocrx_word' id='word_1_251' title='bbox 531 1872 696 1943; x_wconf 86' lang='lat' dir='ltr'><strong>eorundem,</strong></span> <span class='ocrx_word' id='word_1_252' title='bbox 724 1873 798 1945; x_wconf 89' lang='lat' dir='ltr'><strong>quod</strong></span> <span class='ocrx_word' id='word_1_253' title='bbox 818 1872 974 1927; x_wconf 80' lang='grc'><strong>1111111111-</strong></span> <span class='ocrx_word' id='word_1_254' title='bbox 1004 1872 1109 1927; x_wconf 80' lang='lat' dir='ltr'><strong>fuerint</strong></span> <span class='ocrx_word' id='word_1_255' title='bbox 1125 1872 1282 1928; x_wconf 89' lang='lat' dir='ltr'><strong>resuscitati</strong></span> <span class='ocrx_word' id='word_1_256' title='bbox 1299 1872 1336 1926; x_wconf 90' lang='lat' dir='ltr'><strong>ad</strong></span> <span class='ocrx_word' id='word_1_257' title='bbox 1356 1878 1460 1928; x_wconf 90' lang='lat' dir='ltr'><strong>statum</strong></span> <span class='ocrx_word' id='word_1_258' title='bbox 1479 1877 1508 1929; x_wconf 89' lang='lat' dir='ltr'><strong>et</strong></span> <span class='ocrx_word' id='word_1_259' title='bbox 1526 1871 1694 1927; x_wconf 80' lang='lat' dir='ltr'><strong>consortium</strong></span> <span class='ocrx_word' id='word_1_260' title='bbox 1712 1869 1833 1938; x_wconf 88' lang='lat' dir='ltr'><strong>alterius,</strong></span> 
     </span>
     <span class='ocr_line' id='line_1_20' title="bbox 147 1955 1834 2030; baseline -0.002 -18"><span class='ocrx_word' id='word_1_261' title='bbox 147 1964 232 2013; x_wconf 80' lang='lat' dir='ltr'><strong>ventu</strong></span> <span class='ocrx_word' id='word_1_262' title='bbox 250 1958 345 2013; x_wconf 91' lang='lat' dir='ltr'><strong>mortis</strong></span> <span class='ocrx_word' id='word_1_263' title='bbox 361 1956 418 2012; x_wconf 88' lang='grc'><strong>1111</strong></span> <span class='ocrx_word' id='word_1_264' title='bbox 436 1957 465 2011; x_wconf 92' lang='lat' dir='ltr'><strong>in</strong></span> <span class='ocrx_word' id='word_1_265' title='bbox 485 1956 592 2012; x_wconf 89' lang='lat' dir='ltr'><strong>coelum</strong></span> <span class='ocrx_word' id='word_1_266' title='bbox 611 1957 737 2013; x_wconf 89' lang='lat' dir='ltr'><strong>translati</strong></span> <span class='ocrx_word' id='word_1_267' title='bbox 755 1957 873 2027; x_wconf 81' lang='lat' dir='ltr'><strong>fuerint,</strong></span> <span class='ocrx_word' id='word_1_268' title='bbox 896 1958 975 2029; x_wconf 92' lang='lat' dir='ltr'><strong>quid·</strong></span> <span class='ocrx_word' id='word_1_269' title='bbox 1002 1959 1052 2014; x_wconf 90' lang='lat' dir='ltr'><strong>sed</strong></span> <span class='ocrx_word' id='word_1_270' title='bbox 1072 1958 1155 2030; x_wconf 90' lang='lat' dir='ltr'><strong>hujus</strong></span> <span class='ocrx_word' id='word_1_271' title='bbox 1171 1959 1260 2028; x_wconf 87' lang='grc'><strong>11111,</strong></span> <span class='ocrx_word' id='word_1_272' title='bbox 1286 1958 1383 2030; x_wconf 87' lang='lat' dir='ltr'><strong>utique</strong></span> <span class='ocrx_word' id='word_1_273' title='bbox 1401 1959 1484 2015; x_wconf 90' lang='lat' dir='ltr'><strong>morti</strong></span> <span class='ocrx_word' id='word_1_274' title='bbox 1508 1958 1601 2014; x_wconf 89' lang='lat' dir='ltr'><strong>adhuc</strong></span> <span class='ocrx_word' id='word_1_275' title='bbox 1618 1958 1696 2013; x_wconf 85' lang='lat' dir='ltr'><strong>fuere</strong></span> <span class='ocrx_word' id='word_1_276' title='bbox 1713 1955 1834 2011; x_wconf 85' lang='lat' dir='ltr'><strong>obnoxii.</strong></span> 
     </span>
     <span class='ocr_line' id='line_1_21' title="bbox 145 2041 1833 2116; baseline -0.003 -16"><span class='ocrx_word' id='word_1_277' title='bbox 145 2062 227 2116; x_wconf 87' lang='lat' dir='ltr'><strong>quam</strong></span> <span class='ocrx_word' id='word_1_278' title='bbox 254 2044 284 2098; x_wconf 94' lang='lat' dir='ltr'><strong>in</strong></span> <span class='ocrx_word' id='word_1_279' title='bbox 310 2042 458 2114; x_wconf 86' lang='lat' dir='ltr'><strong>Scripturis</strong></span> <span class='ocrx_word' id='word_1_280' title='bbox 481 2048 584 2109; x_wconf 86' lang='lat' dir='ltr'><strong>exstat,</strong></span> <span class='ocrx_word' id='word_1_281' title='bbox 616 2043 645 2097; x_wconf 90' lang='lat' dir='ltr'><strong>id</strong></span> <span class='ocrx_word' id='word_1_282' title='bbox 670 2043 745 2115; x_wconf 91' lang='lat' dir='ltr'><strong>quod</strong></span> <span class='ocrx_word' id='word_1_283' title='bbox 769 2052 902 2115; x_wconf 87' lang='lat' dir='ltr'><strong>tanquam</strong></span> <span class='ocrx_word' id='word_1_284' title='bbox 920 2044 974 2098; x_wconf 90' lang='lat' dir='ltr'><strong>siu·</strong></span> <span class='ocrx_word' id='word_1_285' title='bbox 1002 2046 1097 2101; x_wconf 89' lang='lat' dir='ltr'><strong>Primo</strong></span> <span class='ocrx_word' id='word_1_286' title='bbox 1115 2045 1216 2101; x_wconf 91' lang='lat' dir='ltr'><strong>mortui</strong></span> <span class='ocrx_word' id='word_1_287' title='bbox 1240 2046 1318 2100; x_wconf 86' lang='lat' dir='ltr'><strong>fuere</strong></span> <span class='ocrx_word' id='word_1_288' title='bbox 1336 2062 1392 2100; x_wconf 91' lang='lat' dir='ltr'><strong>nou</strong></span> <span class='ocrx_word' id='word_1_289' title='bbox 1411 2046 1447 2100; x_wconf 89' lang='lat' dir='ltr'><strong>ad</strong></span> <span class='ocrx_word' id='word_1_290' title='bbox 1471 2045 1634 2101; x_wconf 81' lang='lat' dir='ltr'><strong>solvendum</strong></span> <span class='ocrx_word' id='word_1_291' title='bbox 1653 2048 1769 2098; x_wconf 88' lang='lat' dir='ltr'><strong>naturae</strong></span> <span class='ocrx_word' id='word_1_292' title='bbox 1787 2041 1833 2096; x_wconf 89' lang='lat' dir='ltr'><strong>dc·</strong></span> 
     </span>
     <span class='ocr_line' id='line_1_22' title="bbox 145 2129 1832 2205; baseline -0.001 -19"><span class='ocrx_word' id='word_1_293' title='bbox 145 2132 242 2205; x_wconf 83' lang='lat' dir='ltr'><strong>gulare</strong></span> <span class='ocrx_word' id='word_1_294' title='bbox 273 2135 302 2186; x_wconf 89' lang='lat' dir='ltr'><strong>et</strong></span> <span class='ocrx_word' id='word_1_295' title='bbox 329 2130 576 2188; x_wconf 77' lang='lat' dir='ltr'><strong>exbaordinarium</strong></span> <span class='ocrx_word' id='word_1_296' title='bbox 593 2130 713 2202; x_wconf 86' lang='lat' dir='ltr'><strong>Spiritus</strong></span> <span class='ocrx_word' id='word_1_297' title='bbox 740 2136 853 2187; x_wconf 90' lang='lat' dir='ltr'><strong>sanctus</strong></span> <span class='ocrx_word' id='word_1_298' title='bbox 878 2131 976 2202; x_wconf 89' lang='lat' dir='ltr'><strong>procul</strong></span> <span class='ocrx_word' id='word_1_299' title='bbox 1002 2133 1105 2198; x_wconf 85' lang='lat' dir='ltr'><strong>bitum,</strong></span> <span class='ocrx_word' id='word_1_300' title='bbox 1135 2133 1185 2187; x_wconf 87' lang='lat' dir='ltr'><strong>sed</strong></span> <span class='ocrx_word' id='word_1_301' title='bbox 1216 2138 1249 2187; x_wconf 92' lang='lat' dir='ltr'><strong>ut</strong></span> <span class='ocrx_word' id='word_1_302' title='bbox 1274 2132 1384 2188; x_wconf 82' lang='lat' dir='ltr'><strong>Christo</strong></span> <span class='ocrx_word' id='word_1_303' title='bbox 1412 2140 1441 2188; x_wconf 90' lang='grc'><strong>11</strong></span> <span class='ocrx_word' id='word_1_304' title='bbox 1459 2132 1561 2188; x_wconf 85' lang='lat' dir='ltr'><strong>sanctis</strong></span> <span class='ocrx_word' id='word_1_305' title='bbox 1586 2132 1700 2187; x_wconf 89' lang='lat' dir='ltr'><strong>daretur</strong></span> <span class='ocrx_word' id='word_1_306' title='bbox 1725 2129 1832 2185; x_wconf 90' lang='lat' dir='ltr'><strong>occasio</strong></span> 
     </span>
     <span class='ocr_line' id='line_1_23' title="bbox 144 2217 1833 2291; baseline -0.002 -17"><span class='ocrx_word' id='word_1_307' title='bbox 144 2218 229 2275; x_wconf 92' lang='lat' dir='ltr'><strong>dubio</strong></span> <span class='ocrx_word' id='word_1_308' title='bbox 256 2235 312 2273; x_wconf 92' lang='lat' dir='ltr'><strong>non</strong></span> <span class='ocrx_word' id='word_1_309' title='bbox 338 2217 581 2288; x_wconf 88' lang='lat' dir='ltr'><strong>praetermisisset,</strong></span> <span class='ocrx_word' id='word_1_310' title='bbox 615 2234 700 2288; x_wconf 89' lang='lat' dir='ltr'><strong>quare</strong></span> <span class='ocrx_word' id='word_1_311' title='bbox 727 2235 789 2272; x_wconf 91' lang='lat' dir='ltr'><strong>cum</strong></span> <span class='ocrx_word' id='word_1_312' title='bbox 808 2218 843 2272; x_wconf 91' lang='lat' dir='ltr'><strong>de</strong></span> <span class='ocrx_word' id='word_1_313' title='bbox 860 2217 975 2288; x_wconf 88' lang='lat' dir='ltr'><strong>speciali</strong></span> <span class='ocrx_word' id='word_1_314' title='bbox 1002 2219 1197 2275; x_wconf 83' lang='lat' dir='ltr'><strong>manifestandi</strong></span> <span class='ocrx_word' id='word_1_315' title='bbox 1215 2219 1331 2291; x_wconf 81' lang='lat' dir='ltr'><strong>gloriam</strong></span> <span class='ocrx_word' id='word_1_316' title='bbox 1348 2218 1409 2274; x_wconf 89' lang='lat' dir='ltr'><strong>Dei.</strong></span> <span class='ocrx_word' id='word_1_317' title='bbox 1444 2218 1508 2276; x_wconf 81' lang='lat' dir='ltr'><strong>Joh,</strong></span> <span class='ocrx_word' id='word_1_318' title='bbox 1531 2218 1833 2288; x_wconf 58' lang='grc'><strong>111111111111111</strong></span> 
     </span>
     <span class='ocr_line' id='line_1_24' title="bbox 145 2302 1834 2374; baseline -0.001 -14"><span class='ocrx_word' id='word_1_319' title='bbox 145 2306 192 2361; x_wconf 93' lang='lat' dir='ltr'><strong>illo</strong></span> <span class='ocrx_word' id='word_1_320' title='bbox 214 2303 348 2360; x_wconf 86' lang='lat' dir='ltr'><strong>beneficio</strong></span> <span class='ocrx_word' id='word_1_321' title='bbox 365 2304 395 2358; x_wconf 93' lang='lat' dir='ltr'><strong>in</strong></span> <span class='ocrx_word' id='word_1_322' title='bbox 413 2303 564 2374; x_wconf 73' lang='lat' dir='ltr'><strong>scripturis</strong></span> <span class='ocrx_word' id='word_1_323' title='bbox 582 2303 651 2358; x_wconf 91' lang='lat' dir='ltr'><strong>nihil</strong></span> <span class='ocrx_word' id='word_1_324' title='bbox 670 2304 859 2372; x_wconf 87' lang='lat' dir='ltr'><strong>contineatur,</strong></span> <span class='ocrx_word' id='word_1_325' title='bbox 884 2305 975 2359; x_wconf 91' lang='lat' dir='ltr'><strong>locum</strong></span> <span class='ocrx_word' id='word_1_326' title='bbox 1001 2302 1069 2361; x_wconf 76' lang='grc'><strong>11111</strong></span> <span class='ocrx_word' id='word_1_327' title='bbox 1099 2325 1154 2361; x_wconf 80' lang='lat' dir='ltr'><strong>coa</strong></span> <span class='ocrx_word' id='word_1_328' title='bbox 1180 2314 1220 2361; x_wconf 86' lang='lat' dir='ltr'><strong>est</strong></span> <span class='ocrx_word' id='word_1_329' title='bbox 1243 2308 1285 2360; x_wconf 82' lang='lat' dir='ltr'><strong>acl</strong></span> <span class='ocrx_word' id='word_1_330' title='bbox 1306 2313 1421 2360; x_wconf 84' lang='lat' dir='ltr'><strong>mortem</strong></span> <span class='ocrx_word' id='word_1_331' title='bbox 1459 2306 1501 2372; x_wconf 90' lang='lat' dir='ltr'><strong>(ut</strong></span> <span class='ocrx_word' id='word_1_332' title='bbox 1527 2305 1556 2360; x_wconf 89' lang='lat' dir='ltr'><strong>in</strong></span> <span class='ocrx_word' id='word_1_333' title='bbox 1573 2322 1607 2360; x_wconf 91' lang='lat' dir='ltr'><strong>ea</strong></span> <span class='ocrx_word' id='word_1_334' title='bbox 1632 2309 1789 2374; x_wconf 86' lang='lat' dir='ltr'><strong>perseveret</strong></span> <span class='ocrx_word' id='word_1_335' title='bbox 1805 2310 1834 2359; x_wconf 91' lang='lat' dir='ltr'><strong>et</strong></span> 
     </span>
     <span class='ocr_line' id='line_1_25' title="bbox 146 2387 1833 2464; baseline -0.003 -17"><span class='ocrx_word' id='word_1_336' title='bbox 146 2392 255 2447; x_wconf 90' lang='lat' dir='ltr'><strong>omnino</strong></span> <span class='ocrx_word' id='word_1_337' title='bbox 286 2389 400 2446; x_wconf 89' lang='lat' dir='ltr'><strong>habebit</strong></span> <span class='ocrx_word' id='word_1_338' title='bbox 435 2388 574 2461; x_wconf 87' lang='lat' dir='ltr'><strong>generalis</strong></span> <span class='ocrx_word' id='word_1_339' title='bbox 599 2390 698 2462; x_wconf 86' lang='lat' dir='ltr'><strong>regula</strong></span> <span class='ocrx_word' id='word_1_340' title='bbox 726 2387 797 2446; x_wconf 81' lang='lat' dir='ltr'><strong>Gen.</strong></span> <span class='ocrx_word' id='word_1_341' title='bbox 822 2395 852 2459; x_wconf 89' lang='lat'><strong>3,</strong></span> <span class='ocrx_word' id='word_1_342' title='bbox 883 2408 908 2443; x_wconf 94' lang='grc'><strong>1.</strong></span> <span class='ocrx_word' id='word_1_343' title='bbox 929 2396 973 2447; x_wconf 75' lang='grc'><strong>191</strong></span> <span class='ocrx_word' id='word_1_344' title='bbox 1001 2398 1162 2463; x_wconf 88' lang='lat' dir='ltr'><strong>permaneat</strong></span> <span class='ocrx_word' id='word_1_345' title='bbox 1185 2409 1274 2464; x_wconf 88' lang='lat' dir='ltr'><strong>usque</strong></span> <span class='ocrx_word' id='word_1_346' title='bbox 1299 2392 1335 2447; x_wconf 92' lang='lat' dir='ltr'><strong>ad</strong></span> <span class='ocrx_word' id='word_1_347' title='bbox 1360 2397 1511 2447; x_wconf 86' lang='lat' dir='ltr'><strong>extremum</strong></span> <span class='ocrx_word' id='word_1_348' title='bbox 1522 2390 1659 2462; x_wconf 88' lang='lat' dir='ltr'><strong>judicium</strong></span> <span class='ocrx_word' id='word_1_349' title='bbox 1679 2395 1708 2445; x_wconf 90' lang='lat' dir='ltr'><strong>et</strong></span> <span class='ocrx_word' id='word_1_350' title='bbox 1724 2388 1833 2445; x_wconf 83' lang='lat' dir='ltr'><strong>unirer·</strong></span> 
     </span>
     <span class='ocr_line' id='line_1_26' title="bbox 144 2476 1833 2548; baseline -0.002 -16"><span class='ocrx_word' id='word_1_351' title='bbox 144 2478 244 2532; x_wconf 78' lang='lat' dir='ltr'><strong>Palaia</strong></span> <span class='ocrx_word' id='word_1_352' title='bbox 267 2494 297 2531; x_wconf 83' lang='lat' dir='ltr'><strong>es</strong></span> <span class='ocrx_word' id='word_1_353' title='bbox 320 2484 346 2531; x_wconf 84' lang='lat' dir='ltr'><strong>et</strong></span> <span class='ocrx_word' id='word_1_354' title='bbox 370 2477 400 2531; x_wconf 82' lang='lat' dir='ltr'><strong>ia</strong></span> <span class='ocrx_word' id='word_1_355' title='bbox 420 2476 565 2546; x_wconf 79' lang='lat' dir='ltr'><strong>pulverem</strong></span> <span class='ocrx_word' id='word_1_356' title='bbox 587 2478 750 2544; x_wconf 78' lang='lat' dir='ltr'><strong>reuerteris,</strong></span> <span class='ocrx_word' id='word_1_357' title='bbox 781 2494 844 2531; x_wconf 90' lang='lat' dir='ltr'><strong>cum</strong></span> <span class='ocrx_word' id='word_1_358' title='bbox 867 2477 975 2548; x_wconf 85' lang='lat' dir='ltr'><strong>peccati</strong></span> <span class='ocrx_word' id='word_1_359' title='bbox 1002 2479 1087 2534; x_wconf 86' lang='lat' dir='ltr'><strong>salem</strong></span> <span class='ocrx_word' id='word_1_360' title='bbox 1125 2478 1378 2548; x_wconf 88' lang='lat' dir='ltr'><strong>resurrectionem),</strong></span> <span class='ocrx_word' id='word_1_361' title='bbox 1408 2480 1460 2533; x_wconf 82' lang='lat' dir='ltr'><strong>sed</strong></span> <span class='ocrx_word' id='word_1_362' title='bbox 1483 2496 1541 2548; x_wconf 76' lang='lat' dir='ltr'><strong>pro</strong></span> <span class='ocrx_word' id='word_1_363' title='bbox 1574 2477 1669 2547; x_wconf 76' lang='lat' dir='ltr'><strong>plor-ic</strong></span> <span class='ocrx_word' id='word_1_364' title='bbox 1698 2476 1833 2544; x_wconf 73' lang='lat' dir='ltr'><strong>Des&#39;,³ut</strong></span> 
     </span>
     <span class='ocr_line' id='line_1_27' title="bbox 144 2561 1831 2637; baseline -0.001 -18"><span class='ocrx_word' id='word_1_365' title='bbox 144 2580 235 2636; x_wconf 90' lang='lat' dir='ltr'><strong>poena</strong></span> <span class='ocrx_word' id='word_1_366' title='bbox 260 2580 316 2619; x_wconf 91' lang='lat' dir='ltr'><strong>non</strong></span> <span class='ocrx_word' id='word_1_367' title='bbox 342 2563 431 2619; x_wconf 92' lang='lat' dir='ltr'><strong>solum</strong></span> <span class='ocrx_word' id='word_1_368' title='bbox 459 2562 496 2617; x_wconf 88' lang='lat' dir='ltr'><strong>sit</strong></span> <span class='ocrx_word' id='word_1_369' title='bbox 520 2561 629 2618; x_wconf 89' lang='lat' dir='ltr'><strong>animae</strong></span> <span class='ocrx_word' id='word_1_370' title='bbox 657 2579 813 2635; x_wconf 87' lang='lat' dir='ltr'><strong>acorpore</strong></span> <span class='ocrx_word' id='word_1_371' title='bbox 829 2565 975 2634; x_wconf 87' lang='lat' dir='ltr'><strong>separatio,</strong></span> <span class='ocrx_word' id='word_1_372' title='bbox 1001 2567 1175 2637; x_wconf 67' lang='lat' dir='ltr'><strong>glorificetur</strong></span> <span class='ocrx_word' id='word_1_373' title='bbox 1213 2566 1308 2620; x_wconf 77' lang='lat' dir='ltr'><strong>Filios</strong></span> <span class='ocrx_word' id='word_1_374' title='bbox 1332 2566 1392 2619; x_wconf 84' lang='lat' dir='ltr'><strong>Dei</strong></span> <span class='ocrx_word' id='word_1_375' title='bbox 1419 2582 1472 2636; x_wconf 84' lang='lat' dir='ltr'><strong>per</strong></span> <span class='ocrx_word' id='word_1_376' title='bbox 1504 2582 1565 2619; x_wconf 85' lang='lat' dir='ltr'><strong>eom</strong></span> <span class='ocrx_word' id='word_1_377' title='bbox 1603 2561 1831 2631; x_wconf 86' lang='lat' dir='ltr'><strong>(extraordinaria</strong></span> 
     </span>
     <span class='ocr_line' id='line_1_28' title="bbox 145 2649 1828 2722; baseline -0.002 -16"><span class='ocrx_word' id='word_1_378' title='bbox 145 2652 193 2707; x_wconf 90' lang='lat' dir='ltr'><strong>sed</strong></span> <span class='ocrx_word' id='word_1_379' title='bbox 216 2650 299 2706; x_wconf 87' lang='lat' dir='ltr'><strong>etiam</strong></span> <span class='ocrx_word' id='word_1_380' title='bbox 322 2649 444 2721; x_wconf 89' lang='lat' dir='ltr'><strong>eorporis</strong></span> <span class='ocrx_word' id='word_1_381' title='bbox 469 2650 498 2703; x_wconf 89' lang='lat' dir='ltr'><strong>in</strong></span> <span class='ocrx_word' id='word_1_382' title='bbox 521 2649 642 2705; x_wconf 87' lang='lat' dir='ltr'><strong>cinerem</strong></span> <span class='ocrx_word' id='word_1_383' title='bbox 665 2650 804 2720; x_wconf 79' lang='lat' dir='ltr'><strong>redacti03</strong></span> <span class='ocrx_word' id='word_1_384' title='bbox 833 2657 892 2705; x_wconf 89' lang='lat' dir='ltr'><strong>tum</strong></span> <span class='ocrx_word' id='word_1_385' title='bbox 910 2651 976 2722; x_wconf 88' lang='lat' dir='ltr'><strong>qnia</strong></span> <span class='ocrx_word' id='word_1_386' title='bbox 1002 2660 1031 2710; x_wconf 91' lang='lat' dir='ltr'><strong>et</strong></span> <span class='ocrx_word' id='word_1_387' title='bbox 1049 2653 1214 2709; x_wconf 90' lang='lat' dir='ltr'><strong>miraculosa</strong></span> <span class='ocrx_word' id='word_1_388' title='bbox 1242 2652 1350 2708; x_wconf 88' lang='lat' dir='ltr'><strong>actione</strong></span> <span class='ocrx_word' id='word_1_389' title='bbox 1380 2669 1398 2708; x_wconf 93' lang='lat' dir='ltr'><strong>a</strong></span> <span class='ocrx_word' id='word_1_390' title='bbox 1428 2658 1516 2708; x_wconf 90' lang='lat' dir='ltr'><strong>morte</strong></span> <span class='ocrx_word' id='word_1_391' title='bbox 1543 2653 1634 2722; x_wconf 92' lang='lat' dir='ltr'><strong>ipsum</strong></span> <span class='ocrx_word' id='word_1_392' title='bbox 1664 2649 1828 2716; x_wconf 87' lang='lat' dir='ltr'><strong>excitando).</strong></span> 
     </span>
     <span class='ocr_line' id='line_1_29' title="bbox 146 2735 1832 2809; baseline -0.002 -16"><span class='ocrx_word' id='word_1_393' title='bbox 146 2739 174 2793; x_wconf 95' lang='lat' dir='ltr'><strong>in</strong></span> <span class='ocrx_word' id='word_1_394' title='bbox 203 2737 340 2793; x_wconf 86' lang='lat' dir='ltr'><strong>historicis</strong></span> <span class='ocrx_word' id='word_1_395' title='bbox 365 2752 421 2791; x_wconf 91' lang='lat' dir='ltr'><strong>non</strong></span> <span class='ocrx_word' id='word_1_396' title='bbox 451 2735 517 2792; x_wconf 92' lang='lat' dir='ltr'><strong>licet</strong></span> <span class='ocrx_word' id='word_1_397' title='bbox 547 2753 580 2790; x_wconf 83' lang='lat' dir='ltr'><strong>ex</strong></span> <span class='ocrx_word' id='word_1_398' title='bbox 606 2736 755 2806; x_wconf 83' lang='lat' dir='ltr'><strong>scripturis</strong></span> <span class='ocrx_word' id='word_1_399' title='bbox 789 2738 975 2809; x_wconf 86' lang='lat' dir='ltr'><strong>argumentari</strong></span> <span class='ocrx_word' id='word_1_400' title='bbox 1001 2739 1148 2807; x_wconf 79' lang='lat' dir='ltr'><strong>Mache,</strong></span> <span class='ocrx_word' id='word_1_401' title='bbox 1175 2757 1201 2794; x_wconf 89' lang='grc'><strong>1.</strong></span> <span class='ocrx_word' id='word_1_402' title='bbox 1235 2744 1276 2794; x_wconf 83' lang='grc'><strong>21.</strong></span> <span class='ocrx_word' id='word_1_403' title='bbox 1316 2738 1386 2794; x_wconf 87' lang='lat' dir='ltr'><strong>Luc.</strong></span> <span class='ocrx_word' id='word_1_404' title='bbox 1419 2744 1450 2808; x_wconf 92' lang='lat'><strong>8,</strong></span> <span class='ocrx_word' id='word_1_405' title='bbox 1473 2756 1499 2795; x_wconf 90' lang='grc'><strong>1,</strong></span> <span class='ocrx_word' id='word_1_406' title='bbox 1532 2743 1572 2793; x_wconf 93' lang='grc'><strong>52.</strong></span> <span class='ocrx_word' id='word_1_407' title='bbox 1607 2736 1676 2792; x_wconf 91' lang='lat' dir='ltr'><strong>dicit</strong></span> <span class='ocrx_word' id='word_1_408' title='bbox 1706 2735 1832 2793; x_wconf 83' lang='lat' dir='ltr'><strong>Christus</strong></span> 
     </span>
     <span class='ocr_line' id='line_1_30' title="bbox 145 2822 1834 2898; baseline -0.004 -17"><span class='ocrx_word' id='word_1_409' title='bbox 145 2825 290 2898; x_wconf 86' lang='lat' dir='ltr'><strong>negative,</strong></span> <span class='ocrx_word' id='word_1_410' title='bbox 322 2823 372 2880; x_wconf 91' lang='lat' dir='ltr'><strong>sed</strong></span> <span class='ocrx_word' id='word_1_411' title='bbox 399 2827 508 2877; x_wconf 88' lang='lat' dir='ltr'><strong>tantum</strong></span> <span class='ocrx_word' id='word_1_412' title='bbox 534 2823 563 2877; x_wconf 91' lang='lat' dir='ltr'><strong>in</strong></span> <span class='ocrx_word' id='word_1_413' title='bbox 580 2822 645 2878; x_wconf 85' lang='lat' dir='ltr'><strong>fidei</strong></span> <span class='ocrx_word' id='word_1_414' title='bbox 663 2823 802 2894; x_wconf 86' lang='lat' dir='ltr'><strong>articulis;</strong></span> <span class='ocrx_word' id='word_1_415' title='bbox 832 2830 891 2879; x_wconf 93' lang='lat' dir='ltr'><strong>tum</strong></span> <span class='ocrx_word' id='word_1_416' title='bbox 910 2823 976 2895; x_wconf 89' lang='lat' dir='ltr'><strong>quia</strong></span> <span class='ocrx_word' id='word_1_417' title='bbox 1002 2829 1037 2883; x_wconf 88' lang='lat' dir='ltr'><strong>de</strong></span> <span class='ocrx_word' id='word_1_418' title='bbox 1071 2826 1129 2881; x_wconf 86' lang='lat' dir='ltr'><strong>lilia</strong></span> <span class='ocrx_word' id='word_1_419' title='bbox 1164 2825 1249 2880; x_wconf 78' lang='lat' dir='ltr'><strong>deiri:</strong></span> <span class='ocrx_word' id='word_1_420' title='bbox 1287 2825 1391 2880; x_wconf 81' lang='lat' dir='ltr'><strong>Pacilo</strong></span> <span class='ocrx_word' id='word_1_421' title='bbox 1431 2842 1488 2879; x_wconf 78' lang='lat' dir='ltr'><strong>soa</strong></span> <span class='ocrx_word' id='word_1_422' title='bbox 1524 2831 1564 2879; x_wconf 83' lang='lat' dir='ltr'><strong>est</strong></span> <span class='ocrx_word' id='word_1_423' title='bbox 1611 2831 1735 2886; x_wconf 80' lang='lat' dir='ltr'><strong>mortuo,</strong></span> <span class='ocrx_word' id='word_1_424' title='bbox 1782 2824 1834 2875; x_wconf 82' lang='lat' dir='ltr'><strong>sod</strong></span> 
     </span>
     <span class='ocr_line' id='line_1_31' title="bbox 145 2907 1833 2984; baseline -0.004 -17"><span class='ocrx_word' id='word_1_425' title='bbox 145 2912 247 2967; x_wconf 89' lang='lat' dir='ltr'><strong>indicia</strong></span> <span class='ocrx_word' id='word_1_426' title='bbox 264 2911 338 2965; x_wconf 90' lang='lat' dir='ltr'><strong>haud</strong></span> <span class='ocrx_word' id='word_1_427' title='bbox 360 2909 479 2965; x_wconf 87' lang='lat' dir='ltr'><strong>obscura</strong></span> <span class='ocrx_word' id='word_1_428' title='bbox 496 2910 524 2965; x_wconf 93' lang='lat' dir='ltr'><strong>in</strong></span> <span class='ocrx_word' id='word_1_429' title='bbox 542 2909 691 2982; x_wconf 79' lang='lat' dir='ltr'><strong>scripturis</strong></span> <span class='ocrx_word' id='word_1_430' title='bbox 711 2915 833 2976; x_wconf 83' lang='lat' dir='ltr'><strong>exstant,</strong></span> <span class='ocrx_word' id='word_1_431' title='bbox 861 2927 894 2966; x_wconf 87' lang='lat' dir='ltr'><strong>ex</strong></span> <span class='ocrx_word' id='word_1_432' title='bbox 916 2912 975 2984; x_wconf 90' lang='lat' dir='ltr'><strong>qui-</strong></span> <span class='ocrx_word' id='word_1_433' title='bbox 1002 2913 1114 2969; x_wconf 82' lang='lat' dir='ltr'><strong>dorms‘t.</strong></span> <span class='ocrx_word' id='word_1_434' title='bbox 1149 2912 1223 2969; x_wconf 89' lang='lat' dir='ltr'><strong>Vere</strong></span> <span class='ocrx_word' id='word_1_435' title='bbox 1240 2910 1353 2983; x_wconf 89' lang='lat' dir='ltr'><strong>quidem</strong></span> <span class='ocrx_word' id='word_1_436' title='bbox 1370 2915 1479 2967; x_wconf 91' lang='lat' dir='ltr'><strong>mortua</strong></span> <span class='ocrx_word' id='word_1_437' title='bbox 1496 2916 1563 2979; x_wconf 86' lang='lat' dir='ltr'><strong>erat,</strong></span> <span class='ocrx_word' id='word_1_438' title='bbox 1580 2909 1649 2965; x_wconf 89' lang='lat' dir='ltr'><strong>alias</strong></span> <span class='ocrx_word' id='word_1_439' title='bbox 1667 2926 1723 2963; x_wconf 92' lang='lat' dir='ltr'><strong>non</strong></span> <span class='ocrx_word' id='word_1_440' title='bbox 1734 2907 1833 2963; x_wconf 86' lang='lat' dir='ltr'><strong>fuisset</strong></span> 
     </span>
     <span class='ocr_line' id='line_1_32' title="bbox 146 2993 1830 3070; baseline -0.004 -16"><span class='ocrx_word' id='word_1_441' title='bbox 146 2999 199 3054; x_wconf 91' lang='lat' dir='ltr'><strong>bus</strong></span> <span class='ocrx_word' id='word_1_442' title='bbox 215 2998 311 3070; x_wconf 84' lang='lat' dir='ltr'><strong>colligi</strong></span> <span class='ocrx_word' id='word_1_443' title='bbox 331 3002 437 3067; x_wconf 87' lang='lat' dir='ltr'><strong>potest,</strong></span> <span class='ocrx_word' id='word_1_444' title='bbox 463 2996 525 3053; x_wconf 89' lang='lat' dir='ltr'><strong>illos</strong></span> <span class='ocrx_word' id='word_1_445' title='bbox 542 2996 578 3052; x_wconf 92' lang='lat' dir='ltr'><strong>ad</strong></span> <span class='ocrx_word' id='word_1_446' title='bbox 596 2997 776 3068; x_wconf 87' lang='lat' dir='ltr'><strong>temporalem</strong></span> <span class='ocrx_word' id='word_1_447' title='bbox 794 3003 823 3054; x_wconf 89' lang='lat' dir='ltr'><strong>et</strong></span> <span class='ocrx_word' id='word_1_448' title='bbox 840 2999 975 3068; x_wconf 83' lang='lat' dir='ltr'><strong>corrupti·</strong></span> <span class='ocrx_word' id='word_1_449' title='bbox 1000 3016 1066 3056; x_wconf 85' lang='grc'><strong>1111</strong></span> <span class='ocrx_word' id='word_1_450' title='bbox 1098 2999 1284 3064; x_wconf 88' lang='lat' dir='ltr'><strong>resuscitatio,</strong></span> <span class='ocrx_word' id='word_1_451' title='bbox 1315 3016 1366 3054; x_wconf 86' lang='lat' dir='ltr'><strong>nec</strong></span> <span class='ocrx_word' id='word_1_452' title='bbox 1385 3015 1480 3053; x_wconf 85' lang='lat' dir='ltr'><strong>verum</strong></span> <span class='ocrx_word' id='word_1_453' title='bbox 1515 2996 1691 3065; x_wconf 87' lang='lat' dir='ltr'><strong>miraculum,</strong></span> <span class='ocrx_word' id='word_1_454' title='bbox 1721 2993 1830 3050; x_wconf 87' lang='lat' dir='ltr'><strong>interim</strong></span> 
     </span>
     <span class='ocr_line' id='line_1_33' title="bbox 144 3083 1830 3158; baseline -0.004 -17"><span class='ocrx_word' id='word_1_455' title='bbox 144 3085 227 3141; x_wconf 90' lang='lat' dir='ltr'><strong>bilem</strong></span> <span class='ocrx_word' id='word_1_456' title='bbox 256 3085 342 3138; x_wconf 84' lang='lat' dir='ltr'><strong>vitam</strong></span> <span class='ocrx_word' id='word_1_457' title='bbox 369 3083 546 3138; x_wconf 88' lang='lat' dir='ltr'><strong>resuscitatos</strong></span> <span class='ocrx_word' id='word_1_458' title='bbox 570 3099 630 3139; x_wconf 89' lang='lat' dir='ltr'><strong>esse</strong></span> <span class='ocrx_word' id='word_1_459' title='bbox 666 3090 694 3140; x_wconf 87' lang='lat' dir='ltr'><strong>et</strong></span> <span class='ocrx_word' id='word_1_460' title='bbox 722 3101 822 3155; x_wconf 89' lang='lat' dir='ltr'><strong>corpus</strong></span> <span class='ocrx_word' id='word_1_461' title='bbox 847 3085 974 3154; x_wconf 88' lang='lat' dir='ltr'><strong>animale,</strong></span> <span class='ocrx_word' id='word_1_462' title='bbox 1000 3087 1125 3144; x_wconf 84' lang='lat' dir='ltr'><strong>Christus</strong></span> <span class='ocrx_word' id='word_1_463' title='bbox 1142 3092 1235 3158; x_wconf 87' lang='lat' dir='ltr'><strong>negat,</strong></span> <span class='ocrx_word' id='word_1_464' title='bbox 1253 3102 1315 3141; x_wconf 89' lang='lat' dir='ltr'><strong>eam</strong></span> <span class='ocrx_word' id='word_1_465' title='bbox 1333 3101 1393 3141; x_wconf 89' lang='lat' dir='ltr'><strong>esse</strong></span> <span class='ocrx_word' id='word_1_466' title='bbox 1412 3088 1556 3147; x_wconf 89' lang='lat' dir='ltr'><strong>mortuam,</strong></span> <span class='ocrx_word' id='word_1_467' title='bbox 1578 3083 1644 3154; x_wconf 89' lang='lat' dir='ltr'><strong>quia</strong></span> <span class='ocrx_word' id='word_1_468' title='bbox 1659 3083 1777 3153; x_wconf 74' lang='lat' dir='ltr'><strong>jamJam</strong></span> <span class='ocrx_word' id='word_1_469' title='bbox 1795 3096 1830 3136; x_wconf 85' lang='lat' dir='ltr'><strong>ex</strong></span> 
     </span>
     <span class='ocr_line' id='line_1_34' title="bbox 144 3166 1832 3240; baseline -0.002 -15"><span class='ocrx_word' id='word_1_470' title='bbox 144 3171 258 3226; x_wconf 87' lang='lat' dir='ltr'><strong>mortale</strong></span> <span class='ocrx_word' id='word_1_471' title='bbox 288 3186 323 3225; x_wconf 88' lang='lat' dir='ltr'><strong>ac</strong></span> <span class='ocrx_word' id='word_1_472' title='bbox 354 3167 532 3239; x_wconf 90' lang='lat' dir='ltr'><strong>corruptibile</strong></span> <span class='ocrx_word' id='word_1_473' title='bbox 565 3186 658 3225; x_wconf 90' lang='lat' dir='ltr'><strong>secum</strong></span> <span class='ocrx_word' id='word_1_474' title='bbox 698 3170 831 3226; x_wconf 88' lang='lat' dir='ltr'><strong>retulisse.</strong></span> <span class='ocrx_word' id='word_1_475' title='bbox 886 3172 974 3226; x_wconf 83' lang='lat' dir='ltr'><strong>Filius</strong></span> <span class='ocrx_word' id='word_1_476' title='bbox 999 3180 1088 3229; x_wconf 92' lang='lat' dir='ltr'><strong>morte</strong></span> <span class='ocrx_word' id='word_1_477' title='bbox 1111 3179 1172 3228; x_wconf 87' lang='lat' dir='ltr'><strong>erat</strong></span> <span class='ocrx_word' id='word_1_478' title='bbox 1204 3172 1377 3240; x_wconf 88' lang='lat' dir='ltr'><strong>suscitanda,</strong></span> <span class='ocrx_word' id='word_1_479' title='bbox 1408 3171 1527 3226; x_wconf 90' lang='lat' dir='ltr'><strong>necdum</strong></span> <span class='ocrx_word' id='word_1_480' title='bbox 1556 3169 1641 3225; x_wconf 89' lang='lat' dir='ltr'><strong>talem</strong></span> <span class='ocrx_word' id='word_1_481' title='bbox 1664 3166 1832 3224; x_wconf 87' lang='lat' dir='ltr'><strong>occubuerat</strong></span> 
     </span>
     <span class='ocr_line' id='line_1_35' title="bbox 148 3253 1830 3330; baseline -0.002 -19"><span class='ocrx_word' id='word_1_482' title='bbox 148 3257 249 3313; x_wconf 85' lang='lat' dir='ltr'><strong>viduas</strong></span> <span class='ocrx_word' id='word_1_483' title='bbox 269 3257 455 3328; x_wconf 74' lang='lat' dir='ltr'><strong>sareptanae,</strong></span> <span class='ocrx_word' id='word_1_484' title='bbox 483 3254 520 3310; x_wconf 91' lang='lat' dir='ltr'><strong>ab</strong></span> <span class='ocrx_word' id='word_1_485' title='bbox 537 3254 600 3310; x_wconf 86' lang='lat' dir='ltr'><strong>Elia</strong></span> <span class='ocrx_word' id='word_1_486' title='bbox 619 3256 810 3322; x_wconf 90' lang='lat' dir='ltr'><strong>resuscitatus,</strong></span> <span class='ocrx_word' id='word_1_487' title='bbox 845 3260 974 3313; x_wconf 81' lang='lat' dir='ltr'><strong>traditas·</strong></span> <span class='ocrx_word' id='word_1_488' title='bbox 1001 3264 1130 3327; x_wconf 87' lang='lat' dir='ltr'><strong>mortem,</strong></span> <span class='ocrx_word' id='word_1_489' title='bbox 1149 3275 1221 3330; x_wconf 90' lang='lat' dir='ltr'><strong>quae</strong></span> <span class='ocrx_word' id='word_1_490' title='bbox 1239 3265 1282 3314; x_wconf 90' lang='lat' dir='ltr'><strong>est</strong></span> <span class='ocrx_word' id='word_1_491' title='bbox 1295 3275 1441 3314; x_wconf 89' lang='lat' dir='ltr'><strong>commune</strong></span> <span class='ocrx_word' id='word_1_492' title='bbox 1462 3264 1577 3312; x_wconf 89' lang='lat' dir='ltr'><strong>naturae</strong></span> <span class='ocrx_word' id='word_1_493' title='bbox 1602 3255 1727 3311; x_wconf 88' lang='lat' dir='ltr'><strong>debitum</strong></span> <span class='ocrx_word' id='word_1_494' title='bbox 1753 3259 1783 3309; x_wconf 91' lang='lat' dir='ltr'><strong>et</strong></span> <span class='ocrx_word' id='word_1_495' title='bbox 1800 3253 1830 3307; x_wconf 89' lang='lat' dir='ltr'><strong>in</strong></span> 
     </span>
     <span class='ocr_line' id='line_1_36' title="bbox 143 3342 1830 3418; baseline -0.002 -20"><span class='ocrx_word' id='word_1_496' title='bbox 143 3346 230 3398; x_wconf 81' lang='lat' dir='ltr'><strong>matri</strong></span> <span class='ocrx_word' id='word_1_497' title='bbox 247 3359 316 3398; x_wconf 84' lang='lat' dir='ltr'><strong>saoe</strong></span> <span class='ocrx_word' id='word_1_498' title='bbox 340 3348 363 3399; x_wconf 97' lang='grc'><strong>1.</strong></span> <span class='ocrx_word' id='word_1_499' title='bbox 389 3342 459 3415; x_wconf 86' lang='lat' dir='ltr'><strong>Reg.</strong></span> <span class='ocrx_word' id='word_1_500' title='bbox 484 3348 529 3405; x_wconf 83' lang='grc'><strong>11,</strong></span> <span class='ocrx_word' id='word_1_501' title='bbox 555 3360 579 3398; x_wconf 86' lang='lat' dir='ltr'><strong>r.</strong></span> <span class='ocrx_word' id='word_1_502' title='bbox 605 3348 646 3398; x_wconf 82' lang='grc'><strong>23.</strong></span> <span class='ocrx_word' id='word_1_503' title='bbox 678 3360 744 3416; x_wconf 83' lang='lat' dir='ltr'><strong>ergo</strong></span> <span class='ocrx_word' id='word_1_504' title='bbox 774 3360 830 3399; x_wconf 93' lang='lat' dir='ltr'><strong>uon</strong></span> <span class='ocrx_word' id='word_1_505' title='bbox 860 3344 913 3401; x_wconf 85' lang='lat' dir='ltr'><strong>fuit</strong></span> <span class='ocrx_word' id='word_1_506' title='bbox 944 3345 973 3400; x_wconf 92' lang='lat' dir='ltr'><strong>in</strong></span> <span class='ocrx_word' id='word_1_507' title='bbox 1001 3363 1057 3418; x_wconf 92' lang='lat' dir='ltr'><strong>qua</strong></span> <span class='ocrx_word' id='word_1_508' title='bbox 1072 3361 1161 3417; x_wconf 90' lang='lat' dir='ltr'><strong>usque</strong></span> <span class='ocrx_word' id='word_1_509' title='bbox 1185 3345 1222 3400; x_wconf 91' lang='lat' dir='ltr'><strong>ad</strong></span> <span class='ocrx_word' id='word_1_510' title='bbox 1243 3351 1394 3401; x_wconf 87' lang='lat' dir='ltr'><strong>extremum</strong></span> <span class='ocrx_word' id='word_1_511' title='bbox 1414 3344 1553 3417; x_wconf 87' lang='lat' dir='ltr'><strong>judicium</strong></span> <span class='ocrx_word' id='word_1_512' title='bbox 1578 3349 1639 3399; x_wconf 89' lang='lat' dir='ltr'><strong>erat</strong></span> <span class='ocrx_word' id='word_1_513' title='bbox 1654 3356 1830 3413; x_wconf 78' lang='lat' dir='ltr'><strong>perseverari·</strong></span> 
     </span>
     <span class='ocr_line' id='line_1_37' title="bbox 143 3427 1829 3505; baseline -0.004 -18"><span class='ocrx_word' id='word_1_514' title='bbox 143 3431 261 3505; x_wconf 89' lang='lat' dir='ltr'><strong>gloriam</strong></span> <span class='ocrx_word' id='word_1_515' title='bbox 278 3430 425 3486; x_wconf 89' lang='lat' dir='ltr'><strong>coelestem</strong></span> <span class='ocrx_word' id='word_1_516' title='bbox 443 3428 596 3500; x_wconf 81' lang='lat' dir='ltr'><strong>ablegatus,</strong></span> <span class='ocrx_word' id='word_1_517' title='bbox 614 3429 664 3486; x_wconf 90' lang='lat' dir='ltr'><strong>sed</strong></span> <span class='ocrx_word' id='word_1_518' title='bbox 684 3429 714 3484; x_wconf 91' lang='lat' dir='ltr'><strong>iu</strong></span> <span class='ocrx_word' id='word_1_519' title='bbox 725 3435 862 3486; x_wconf 89' lang='lat' dir='ltr'><strong>terrenam</strong></span> <span class='ocrx_word' id='word_1_520' title='bbox 878 3432 973 3487; x_wconf 87' lang='lat' dir='ltr'><strong>matris</strong></span> <span class='ocrx_word' id='word_1_521' title='bbox 1001 3435 1075 3489; x_wconf 87' lang='lat' dir='ltr'><strong>dum.</strong></span> <span class='ocrx_word' id='word_1_522' title='bbox 1114 3434 1210 3488; x_wconf 83' lang='lat' dir='ltr'><strong>Actor.</strong></span> <span class='ocrx_word' id='word_1_523' title='bbox 1230 3438 1318 3501; x_wconf 89' lang='grc'><strong>20,1.</strong></span> <span class='ocrx_word' id='word_1_524' title='bbox 1339 3438 1379 3488; x_wconf 90' lang='grc'><strong>10.</strong></span> <span class='ocrx_word' id='word_1_525' title='bbox 1414 3431 1520 3487; x_wconf 83' lang='lat' dir='ltr'><strong>Paulus</strong></span> <span class='ocrx_word' id='word_1_526' title='bbox 1539 3431 1573 3487; x_wconf 92' lang='lat' dir='ltr'><strong>de</strong></span> <span class='ocrx_word' id='word_1_527' title='bbox 1590 3429 1720 3500; x_wconf 85' lang='lat' dir='ltr'><strong>Eutycho</strong></span> <span class='ocrx_word' id='word_1_528' title='bbox 1745 3427 1829 3483; x_wconf 89' lang='lat' dir='ltr'><strong>dicit:</strong></span> 
     </span>
     <span class='ocr_line' id='line_1_38' title="bbox 143 3514 1830 3592; baseline -0.004 -18"><span class='ocrx_word' id='word_1_529' title='bbox 143 3517 277 3574; x_wconf 81' lang='lat' dir='ltr'><strong>familiam</strong></span> <span class='ocrx_word' id='word_1_530' title='bbox 303 3523 331 3572; x_wconf 89' lang='grc'><strong>11</strong></span> <span class='ocrx_word' id='word_1_531' title='bbox 356 3516 542 3572; x_wconf 90' lang='lat' dir='ltr'><strong>oeconomiam</strong></span> <span class='ocrx_word' id='word_1_532' title='bbox 565 3516 704 3572; x_wconf 86' lang='lat' dir='ltr'><strong>reductus.</strong></span> <span class='ocrx_word' id='word_1_533' title='bbox 753 3517 831 3572; x_wconf 91' lang='lat' dir='ltr'><strong>Idem</strong></span> <span class='ocrx_word' id='word_1_534' title='bbox 856 3518 891 3573; x_wconf 92' lang='lat' dir='ltr'><strong>de</strong></span> <span class='ocrx_word' id='word_1_535' title='bbox 916 3518 973 3574; x_wconf 86' lang='lat' dir='ltr'><strong>tilio</strong></span> <span class='ocrx_word' id='word_1_536' title='bbox 999 3520 1106 3575; x_wconf 75' lang='lat' dir='ltr'><strong>Animo</strong></span> <span class='ocrx_word' id='word_1_537' title='bbox 1129 3521 1192 3590; x_wconf 82' lang='lat' dir='ltr'><strong>ejas</strong></span> <span class='ocrx_word' id='word_1_538' title='bbox 1215 3528 1255 3574; x_wconf 86' lang='lat' dir='ltr'><strong>est</strong></span> <span class='ocrx_word' id='word_1_539' title='bbox 1281 3519 1312 3573; x_wconf 83' lang='lat' dir='ltr'><strong>s‘a</strong></span> <span class='ocrx_word' id='word_1_540' title='bbox 1339 3521 1416 3592; x_wconf 75' lang='lat' dir='ltr'><strong>spec,</strong></span> <span class='ocrx_word' id='word_1_541' title='bbox 1447 3535 1503 3573; x_wconf 92' lang='lat' dir='ltr'><strong>non</strong></span> <span class='ocrx_word' id='word_1_542' title='bbox 1523 3518 1598 3590; x_wconf 91' lang='lat' dir='ltr'><strong>quod</strong></span> <span class='ocrx_word' id='word_1_543' title='bbox 1613 3514 1757 3587; x_wconf 84' lang='lat' dir='ltr'><strong>Eutychus</strong></span> <span class='ocrx_word' id='word_1_544' title='bbox 1774 3529 1830 3568; x_wconf 90' lang='lat' dir='ltr'><strong>uon</strong></span> 
     </span>
     <span class='ocr_line' id='line_1_39' title="bbox 144 3602 1830 3677; baseline -0.002 -17"><span class='ocrx_word' id='word_1_545' title='bbox 144 3606 244 3662; x_wconf 75' lang='lat' dir='ltr'><strong>viduae</strong></span> <span class='ocrx_word' id='word_1_546' title='bbox 262 3605 290 3659; x_wconf 91' lang='lat' dir='ltr'><strong>in</strong></span> <span class='ocrx_word' id='word_1_547' title='bbox 310 3603 385 3661; x_wconf 85' lang='lat' dir='ltr'><strong>Nain</strong></span> <span class='ocrx_word' id='word_1_548' title='bbox 403 3620 420 3658; x_wconf 91' lang='lat' dir='ltr'><strong>a</strong></span> <span class='ocrx_word' id='word_1_549' title='bbox 438 3602 548 3658; x_wconf 85' lang='lat' dir='ltr'><strong>Christo</strong></span> <span class='ocrx_word' id='word_1_550' title='bbox 568 3602 712 3659; x_wconf 84' lang='lat' dir='ltr'><strong>Salvatore</strong></span> <span class='ocrx_word' id='word_1_551' title='bbox 723 3604 888 3660; x_wconf 89' lang='lat' dir='ltr'><strong>resuscitato</strong></span> <span class='ocrx_word' id='word_1_552' title='bbox 899 3621 973 3660; x_wconf 90' lang='lat' dir='ltr'><strong>com·</strong></span> <span class='ocrx_word' id='word_1_553' title='bbox 1000 3607 1085 3663; x_wconf 85' lang='lat' dir='ltr'><strong>fuerit</strong></span> <span class='ocrx_word' id='word_1_554' title='bbox 1110 3622 1206 3662; x_wconf 83' lang='lat' dir='ltr'><strong>reuera</strong></span> <span class='ocrx_word' id='word_1_555' title='bbox 1233 3610 1371 3670; x_wconf 88' lang='lat' dir='ltr'><strong>mortuus,</strong></span> <span class='ocrx_word' id='word_1_556' title='bbox 1401 3605 1451 3660; x_wconf 89' lang='lat' dir='ltr'><strong>sed</strong></span> <span class='ocrx_word' id='word_1_557' title='bbox 1477 3605 1543 3677; x_wconf 88' lang='lat' dir='ltr'><strong>quia</strong></span> <span class='ocrx_word' id='word_1_558' title='bbox 1562 3604 1655 3661; x_wconf 88' lang='lat' dir='ltr'><strong>anima</strong></span> <span class='ocrx_word' id='word_1_559' title='bbox 1671 3603 1707 3658; x_wconf 91' lang='lat' dir='ltr'><strong>ad</strong></span> <span class='ocrx_word' id='word_1_560' title='bbox 1734 3617 1830 3673; x_wconf 87' lang='lat' dir='ltr'><strong>preces</strong></span> 
     </span>
     <span class='ocr_line' id='line_1_40' title="bbox 144 3689 1831 3763; baseline -0.002 -16"><span class='ocrx_word' id='word_1_561' title='bbox 144 3696 310 3748; x_wconf 89' lang='lat' dir='ltr'><strong>memoratur</strong></span> <span class='ocrx_word' id='word_1_562' title='bbox 339 3690 406 3745; x_wconf 89' lang='lat' dir='ltr'><strong>Luc.</strong></span> <span class='ocrx_word' id='word_1_563' title='bbox 428 3696 461 3755; x_wconf 83' lang='grc'><strong>1,</strong></span> <span class='ocrx_word' id='word_1_564' title='bbox 493 3705 520 3742; x_wconf 84' lang='lat' dir='ltr'><strong>v.</strong></span> <span class='ocrx_word' id='word_1_565' title='bbox 542 3695 580 3746; x_wconf 92' lang='grc'><strong>15.</strong></span> <span class='ocrx_word' id='word_1_566' title='bbox 629 3690 673 3746; x_wconf 91' lang='lat' dir='ltr'><strong>De</strong></span> <span class='ocrx_word' id='word_1_567' title='bbox 701 3689 758 3744; x_wconf 87' lang='lat' dir='ltr'><strong>filio</strong></span> <span class='ocrx_word' id='word_1_568' title='bbox 786 3689 973 3758; x_wconf 83' lang='lat' dir='ltr'><strong>Sunamitidis,</strong></span> <span class='ocrx_word' id='word_1_569' title='bbox 1000 3692 1080 3748; x_wconf 89' lang='lat' dir='ltr'><strong>Pauli</strong></span> <span class='ocrx_word' id='word_1_570' title='bbox 1099 3693 1128 3747; x_wconf 91' lang='lat' dir='ltr'><strong>in</strong></span> <span class='ocrx_word' id='word_1_571' title='bbox 1151 3691 1297 3763; x_wconf 91' lang='lat' dir='ltr'><strong>pristinum</strong></span> <span class='ocrx_word' id='word_1_572' title='bbox 1326 3691 1493 3747; x_wconf 90' lang='lat' dir='ltr'><strong>domicilium</strong></span> <span class='ocrx_word' id='word_1_573' title='bbox 1516 3707 1578 3746; x_wconf 84' lang='lat' dir='ltr'><strong>mox</strong></span> <span class='ocrx_word' id='word_1_574' title='bbox 1603 3697 1662 3747; x_wconf 88' lang='lat' dir='ltr'><strong>erat</strong></span> <span class='ocrx_word' id='word_1_575' title='bbox 1680 3705 1831 3757; x_wconf 84' lang='lat' dir='ltr'><strong>reversura,</strong></span> 
     </span>
     <span class='ocr_line' id='line_1_41' title="bbox 144 3777 1946 3852; baseline -0.003 -18"><span class='ocrx_word' id='word_1_576' title='bbox 144 3796 226 3852; x_wconf 89' lang='lat' dir='ltr'><strong>quem</strong></span> <span class='ocrx_word' id='word_1_577' title='bbox 249 3777 378 3833; x_wconf 87' lang='lat' dir='ltr'><strong>Elisaeus</strong></span> <span class='ocrx_word' id='word_1_578' title='bbox 398 3777 578 3845; x_wconf 82' lang='lat' dir='ltr'><strong>excitaverat,</strong></span> <span class='ocrx_word' id='word_1_579' title='bbox 611 3784 635 3833; x_wconf 83' lang='lat'><strong>2.</strong></span> <span class='ocrx_word' id='word_1_580' title='bbox 657 3777 727 3850; x_wconf 84' lang='lat' dir='ltr'><strong>Reg.</strong></span> <span class='ocrx_word' id='word_1_581' title='bbox 751 3781 782 3844; x_wconf 95' lang='lat'><strong>8,</strong></span> <span class='ocrx_word' id='word_1_582' title='bbox 812 3795 838 3832; x_wconf 89' lang='grc'><strong>1.</strong></span> <span class='ocrx_word' id='word_1_583' title='bbox 858 3783 971 3834; x_wconf 87' lang='grc'><strong>2115.</strong></span> <span class='ocrx_word' id='word_1_584' title='bbox 999 3795 1102 3834; x_wconf 89' lang='lat' dir='ltr'><strong>necea</strong></span> <span class='ocrx_word' id='word_1_585' title='bbox 1120 3778 1225 3833; x_wconf 89' lang='lat' dir='ltr'><strong>ratione</strong></span> <span class='ocrx_word' id='word_1_586' title='bbox 1244 3794 1392 3849; x_wconf 89' lang='lat' dir='ltr'><strong>acorpore</strong></span> <span class='ocrx_word' id='word_1_587' title='bbox 1410 3784 1553 3849; x_wconf 90' lang='lat' dir='ltr'><strong>separata,</strong></span> <span class='ocrx_word' id='word_1_588' title='bbox 1578 3783 1611 3832; x_wconf 92' lang='lat' dir='ltr'><strong>ut</strong></span> <span class='ocrx_word' id='word_1_589' title='bbox 1626 3777 1662 3831; x_wconf 90' lang='lat' dir='ltr'><strong>ad</strong></span> <span class='ocrx_word' id='word_1_590' title='bbox 1680 3781 1830 3831; x_wconf 86' lang='lat' dir='ltr'><strong>extremum</strong></span> <span class='ocrx_word' id='word_1_591' title='bbox 1943 3808 1946 3815; x_wconf 90' lang='lat'>·</span> 
     </span>
     <span class='ocr_line' id='line_1_42' title="bbox 143 3863 1831 3936; baseline -0.001 -17"><span class='ocrx_word' id='word_1_592' title='bbox 143 3864 270 3932; x_wconf 81' lang='lat' dir='ltr'><strong>refertur,</strong></span> <span class='ocrx_word' id='word_1_593' title='bbox 289 3865 366 3932; x_wconf 77' lang='lat' dir='ltr'><strong>quod</strong></span> <span class='ocrx_word' id='word_1_594' title='bbox 382 3881 439 3916; x_wconf 81' lang='lat' dir='ltr'><strong>aaa</strong></span> <span class='ocrx_word' id='word_1_595' title='bbox 456 3880 518 3916; x_wconf 83' lang='lat' dir='ltr'><strong>cam</strong></span> <span class='ocrx_word' id='word_1_596' title='bbox 536 3870 626 3916; x_wconf 80' lang='grc'><strong>111111</strong></span> <span class='ocrx_word' id='word_1_597' title='bbox 639 3880 695 3932; x_wconf 84' lang='lat' dir='ltr'><strong>per</strong></span> <span class='ocrx_word' id='word_1_598' title='bbox 712 3864 849 3933; x_wconf 70' lang='lat' dir='ltr'><strong>istrorum</strong></span> <span class='ocrx_word' id='word_1_599' title='bbox 865 3872 972 3935; x_wconf 81' lang='lat' dir='ltr'><strong>septen·</strong></span> <span class='ocrx_word' id='word_1_600' title='bbox 999 3882 1087 3936; x_wconf 82' lang='lat' dir='ltr'><strong>usqne</strong></span> <span class='ocrx_word' id='word_1_601' title='bbox 1103 3865 1175 3920; x_wconf 91' lang='lat' dir='ltr'><strong>diem</strong></span> <span class='ocrx_word' id='word_1_602' title='bbox 1187 3863 1222 3920; x_wconf 88' lang='lat' dir='ltr'><strong>ab</strong></span> <span class='ocrx_word' id='word_1_603' title='bbox 1242 3881 1275 3920; x_wconf 88' lang='lat' dir='ltr'><strong>co</strong></span> <span class='ocrx_word' id='word_1_604' title='bbox 1290 3865 1380 3920; x_wconf 91' lang='lat' dir='ltr'><strong>soluta</strong></span> <span class='ocrx_word' id='word_1_605' title='bbox 1396 3865 1563 3935; x_wconf 81' lang='lat' dir='ltr'><strong>persisteret</strong></span> <span class='ocrx_word' id='word_1_606' title='bbox 1589 3870 1613 3919; x_wconf 85' lang='grc'><strong>1.</strong></span> <span class='ocrx_word' id='word_1_607' title='bbox 1628 3863 1699 3920; x_wconf 79' lang='lat' dir='ltr'><strong>Cum</strong></span> <span class='ocrx_word' id='word_1_608' title='bbox 1713 3879 1831 3934; x_wconf 87' lang='lat' dir='ltr'><strong>corpora</strong></span> 
     </span>
     <span class='ocr_line' id='line_1_43' title="bbox 144 3947 1826 4022; baseline -0.002 -17"><span class='ocrx_word' id='word_1_609' title='bbox 144 3953 221 4006; x_wconf 79' lang='lat' dir='ltr'><strong>siam</strong></span> <span class='ocrx_word' id='word_1_610' title='bbox 243 3959 366 4022; x_wconf 83' lang='lat' dir='ltr'><strong>tempore</strong></span> <span class='ocrx_word' id='word_1_611' title='bbox 384 3951 474 4016; x_wconf 81' lang='lat' dir='ltr'><strong>famis</strong></span> <span class='ocrx_word' id='word_1_612' title='bbox 499 3951 529 4005; x_wconf 79' lang='lat' dir='ltr'><strong>irs</strong></span> <span class='ocrx_word' id='word_1_613' title='bbox 553 3951 624 4006; x_wconf 72' lang='lat' dir='ltr'><strong>locis</strong></span> <span class='ocrx_word' id='word_1_614' title='bbox 651 3952 771 4005; x_wconf 77' lang='grc'><strong>11111111</strong></span> <span class='ocrx_word' id='word_1_615' title='bbox 788 3952 879 4016; x_wconf 78' lang='lat' dir='ltr'><strong>suerit</strong></span> <span class='ocrx_word' id='word_1_616' title='bbox 893 3968 973 4021; x_wconf 79' lang='lat' dir='ltr'><strong>pere·</strong></span> <span class='ocrx_word' id='word_1_617' title='bbox 998 3952 1107 4007; x_wconf 90' lang='lat' dir='ltr'><strong>illorum</strong></span> <span class='ocrx_word' id='word_1_618' title='bbox 1135 3952 1361 4007; x_wconf 85' lang='lat' dir='ltr'><strong>resuscitatorum</strong></span> <span class='ocrx_word' id='word_1_619' title='bbox 1388 3951 1511 4007; x_wconf 87' lang='lat' dir='ltr'><strong>nondum</strong></span> <span class='ocrx_word' id='word_1_620' title='bbox 1529 3950 1634 4006; x_wconf 85' lang='lat' dir='ltr'><strong>fuerint</strong></span> <span class='ocrx_word' id='word_1_621' title='bbox 1663 3947 1826 4021; x_wconf 87' lang='lat' dir='ltr'><strong>spiritualia,</strong></span> 
     </span>
     <span class='ocr_line' id='line_1_44' title="bbox 144 4034 1829 4110; baseline -0.001 -18"><span class='ocrx_word' id='word_1_622' title='bbox 144 4039 282 4108; x_wconf 75' lang='lat' dir='ltr'><strong>priuatus.</strong></span> <span class='ocrx_word' id='word_1_623' title='bbox 338 4036 384 4091; x_wconf 90' lang='lat' dir='ltr'><strong>De</strong></span> <span class='ocrx_word' id='word_1_624' title='bbox 419 4036 477 4092; x_wconf 87' lang='lat' dir='ltr'><strong>tilia</strong></span> <span class='ocrx_word' id='word_1_625' title='bbox 512 4036 584 4093; x_wconf 87' lang='lat' dir='ltr'><strong>Jairi</strong></span> <span class='ocrx_word' id='word_1_626' title='bbox 621 4053 638 4092; x_wconf 91' lang='lat' dir='ltr'><strong>a</strong></span> <span class='ocrx_word' id='word_1_627' title='bbox 665 4036 775 4093; x_wconf 83' lang='lat' dir='ltr'><strong>Christo</strong></span> <span class='ocrx_word' id='word_1_628' title='bbox 810 4039 973 4095; x_wconf 85' lang='lat' dir='ltr'><strong>resuscitata</strong></span> <span class='ocrx_word' id='word_1_629' title='bbox 998 4037 1169 4110; x_wconf 81' lang='lat' dir='ltr'><strong>glorificata,</strong></span> <span class='ocrx_word' id='word_1_630' title='bbox 1201 4037 1366 4094; x_wconf 89' lang='lat' dir='ltr'><strong>immortalia</strong></span> <span class='ocrx_word' id='word_1_631' title='bbox 1390 4045 1420 4094; x_wconf 88' lang='lat' dir='ltr'><strong>et</strong></span> <span class='ocrx_word' id='word_1_632' title='bbox 1433 4037 1672 4109; x_wconf 89' lang='lat' dir='ltr'><strong>incorruptibilia,</strong></span> <span class='ocrx_word' id='word_1_633' title='bbox 1703 4036 1753 4091; x_wconf 91' lang='lat' dir='ltr'><strong>sed</strong></span> <span class='ocrx_word' id='word_1_634' title='bbox 1771 4034 1829 4091; x_wconf 87' lang='lat' dir='ltr'><strong>ani·</strong></span> 
     </span>
     <span class='ocr_line' id='line_1_45' title="bbox 144 4122 1828 4197; baseline -0.004 -17"><span class='ocrx_word' id='word_1_635' title='bbox 144 4123 332 4196; x_wconf 85' lang='lat' dir='ltr'><strong>evangelistae</strong></span> <span class='ocrx_word' id='word_1_636' title='bbox 352 4129 533 4192; x_wconf 86' lang='lat' dir='ltr'><strong>memorant,¹</strong></span> <span class='ocrx_word' id='word_1_637' title='bbox 552 4124 628 4194; x_wconf 87' lang='lat' dir='ltr'><strong>quod</strong></span> <span class='ocrx_word' id='word_1_638' title='bbox 644 4122 769 4179; x_wconf 87' lang='lat' dir='ltr'><strong>Christus</strong></span> <span class='ocrx_word' id='word_1_639' title='bbox 787 4126 910 4195; x_wconf 79' lang='lat' dir='ltr'><strong>jusserit</strong></span> <span class='ocrx_word' id='word_1_640' title='bbox 926 4126 975 4180; x_wconf 81' lang='lat' dir='ltr'><strong>illi</strong></span> <span class='ocrx_word' id='word_1_641' title='bbox 999 4123 1090 4193; x_wconf 88' lang='lat' dir='ltr'><strong>malis,</strong></span> <span class='ocrx_word' id='word_1_642' title='bbox 1107 4125 1234 4180; x_wconf 90' lang='lat' dir='ltr'><strong>mortalia</strong></span> <span class='ocrx_word' id='word_1_643' title='bbox 1252 4131 1281 4180; x_wconf 90' lang='lat' dir='ltr'><strong>et</strong></span> <span class='ocrx_word' id='word_1_644' title='bbox 1300 4124 1493 4197; x_wconf 90' lang='lat' dir='ltr'><strong>corruptibilia</strong></span> <span class='ocrx_word' id='word_1_645' title='bbox 1514 4122 1669 4180; x_wconf 81' lang='lat' dir='ltr'><strong>1.0orinth.</strong></span> <span class='ocrx_word' id='word_1_646' title='bbox 1691 4128 1730 4190; x_wconf 92' lang='grc'><strong>15,</strong></span> <span class='ocrx_word' id='word_1_647' title='bbox 1750 4127 1828 4178; x_wconf 75' lang='lat' dir='ltr'><strong>alt.</strong></span> 
     </span>
     <span class='ocr_line' id='line_1_46' title="bbox 144 4207 1829 4284; baseline -0.002 -19"><span class='ocrx_word' id='word_1_648' title='bbox 144 4212 234 4265; x_wconf 79' lang='lat' dir='ltr'><strong>cibum</strong></span> <span class='ocrx_word' id='word_1_649' title='bbox 254 4226 396 4281; x_wconf 79' lang='lat' dir='ltr'><strong>opponere</strong></span> <span class='ocrx_word' id='word_1_650' title='bbox 414 4210 500 4266; x_wconf 87' lang='lat' dir='ltr'><strong>Marc.</strong></span> <span class='ocrx_word' id='word_1_651' title='bbox 519 4216 551 4278; x_wconf 83' lang='lat'><strong>5,</strong></span> <span class='ocrx_word' id='word_1_652' title='bbox 571 4228 597 4263; x_wconf 88' lang='grc'><strong>1.</strong></span> <span class='ocrx_word' id='word_1_653' title='bbox 617 4216 659 4266; x_wconf 81' lang='grc'><strong>13.</strong></span> <span class='ocrx_word' id='word_1_654' title='bbox 680 4210 747 4266; x_wconf 92' lang='lat' dir='ltr'><strong>Luc.</strong></span> <span class='ocrx_word' id='word_1_655' title='bbox 767 4216 837 4281; x_wconf 84' lang='grc'><strong>8,1.</strong></span> <span class='ocrx_word' id='word_1_656' title='bbox 857 4218 899 4267; x_wconf 90' lang='grc'><strong>55.</strong></span> <span class='ocrx_word' id='word_1_657' title='bbox 917 4230 972 4268; x_wconf 93' lang='lat' dir='ltr'><strong>non</strong></span> <span class='ocrx_word' id='word_1_658' title='bbox 1000 4228 1084 4267; x_wconf 86' lang='grc'><strong>1111</strong></span> <span class='ocrx_word' id='word_1_659' title='bbox 1103 4211 1221 4266; x_wconf 86' lang='lat' dir='ltr'><strong>ulterius</strong></span> <span class='ocrx_word' id='word_1_660' title='bbox 1238 4211 1401 4283; x_wconf 87' lang='lat' dir='ltr'><strong>colligimus,</strong></span> <span class='ocrx_word' id='word_1_661' title='bbox 1421 4212 1496 4284; x_wconf 89' lang='lat' dir='ltr'><strong>quod</strong></span> <span class='ocrx_word' id='word_1_662' title='bbox 1516 4226 1654 4266; x_wconf 84' lang='lat' dir='ltr'><strong>aveneno</strong></span> <span class='ocrx_word' id='word_1_663' title='bbox 1672 4207 1781 4280; x_wconf 89' lang='lat' dir='ltr'><strong>peccati</strong></span> <span class='ocrx_word' id='word_1_664' title='bbox 1800 4210 1829 4263; x_wconf 91' lang='lat' dir='ltr'><strong>et</strong></span> 
     </span>
     <span class='ocr_line' id='line_1_47' title="bbox 142 4293 1829 4369; baseline -0.002 -16"><span class='ocrx_word' id='word_1_665' title='bbox 142 4304 251 4353; x_wconf 88' lang='lat' dir='ltr'><strong>tantum</strong></span> <span class='ocrx_word' id='word_1_666' title='bbox 268 4304 300 4353; x_wconf 88' lang='lat' dir='ltr'><strong>ut</strong></span> <span class='ocrx_word' id='word_1_667' title='bbox 317 4297 420 4354; x_wconf 82' lang='lat' dir='ltr'><strong>veritas</strong></span> <span class='ocrx_word' id='word_1_668' title='bbox 438 4296 645 4352; x_wconf 90' lang='lat' dir='ltr'><strong>resurrectionis</strong></span> <span class='ocrx_word' id='word_1_669' title='bbox 662 4297 899 4365; x_wconf 84' lang='lat' dir='ltr'><strong>manifestaretur,</strong></span> <span class='ocrx_word' id='word_1_670' title='bbox 922 4301 970 4356; x_wconf 92' lang='lat' dir='ltr'><strong>sed</strong></span> <span class='ocrx_word' id='word_1_671' title='bbox 999 4297 1099 4354; x_wconf 85' lang='lat' dir='ltr'><strong>vitiosa</strong></span> <span class='ocrx_word' id='word_1_672' title='bbox 1121 4299 1182 4369; x_wconf 87' lang='lat' dir='ltr'><strong>ejus</strong></span> <span class='ocrx_word' id='word_1_673' title='bbox 1200 4298 1295 4353; x_wconf 88' lang='lat' dir='ltr'><strong>radice</strong></span> <span class='ocrx_word' id='word_1_674' title='bbox 1311 4298 1434 4352; x_wconf 93' lang='lat' dir='ltr'><strong>nondum</strong></span> <span class='ocrx_word' id='word_1_675' title='bbox 1451 4297 1555 4352; x_wconf 82' lang='lat' dir='ltr'><strong>fuerint</strong></span> <span class='ocrx_word' id='word_1_676' title='bbox 1576 4302 1696 4367; x_wconf 86' lang='lat' dir='ltr'><strong>purgata</strong></span> <span class='ocrx_word' id='word_1_677' title='bbox 1714 4299 1743 4349; x_wconf 90' lang='lat' dir='ltr'><strong>et</strong></span> <span class='ocrx_word' id='word_1_678' title='bbox 1761 4293 1829 4350; x_wconf 91' lang='lat' dir='ltr'><strong>libe·</strong></span> 
     </span>
     <span class='ocr_line' id='line_1_48' title="bbox 144 4381 1828 4458; baseline -0.003 -16"><span class='ocrx_word' id='word_1_679' title='bbox 144 4386 227 4442; x_wconf 88' lang='lat' dir='ltr'><strong>etiam</strong></span> <span class='ocrx_word' id='word_1_680' title='bbox 256 4391 288 4441; x_wconf 86' lang='lat' dir='ltr'><strong>ut</strong></span> <span class='ocrx_word' id='word_1_681' title='bbox 313 4385 433 4457; x_wconf 87' lang='lat' dir='ltr'><strong>qualitas</strong></span> <span class='ocrx_word' id='word_1_682' title='bbox 453 4384 609 4440; x_wconf 80' lang='lat' dir='ltr'><strong>resuscitati</strong></span> <span class='ocrx_word' id='word_1_683' title='bbox 633 4383 754 4455; x_wconf 89' lang='lat' dir='ltr'><strong>corporis</strong></span> <span class='ocrx_word' id='word_1_684' title='bbox 768 4393 970 4458; x_wconf 85' lang='lat' dir='ltr'><strong>agnosceretur.</strong></span> <span class='ocrx_word' id='word_1_685' title='bbox 999 4391 1068 4442; x_wconf 92' lang='lat' dir='ltr'><strong>rata.</strong></span> <span class='ocrx_word' id='word_1_686' title='bbox 1114 4384 1268 4440; x_wconf 87' lang='lat' dir='ltr'><strong>Mortalitas</strong></span> <span class='ocrx_word' id='word_1_687' title='bbox 1296 4384 1368 4440; x_wconf 88' lang='lat' dir='ltr'><strong>enim</strong></span> <span class='ocrx_word' id='word_1_688' title='bbox 1396 4401 1430 4440; x_wconf 91' lang='lat' dir='ltr'><strong>ac</strong></span> <span class='ocrx_word' id='word_1_689' title='bbox 1454 4381 1671 4454; x_wconf 81' lang='lat' dir='ltr'><strong>corruptibilitas</strong></span> <span class='ocrx_word' id='word_1_690' title='bbox 1697 4398 1828 4454; x_wconf 86' lang='lat' dir='ltr'><strong>praesup-</strong></span> 
     </span>
     <span class='ocr_line' id='line_1_49' title="bbox 144 4469 1829 4544; baseline -0.003 -16"><span class='ocrx_word' id='word_1_691' title='bbox 144 4473 271 4539; x_wconf 82' lang='lat' dir='ltr'><strong>Quinimo</strong></span> <span class='ocrx_word' id='word_1_692' title='bbox 289 4489 352 4528; x_wconf 90' lang='lat' dir='ltr'><strong>cum</strong></span> <span class='ocrx_word' id='word_1_693' title='bbox 370 4477 499 4544; x_wconf 89' lang='lat' dir='ltr'><strong>parentes</strong></span> <span class='ocrx_word' id='word_1_694' title='bbox 513 4471 663 4543; x_wconf 88' lang='lat' dir='ltr'><strong>puellaein</strong></span> <span class='ocrx_word' id='word_1_695' title='bbox 680 4479 744 4527; x_wconf 87' lang='lat' dir='ltr'><strong>actu</strong></span> <span class='ocrx_word' id='word_1_696' title='bbox 756 4473 972 4529; x_wconf 89' lang='lat' dir='ltr'><strong>resuscitationis</strong></span> <span class='ocrx_word' id='word_1_697' title='bbox 998 4472 1077 4544; x_wconf 91' lang='lat' dir='ltr'><strong>ponit</strong></span> <span class='ocrx_word' id='word_1_698' title='bbox 1108 4477 1267 4542; x_wconf 87' lang='lat' dir='ltr'><strong>peecatum,</strong></span> <span class='ocrx_word' id='word_1_699' title='bbox 1296 4489 1359 4526; x_wconf 93' lang='lat' dir='ltr'><strong>cum</strong></span> <span class='ocrx_word' id='word_1_700' title='bbox 1390 4471 1426 4526; x_wconf 91' lang='lat' dir='ltr'><strong>sit</strong></span> <span class='ocrx_word' id='word_1_701' title='bbox 1450 4487 1483 4525; x_wconf 90' lang='grc'><strong>11</strong></span> <span class='ocrx_word' id='word_1_702' title='bbox 1511 4476 1626 4540; x_wconf 90' lang='lat' dir='ltr'><strong>peccato</strong></span> <span class='ocrx_word' id='word_1_703' title='bbox 1652 4474 1726 4535; x_wconf 91' lang='lat' dir='ltr'><strong>orta,</strong></span> <span class='ocrx_word' id='word_1_704' title='bbox 1751 4469 1829 4523; x_wconf 89' lang='lat' dir='ltr'><strong>utin</strong></span> 
     </span>
     <span class='ocr_line' id='line_1_50' title="bbox 141 4555 1829 4631; baseline -0.002 -16"><span class='ocrx_word' id='word_1_705' title='bbox 141 4566 251 4631; x_wconf 87' lang='lat' dir='ltr'><strong>praesto</strong></span> <span class='ocrx_word' id='word_1_706' title='bbox 268 4558 381 4623; x_wconf 80' lang='lat' dir='ltr'><strong>suerint,</strong></span> <span class='ocrx_word' id='word_1_707' title='bbox 400 4558 520 4630; x_wconf 90' lang='lat' dir='ltr'><strong>suspicio</strong></span> <span class='ocrx_word' id='word_1_708' title='bbox 537 4559 572 4614; x_wconf 89' lang='lat' dir='ltr'><strong>de</strong></span> <span class='ocrx_word' id='word_1_709' title='bbox 589 4564 697 4630; x_wconf 89' lang='lat' dir='ltr'><strong>spectro</strong></span> <span class='ocrx_word' id='word_1_710' title='bbox 713 4559 741 4614; x_wconf 89' lang='lat' dir='ltr'><strong>in</strong></span> <span class='ocrx_word' id='word_1_711' title='bbox 760 4560 971 4616; x_wconf 89' lang='lat' dir='ltr'><strong>eorumanimos</strong></span> <span class='ocrx_word' id='word_1_712' title='bbox 999 4558 1229 4631; x_wconf 85' lang='lat' dir='ltr'><strong>praecedentibus</strong></span> <span class='ocrx_word' id='word_1_713' title='bbox 1260 4557 1313 4613; x_wconf 87' lang='lat' dir='ltr'><strong>fuit</strong></span> <span class='ocrx_word' id='word_1_714' title='bbox 1352 4559 1578 4614; x_wconf 86' lang='lat' dir='ltr'><strong>demonstratum.</strong></span> <span class='ocrx_word' id='word_1_715' title='bbox 1634 4557 1717 4612; x_wconf 81' lang='lat' dir='ltr'><strong>Adde</strong></span> <span class='ocrx_word' id='word_1_716' title='bbox 1755 4555 1829 4627; x_wconf 88' lang='lat' dir='ltr'><strong>quod</strong></span> 
     </span>
     <span class='ocr_line' id='line_1_51' title="bbox 110 4642 1829 4719; baseline -0.001 -20"><span class='ocrx_word' id='word_1_717' title='bbox 110 4663 196 4719; x_wconf 57' lang='lat' dir='ltr'><strong>,non</strong></span> <span class='ocrx_word' id='word_1_718' title='bbox 221 4650 331 4716; x_wconf 87' lang='lat' dir='ltr'><strong>poterat</strong></span> <span class='ocrx_word' id='word_1_719' title='bbox 354 4644 468 4710; x_wconf 88' lang='lat' dir='ltr'><strong>cadere,</strong></span> <span class='ocrx_word' id='word_1_720' title='bbox 497 4644 566 4700; x_wconf 88' lang='lat' dir='ltr'><strong>Luc.</strong></span> <span class='ocrx_word' id='word_1_721' title='bbox 588 4651 638 4716; x_wconf 83' lang='grc'><strong>24,</strong></span> <span class='ocrx_word' id='word_1_722' title='bbox 664 4664 689 4701; x_wconf 89' lang='grc'><strong>1.</strong></span> <span class='ocrx_word' id='word_1_723' title='bbox 715 4651 757 4701; x_wconf 85' lang='grc'><strong>41.</strong></span> <span class='ocrx_word' id='word_1_724' title='bbox 795 4645 919 4701; x_wconf 70' lang='grc'><strong>11111111</strong></span> <span class='ocrx_word' id='word_1_725' title='bbox 938 4664 972 4703; x_wconf 96' lang='grc'><strong>11</strong></span> <span class='ocrx_word' id='word_1_726' title='bbox 999 4645 1152 4702; x_wconf 89' lang='lat' dir='ltr'><strong>ordinarius</strong></span> <span class='ocrx_word' id='word_1_727' title='bbox 1184 4646 1296 4710; x_wconf 90' lang='lat' dir='ltr'><strong>modus,</strong></span> <span class='ocrx_word' id='word_1_728' title='bbox 1325 4662 1380 4717; x_wconf 87' lang='lat' dir='ltr'><strong>quc</strong></span> <span class='ocrx_word' id='word_1_729' title='bbox 1412 4642 1519 4715; x_wconf 89' lang='lat' dir='ltr'><strong>peccati</strong></span> <span class='ocrx_word' id='word_1_730' title='bbox 1548 4642 1627 4698; x_wconf 83' lang='lat' dir='ltr'><strong>radix</strong></span> <span class='ocrx_word' id='word_1_731' title='bbox 1662 4660 1679 4698; x_wconf 91' lang='lat' dir='ltr'><strong>e</strong></span> <span class='ocrx_word' id='word_1_732' title='bbox 1714 4658 1829 4713; x_wconf 89' lang='lat' dir='ltr'><strong>corpore</strong></span> 
     </span>
     <span class='ocr_line' id='line_1_52' title="bbox 141 4729 1828 4805; baseline -0.003 -17"><span class='ocrx_word' id='word_1_733' title='bbox 141 4732 256 4788; x_wconf 90' lang='lat' dir='ltr'><strong>mortuis</strong></span> <span class='ocrx_word' id='word_1_734' title='bbox 283 4730 428 4787; x_wconf 85' lang='lat' dir='ltr'><strong>aChristo</strong></span> <span class='ocrx_word' id='word_1_735' title='bbox 453 4738 598 4788; x_wconf 84' lang='lat' dir='ltr'><strong>revocatus</strong></span> <span class='ocrx_word' id='word_1_736' title='bbox 621 4750 684 4787; x_wconf 91' lang='lat' dir='ltr'><strong>cum</strong></span> <span class='ocrx_word' id='word_1_737' title='bbox 709 4733 821 4805; x_wconf 88' lang='lat' dir='ltr'><strong>reliquis</strong></span> <span class='ocrx_word' id='word_1_738' title='bbox 847 4734 972 4788; x_wconf 80' lang='lat' dir='ltr'><strong>convivis</strong></span> <span class='ocrx_word' id='word_1_739' title='bbox 999 4729 1828 4797; x_wconf 78' lang='grc'><strong>111111111111111111,11111111111111111111111111111111111,</strong></span> 
     </span>
     <span class='ocr_line' id='line_1_53' title="bbox 141 4815 1829 4891; baseline -0.003 -15"><span class='ocrx_word' id='word_1_740' title='bbox 141 4837 254 4876; x_wconf 79' lang='lat' dir='ltr'><strong>messae</strong></span> <span class='ocrx_word' id='word_1_741' title='bbox 279 4820 415 4874; x_wconf 79' lang='lat' dir='ltr'><strong>recumbit</strong></span> <span class='ocrx_word' id='word_1_742' title='bbox 430 4818 495 4876; x_wconf 79' lang='lat' dir='ltr'><strong>doh.</strong></span> <span class='ocrx_word' id='word_1_743' title='bbox 524 4825 569 4887; x_wconf 91' lang='grc'><strong>12,</strong></span> <span class='ocrx_word' id='word_1_744' title='bbox 602 4837 626 4873; x_wconf 94' lang='grc'><strong>1.</strong></span> <span class='ocrx_word' id='word_1_745' title='bbox 646 4818 745 4875; x_wconf 76' lang='grc'><strong>21111</strong></span> <span class='ocrx_word' id='word_1_746' title='bbox 768 4819 854 4891; x_wconf 86' lang='lat' dir='ltr'><strong>igitur</strong></span> <span class='ocrx_word' id='word_1_747' title='bbox 872 4837 971 4891; x_wconf 91' lang='lat' dir='ltr'><strong>corpus</strong></span> <span class='ocrx_word' id='word_1_748' title='bbox 999 4818 1214 4873; x_wconf 83' lang='lat' dir='ltr'><strong>consummative</strong></span> <span class='ocrx_word' id='word_1_749' title='bbox 1240 4818 1269 4873; x_wconf 91' lang='lat' dir='ltr'><strong>in</strong></span> <span class='ocrx_word' id='word_1_750' title='bbox 1291 4815 1500 4874; x_wconf 90' lang='lat' dir='ltr'><strong>resuscitatione</strong></span> <span class='ocrx_word' id='word_1_751' title='bbox 1523 4815 1560 4872; x_wconf 90' lang='lat' dir='ltr'><strong>ad</strong></span> <span class='ocrx_word' id='word_1_752' title='bbox 1578 4815 1664 4870; x_wconf 82' lang='lat' dir='ltr'><strong>vitam</strong></span> <span class='ocrx_word' id='word_1_753' title='bbox 1681 4816 1829 4872; x_wconf 86' lang='lat' dir='ltr'><strong>coelestem</strong></span> 
     </span>
     <span class='ocr_line' id='line_1_54' title="bbox 140 4900 1829 4979; baseline -0.004 -17"><span class='ocrx_word' id='word_1_754' title='bbox 140 4924 174 4962; x_wconf 89' lang='grc'><strong>11</strong></span> <span class='ocrx_word' id='word_1_755' title='bbox 199 4907 325 4978; x_wconf 89' lang='lat' dir='ltr'><strong>sepulcro</strong></span> <span class='ocrx_word' id='word_1_756' title='bbox 355 4905 464 4974; x_wconf 89' lang='lat' dir='ltr'><strong>retulit,</strong></span> <span class='ocrx_word' id='word_1_757' title='bbox 492 4906 567 4976; x_wconf 92' lang='lat' dir='ltr'><strong>quod</strong></span> <span class='ocrx_word' id='word_1_758' title='bbox 601 4906 665 4962; x_wconf 93' lang='lat' dir='ltr'><strong>cibo</strong></span> <span class='ocrx_word' id='word_1_759' title='bbox 689 4922 723 4960; x_wconf 89' lang='lat' dir='ltr'><strong>ac</strong></span> <span class='ocrx_word' id='word_1_760' title='bbox 748 4912 816 4978; x_wconf 89' lang='lat' dir='ltr'><strong>potu</strong></span> <span class='ocrx_word' id='word_1_761' title='bbox 841 4907 971 4979; x_wconf 87' lang='lat' dir='ltr'><strong>indignit,</strong></span> <span class='ocrx_word' id='word_1_762' title='bbox 998 4913 1027 4962; x_wconf 89' lang='lat' dir='ltr'><strong>et</strong></span> <span class='ocrx_word' id='word_1_763' title='bbox 1050 4904 1229 4977; x_wconf 85' lang='lat' dir='ltr'><strong>spiritualem.</strong></span> <span class='ocrx_word' id='word_1_764' title='bbox 1271 4904 1336 4960; x_wconf 88' lang='lat' dir='ltr'><strong>Jam</strong></span> <span class='ocrx_word' id='word_1_765' title='bbox 1362 4920 1428 4959; x_wconf 82' lang='lat' dir='ltr'><strong>vero</strong></span> <span class='ocrx_word' id='word_1_766' title='bbox 1454 4920 1570 4975; x_wconf 89' lang='lat' dir='ltr'><strong>corpora</strong></span> <span class='ocrx_word' id='word_1_767' title='bbox 1591 4901 1701 4958; x_wconf 90' lang='lat' dir='ltr'><strong>illorum</strong></span> <span class='ocrx_word' id='word_1_768' title='bbox 1724 4917 1776 4956; x_wconf 91' lang='lat' dir='ltr'><strong>uec</strong></span> <span class='ocrx_word' id='word_1_769' title='bbox 1799 4900 1829 4955; x_wconf 92' lang='lat' dir='ltr'><strong>in</strong></span> 
     </span>
     <span class='ocr_line' id='line_1_55' title="bbox 139 4989 1828 5066; baseline -0.004 -17"><span class='ocrx_word' id='word_1_770' title='bbox 139 4995 324 5065; x_wconf 89' lang='lat' dir='ltr'><strong>nequeenim</strong></span> <span class='ocrx_word' id='word_1_771' title='bbox 348 4991 494 5064; x_wconf 86' lang='lat' dir='ltr'><strong>specialem</strong></span> <span class='ocrx_word' id='word_1_772' title='bbox 520 4992 660 5062; x_wconf 89' lang='lat' dir='ltr'><strong>quandam</strong></span> <span class='ocrx_word' id='word_1_773' title='bbox 686 4998 863 5066; x_wconf 69' lang='grc' dir='ltr'><strong>οἰκονομίαν,</strong></span> <span class='ocrx_word' id='word_1_774' title='bbox 892 4994 972 5049; x_wconf 90' lang='lat' dir='ltr'><strong>utin</strong></span> <span class='ocrx_word' id='word_1_775' title='bbox 998 4993 1103 5050; x_wconf 88' lang='lat' dir='ltr'><strong>cineres</strong></span> <span class='ocrx_word' id='word_1_776' title='bbox 1138 4992 1215 5049; x_wconf 85' lang='lat' dir='ltr'><strong>fuere</strong></span> <span class='ocrx_word' id='word_1_777' title='bbox 1244 4991 1370 5056; x_wconf 86' lang='lat' dir='ltr'><strong>redacta,</strong></span> <span class='ocrx_word' id='word_1_778' title='bbox 1406 5007 1458 5046; x_wconf 89' lang='lat' dir='ltr'><strong>nec</strong></span> <span class='ocrx_word' id='word_1_779' title='bbox 1494 4989 1531 5046; x_wconf 91' lang='lat' dir='ltr'><strong>ad</strong></span> <span class='ocrx_word' id='word_1_780' title='bbox 1561 4990 1647 5045; x_wconf 84' lang='lat' dir='ltr'><strong>vitam</strong></span> <span class='ocrx_word' id='word_1_781' title='bbox 1681 4989 1828 5044; x_wconf 90' lang='lat' dir='ltr'><strong>coelestem</strong></span> 
     </span>
     <span class='ocr_line' id='line_1_56' title="bbox 139 5061 1828 5153; baseline -0.006 -16"><span class='ocrx_word' id='word_1_782' title='bbox 139 5098 254 5153; x_wconf 88' lang='lat' dir='ltr'><strong>corpore</strong></span> <span class='ocrx_word' id='word_1_783' title='bbox 269 5080 370 5136; x_wconf 88' lang='lat' dir='ltr'><strong>Christi</strong></span> <span class='ocrx_word' id='word_1_784' title='bbox 387 5098 421 5137; x_wconf 89' lang='lat' dir='ltr'><strong>ex</strong></span> <span class='ocrx_word' id='word_1_785' title='bbox 439 5078 553 5135; x_wconf 92' lang='lat' dir='ltr'><strong>mortuis</strong></span> <span class='ocrx_word' id='word_1_786' title='bbox 570 5079 710 5149; x_wconf 89' lang='lat' dir='ltr'><strong>suscitato,</strong></span> <span class='ocrx_word' id='word_1_787' title='bbox 726 5078 869 5152; x_wconf 88' lang='lat' dir='ltr'><strong>Scriptura</strong></span> <span class='ocrx_word' id='word_1_788' title='bbox 885 5061 1168 5145; x_wconf 61' lang='lat' dir='ltr'><strong>mani-{resuscitata</strong></span> <span class='ocrx_word' id='word_1_789' title='bbox 1205 5079 1264 5136; x_wconf 85' lang='lat' dir='ltr'><strong>Nec</strong></span> <span class='ocrx_word' id='word_1_790' title='bbox 1287 5077 1433 5148; x_wconf 76' lang='lat' dir='ltr'><strong>estquod</strong></span> <span class='ocrx_word' id='word_1_791' title='bbox 1458 5077 1621 5149; x_wconf 88' lang='lat' dir='ltr'><strong>suspiceris,</strong></span> <span class='ocrx_word' id='word_1_792' title='bbox 1653 5076 1828 5129; x_wconf 77' lang='lat' dir='ltr'><strong>metuendam</strong></span> 
     </span>
     <span class='ocr_line' id='line_1_57' title="bbox 139 5162 1827 5240; baseline -0.005 -17"><span class='ocrx_word' id='word_1_793' title='bbox 139 5169 235 5238; x_wconf 86' lang='lat' dir='ltr'><strong>sestat,</strong></span> <span class='ocrx_word' id='word_1_794' title='bbox 268 5186 360 5240; x_wconf 88' lang='lat' dir='ltr'><strong>neque</strong></span> <span class='ocrx_word' id='word_1_795' title='bbox 382 5167 523 5240; x_wconf 89' lang='lat' dir='ltr'><strong>principes</strong></span> <span class='ocrx_word' id='word_1_796' title='bbox 552 5166 724 5222; x_wconf 85' lang='lat' dir='ltr'><strong>sacerdotum</strong></span> <span class='ocrx_word' id='word_1_797' title='bbox 748 5182 799 5237; x_wconf 88' lang='lat' dir='ltr'><strong>pro</strong></span> <span class='ocrx_word' id='word_1_798' title='bbox 823 5166 970 5223; x_wconf 90' lang='lat' dir='ltr'><strong>immortali</strong></span> <span class='ocrx_word' id='word_1_799' title='bbox 998 5185 1064 5233; x_wconf 82' lang='lat' dir='ltr'><strong>csse,</strong></span> <span class='ocrx_word' id='word_1_800' title='bbox 1083 5184 1119 5222; x_wconf 82' lang='lat' dir='ltr'><strong>rsa</strong></span> <span class='ocrx_word' id='word_1_801' title='bbox 1136 5169 1201 5221; x_wconf 82' lang='lat' dir='ltr'><strong>Deo</strong></span> <span class='ocrx_word' id='word_1_802' title='bbox 1219 5166 1317 5234; x_wconf 66' lang='grc'><strong>111111</strong></span> <span class='ocrx_word' id='word_1_803' title='bbox 1335 5164 1508 5233; x_wconf 67' lang='lat' dir='ltr'><strong>impingatur</strong></span> <span class='ocrx_word' id='word_1_804' title='bbox 1526 5163 1648 5227; x_wconf 79' lang='lat' dir='ltr'><strong>maccla,</strong></span> <span class='ocrx_word' id='word_1_805' title='bbox 1667 5162 1695 5217; x_wconf 82' lang='lat' dir='ltr'><strong>si</strong></span> <span class='ocrx_word' id='word_1_806' title='bbox 1706 5178 1827 5233; x_wconf 79' lang='lat' dir='ltr'><strong>corpora</strong></span> 
     </span>
     <span class='ocr_line' id='line_1_58' title="bbox 140 5246 1826 5324; baseline -0.005 -13"><span class='ocrx_word' id='word_1_807' title='bbox 140 5255 276 5311; x_wconf 84' lang='lat' dir='ltr'><strong>Lazarum</strong></span> <span class='ocrx_word' id='word_1_808' title='bbox 294 5254 450 5324; x_wconf 87' lang='lat' dir='ltr'><strong>habebant,</strong></span> <span class='ocrx_word' id='word_1_809' title='bbox 485 5252 555 5308; x_wconf 87' lang='lat' dir='ltr'><strong>alias</strong></span> <span class='ocrx_word' id='word_1_810' title='bbox 581 5269 637 5307; x_wconf 79' lang='lat' dir='ltr'><strong>noa</strong></span> <span class='ocrx_word' id='word_1_811' title='bbox 666 5254 833 5323; x_wconf 76' lang='lat' dir='ltr'><strong>eopitossest</strong></span> <span class='ocrx_word' id='word_1_812' title='bbox 878 5254 970 5324; x_wconf 68' lang='grc'><strong>1111111</strong></span> <span class='ocrx_word' id='word_1_813' title='bbox 997 5254 1053 5309; x_wconf 78' lang='lat' dir='ltr'><strong>illo</strong></span> <span class='ocrx_word' id='word_1_814' title='bbox 1073 5246 1826 5323; x_wconf 67' lang='grc'><strong>111111111111111111111111111111,1111111111</strong></span> 
     </span>
    </p>
   </div>
   <div class='ocr_carea' id='block_1_3' title="bbox 138 5333 1826 5587">
    <p class='ocr_par' dir='ltr' id='par_1_3' title="bbox 138 5333 1826 5587">
     <span class='ocr_line' id='line_1_59' title="bbox 139 5333 1826 5412; baseline -0.006 -15"><span class='ocrx_word' id='word_1_815' title='bbox 139 5343 404 5407; x_wconf 65' lang='grc' dir='ltr'><strong>1111111111Μο</strong></span> <span class='ocrx_word' id='word_1_816' title='bbox 442 5339 485 5393; x_wconf 86' lang='lat' dir='ltr'><strong>Ex</strong></span> <span class='ocrx_word' id='word_1_817' title='bbox 504 5338 605 5412; x_wconf 90' lang='lat' dir='ltr'><strong>quibus</strong></span> <span class='ocrx_word' id='word_1_818' title='bbox 625 5345 740 5408; x_wconf 89' lang='lat' dir='ltr'><strong>constat,</strong></span> <span class='ocrx_word' id='word_1_819' title='bbox 769 5344 890 5396; x_wconf 90' lang='lat' dir='ltr'><strong>mortuos</strong></span> <span class='ocrx_word' id='word_1_820' title='bbox 907 5339 970 5395; x_wconf 94' lang='lat' dir='ltr'><strong>illos</strong></span> <span class='ocrx_word' id='word_1_821' title='bbox 998 5339 1211 5397; x_wconf 87' lang='lat' dir='ltr'><strong>adscribendum</strong></span> <span class='ocrx_word' id='word_1_822' title='bbox 1231 5339 1285 5395; x_wconf 91' lang='lat' dir='ltr'><strong>Dei</strong></span> <span class='ocrx_word' id='word_1_823' title='bbox 1303 5339 1413 5404; x_wconf 87' lang='lat' dir='ltr'><strong>actioni,</strong></span> <span class='ocrx_word' id='word_1_824' title='bbox 1431 5336 1485 5409; x_wconf 91' lang='lat' dir='ltr'><strong>ipsi</strong></span> <span class='ocrx_word' id='word_1_825' title='bbox 1496 5334 1604 5392; x_wconf 89' lang='lat' dir='ltr'><strong>scilicet</strong></span> <span class='ocrx_word' id='word_1_826' title='bbox 1613 5333 1826 5398; x_wconf 78' lang='lat' dir='ltr'><strong>mamcitationi,</strong></span> 
     </span>
     <span class='ocr_line' id='line_1_60' title="bbox 138 5422 1826 5501; baseline -0.004 -17"><span class='ocrx_word' id='word_1_827' title='bbox 138 5429 175 5484; x_wconf 87' lang='lat' dir='ltr'><strong>ad</strong></span> <span class='ocrx_word' id='word_1_828' title='bbox 202 5427 380 5501; x_wconf 91' lang='lat' dir='ltr'><strong>temporalem</strong></span> <span class='ocrx_word' id='word_1_829' title='bbox 407 5429 435 5480; x_wconf 90' lang='lat' dir='ltr'><strong>et</strong></span> <span class='ocrx_word' id='word_1_830' title='bbox 460 5425 665 5500; x_wconf 91' lang='lat' dir='ltr'><strong>corruptibilem</strong></span> <span class='ocrx_word' id='word_1_831' title='bbox 689 5427 775 5483; x_wconf 84' lang='lat' dir='ltr'><strong>vitam</strong></span> <span class='ocrx_word' id='word_1_832' title='bbox 801 5443 860 5483; x_wconf 88' lang='lat' dir='ltr'><strong>esse</strong></span> <span class='ocrx_word' id='word_1_833' title='bbox 884 5427 968 5481; x_wconf 87' lang='lat' dir='ltr'><strong>susci·</strong></span> <span class='ocrx_word' id='word_1_834' title='bbox 997 5428 1046 5483; x_wconf 92' lang='lat' dir='ltr'><strong>sed</strong></span> <span class='ocrx_word' id='word_1_835' title='bbox 1068 5434 1206 5483; x_wconf 88' lang='lat' dir='ltr'><strong>extremae</strong></span> <span class='ocrx_word' id='word_1_836' title='bbox 1231 5427 1350 5483; x_wconf 91' lang='lat' dir='ltr'><strong>hominis</strong></span> <span class='ocrx_word' id='word_1_837' title='bbox 1367 5424 1548 5496; x_wconf 89' lang='lat' dir='ltr'><strong>corruptioni,</strong></span> <span class='ocrx_word' id='word_1_838' title='bbox 1581 5422 1656 5495; x_wconf 88' lang='lat' dir='ltr'><strong>qnod</strong></span> <span class='ocrx_word' id='word_1_839' title='bbox 1682 5426 1826 5493; x_wconf 87' lang='lat' dir='ltr'><strong>peccatum</strong></span> 
     </span>
     <span class='ocr_line' id='line_1_61' title="bbox 139 5507 1825 5587; baseline -0.007 -13"><span class='ocrx_word' id='word_1_840' title='bbox 139 5522 225 5586; x_wconf 78' lang='lat' dir='ltr'><strong>taos,</strong></span> <span class='ocrx_word' id='word_1_841' title='bbox 252 5516 281 5570; x_wconf 91' lang='lat' dir='ltr'><strong>id</strong></span> <span class='ocrx_word' id='word_1_842' title='bbox 299 5512 373 5587; x_wconf 91' lang='lat' dir='ltr'><strong>quod</strong></span> <span class='ocrx_word' id='word_1_843' title='bbox 394 5510 477 5565; x_wconf 82' lang='lat' dir='ltr'><strong>etiam</strong></span> <span class='ocrx_word' id='word_1_844' title='bbox 499 5530 534 5568; x_wconf 85' lang='lat' dir='ltr'><strong>ex</strong></span> <span class='ocrx_word' id='word_1_845' title='bbox 552 5529 636 5586; x_wconf 91' lang='lat' dir='ltr'><strong>scopo</strong></span> <span class='ocrx_word' id='word_1_846' title='bbox 653 5512 752 5570; x_wconf 91' lang='lat' dir='ltr'><strong>horum</strong></span> <span class='ocrx_word' id='word_1_847' title='bbox 775 5513 967 5571; x_wconf 89' lang='lat' dir='ltr'><strong>miraculorum</strong></span> <span class='ocrx_word' id='word_1_848' title='bbox 985 5515 1025 5568; x_wconf 89' lang='lat' dir='ltr'><strong>.in</strong></span> <span class='ocrx_word' id='word_1_849' title='bbox 1044 5530 1157 5586; x_wconf 90' lang='lat' dir='ltr'><strong>corpore</strong></span> <span class='ocrx_word' id='word_1_850' title='bbox 1174 5514 1234 5585; x_wconf 84' lang='lat' dir='ltr'><strong>ojus</strong></span> <span class='ocrx_word' id='word_1_851' title='bbox 1252 5519 1309 5570; x_wconf 89' lang='lat' dir='ltr'><strong>tam</strong></span> <span class='ocrx_word' id='word_1_852' title='bbox 1327 5513 1398 5569; x_wconf 88' lang='lat' dir='ltr'><strong>altas</strong></span> <span class='ocrx_word' id='word_1_853' title='bbox 1416 5512 1505 5584; x_wconf 87' lang='lat' dir='ltr'><strong>egerit</strong></span> <span class='ocrx_word' id='word_1_854' title='bbox 1522 5509 1637 5578; x_wconf 90' lang='lat' dir='ltr'><strong>radices,</strong></span> <span class='ocrx_word' id='word_1_855' title='bbox 1656 5516 1759 5566; x_wconf 89' lang='lat' dir='ltr'><strong>utnon</strong></span> <span class='ocrx_word' id='word_1_856' title='bbox 1771 5507 1825 5564; x_wconf 90' lang='lat' dir='ltr'><strong>nisi</strong></span> 
     </span>
    </p>
   </div>
   <div class='ocr_carea' id='block_1_4' title="bbox 0 0 2056 6007">
    <p class='ocr_par' dir='ltr' id='par_1_4' title="bbox 0 0 2056 6007">
     <span class='ocr_line' id='line_1_62' title="bbox 0 0 2056 6007; baseline 0 0"><span class='ocrx_word' id='word_1_857' title='bbox 0 0 2056 6007; x_wconf 95' lang='lat' dir='ltr'><strong> </strong></span> 
     </span>
    </p>
   </div>
  </div>
 </body>
</html>
