4104 6014
234 154 295 211 256
826 145 948 203 LOCUS
969 143 1175 201 VICESIMUS
1194 142 1341 201 SEXTUS

233 300 360 366 divinas,
403 316 459 356 non
494 306 587 356 autern
628 299 744 355 visionis
782 299 827 354 vel
861 297 1064 370 intelligentiae
1094 298 1200 354 versale
1240 297 1389 369 requiritur
1424 296 1629 361 omnbcieutia,
1667 297 1733 368 quia
1768 299 1925 354 veremudo

232 386 376 445 humanae.
403 385 433 443 Si
453 386 536 452 dicen
552 387 766 457 providentiam
783 387 909 439 dminam
921 386 1066 440 includere
1092 392 1173 437 erunt
1189 385 1299 439 οοοιιόιο
1320 386 1449 439 cordicum
1476 390 1499 440 1.
1518 385 1580 442 Cor.
1600 393 1624 453 t,
1642 403 1668 444 v.
1682 391 1706 440 5.
1725 385 1804 456 atqui
1822 384 1926 440 mactis

232 475 362 528 notitiam
393 491 501 538 eorum,
532 474 610 526 circa
634 489 705 542 quae
732 479 875 542 versatim,
904 470 1065 541 respondeo,
1093 469 1231 526 defunctis
1249 488 1305 526 non
1323 473 1455 542 competit
1474 472 1543 526 illud
1563 472 1716 528 dominium
1735 488 1767 526 ac
1784 472 1923 543 judicium

233 577 289 615 non
307 560 341 615 de
360 560 507 615 intuitione
528 558 635 627 divina,
660 557 710 612 sed
724 557 845 612 humana
862 556 915 612 hoc
932 558 995 613 loco
1011 574 1065 612 ser·
1094 555 1335 632 πότονρστορικόν.
1373 559 1450 630 Ergo
1469 575 1521 614 nso
1539 557 1737 613 omniscientia

233 664 342 703 monem
360 662 430 706 esse.
474 645 518 700 De
535 644 591 700 Dei
616 644 719 699 intuitu
740 661 834 699 verum
854 652 909 714 est,
936 644 1065 716 quemad·
1128 648 1186 700 328.
1222 644 1422 700 Descendirnus
1445 644 1529 716 igitur
1553 644 1590 699 ad
1609 652 1740 715 quartum
1759 643 1925 713 cognitionis
1939 642 2040 734 ssffl

233 735 344 789 modum
373 735 400 787 in
428 732 488 788 Deo
516 732 608 787 omnia
627 736 706 800 sunt,
736 731 776 785 ita
795 731 873 787 Deus
897 732 926 786 in
951 748 981 786 se
1005 731 1066 801 ipso
1093 730 1219 800 modurn,
1239 731 1288 802 qui
1305 737 1348 786 est
1359 748 1416 800 per
1434 732 1631 785 revelationem
1651 732 1784 785 divinam.
1819 729 1925 784 Bellar·
1939 747 2026 785 ιιινιιιι.

233 821 326 875 omnia
354 821 491 887 intuetur,
517 819 585 889 quia
614 824 693 872 extra
721 833 799 871 suam
830 817 976 872 essentiam
998 816 1067 871 nihil
1093 815 1183 870 minus
1201 816 1228 873 d.
1245 816 1278 874 l.:
1300 818 1442 872 Sententia
1462 819 1524 887 ilia,
1543 819 1620 888 quod
1632 819 1725 872 sancti
1740 835 1796 871 non
1809 819 1924 871 videant

233 907 362 963 intuetur.
406 906 445 962 Ut
469 905 562 959 omnia
586 903 673 958 habet
700 909 728 958 et
746 902 884 976 gubernat
902 903 1066 975 praesentis-
1094 905 1123 955 in
1143 904 1226 956 verbo
1246 906 1390 958 crationes
1413 913 1526 958 nostrae
1551 922 1570 957 a
1587 903 1731 975 principio
1751 920 1820 958 arae
1839 904 1925 957 heati-

234 993 318 1061 sima,
347 994 387 1047 ita
404 1009 516 1063 quoquo
533 992 626 1046 omnia
644 989 697 1044 scit
717 997 745 1044 et
762 990 884 1060 adspicit
901 989 1067 1060 praeseutia,
1094 991 1216 1054 tudinis,
1241 993 1294 1045 sed
1322 991 1412 1045 solum
1442 998 1506 1045 tvnc
1535 992 1693 1046 revelentur
1723 991 1785 1046 illis
1817 1008 1835 1044 a
1861 992 1927 1045 Deo

234 1079 371 1151 siquidem
393 1079 481 1150 ipsius
507 1077 624 1132 scientia
641 1076 758 1132 vertitur
778 1076 852 1131 iutra
869 1077 957 1147 ipsam
977 1092 1067 1131 essen-
1095 1076 1237 1130 orationes
1256 1085 1383 1142 nostrae,
1402 1080 1515 1148 ςωσπόσ
1533 1095 1581 1131 ene
1598 1080 1755 1145 fundimua
1774 1085 1815 1131 eet
1835 1077 1928 1146 mapis

234 1169 302 1222 tiam
320 1174 349 1221 et
366 1183 428 1220 cum
446 1165 496 1219 illa
507 1165 686 1219 convertitur.
719 1163 774 1219 Sed
793 1164 905 1218 visionis
924 1163 1068 1234 angelicae
1094 1163 1197 1217 idonea
1227 1166 1268 1217 ad
1291 1164 1494 1217 convincendae
1525 1164 1687 1221 haereticos.
1731 1163 1862 1218 Costerus
1898 1163 1928 1215 in

234 1261 263 1310 et
279 1253 416 1308 humanae
443 1252 526 1323 longe
555 1252 665 1306 diversa
693 1257 736 1305 est
755 1250 833 1305 ratio.
872 1250 974 1321 Augeli
995 1248 1067 1305 enim
1094 1249 1196 1304 enchir.
1218 1268 1244 1320 p.
1264 1255 1329 1306 388:
1352 1252 1478 1304 Dubium
1496 1269 1552 1305 nvn
1570 1261 1625 1315 ert,
1649 1253 1717 1320 quin
1735 1252 1833 1305 divina
1851 1268 1927 1303 reue-

233 1345 262 1395 et
278 1340 404 1394 homines
421 1345 453 1392 ut
469 1336 578 1392 infinito
593 1336 641 1391 illo
653 1336 743 1403 modo,
762 1352 816 1407 quo
832 1335 909 1391 Deus
928 1353 958 1390 se
976 1336 1066 1405 ipsum
1094 1336 1200 1390 latione
1217 1343 1385 1406 copnorcont
1403 1338 1501 1402 sancti,
1521 1355 1592 1407 pirae
1604 1341 1645 1391 od
1659 1339 1783 1407 ipsorum
1803 1337 1928 1407 plocium

233 1425 263 1480 in
282 1443 312 1480 se
330 1426 391 1496 ipso
408 1425 491 1492 videt,
510 1423 633 1477 divinam
654 1422 801 1477 essentiam
820 1440 875 1476 non
896 1421 1008 1492 vident,
1027 1421 1067 1475 ita
1091 1427 1311 1492 promovendam
1340 1442 1360 1477 a
1389 1425 1468 1477 nohis
1502 1433 1645 1494 peruritur.
1701 1425 1927 1494 Respondemus:

92 1518 344 1583 xvn1.tt.quoque
362 1527 408 1576 ea,
433 1527 505 1581 quae
524 1510 554 1563 in
579 1509 660 1565 terris
680 1514 828 1581 geruntur,
850 1509 973 1580 praecise
991 1513 1019 1562 et
1037 1508 1067 1562 in
1096 1515 1118 1565 1.
1151 1510 1250 1564 modus
1280 1510 1445 1581 cognitionis
1476 1528 1527 1582 per
1561 1511 1757 1566 revelationem
1787 1516 1928 1582 repugnat

233 1598 393 1668 particulari
429 1597 456 1650 vi
495 1594 639 1650 beatificae
666 1595 780 1651 visionis
809 1612 864 1650 non
899 1595 1066 1666 adspiciunt.
1094 1597 1175 1650 modo
1193 1595 1358 1668 cognitionis
1376 1613 1427 1666 per
1445 1595 1602 1651 beatificam
1622 1597 1762 1666 visionem,
1782 1604 1814 1651 ut
1834 1603 1927 1652 osten·

235 1689 259 1740 9.
285 1685 414 1755 Denique
443 1682 585 1753 speculum
607 1681 690 1747 illud,
720 1682 749 1736 in
779 1699 833 1753 quo
863 1682 950 1737 saneti
975 1682 1066 1736 Deum
1094 1669 1136 1737 die
1152 1682 1289 1754 oppositio
1309 1681 1477 1738 Bellarmini.
1508 1682 1622 1754 Eligant
1641 1683 1728 1754 igitur
1748 1689 1861 1753 certam,
1879 1683 1925 1738 cui

232 1771 363 1826 videntes
378 1769 470 1824 omnia
481 1770 602 1834 videant,
614 1769 772 1840 repudiavit
784 1768 920 1824 Ocoamus
933 1770 951 1824 l.
964 1775 987 1825 l.
997 1773 1066 1824 sent.
1093 1771 1218 1826 insistere
1236 1769 1336 1834 velint,
1360 1769 1441 1825 viam
1485 1775 1510 1826 2.
1528 1770 1672 1840 Scriptura
1697 1771 1826 1841 nuspiam
1847 1770 1925 1836 dicit,

232 1876 260 1928 q.
282 1863 321 1913 13.
369 1856 522 1921 Creatura,
551 1857 657 1927 inquit,
684 1856 837 1910 nonhabet
867 1857 898 1908 in
919 1858 981 1910 Deo
1006 1871 1065 1909 esre
1092 1857 1195 1910 sanctis
1220 1857 1325 1923 omnia,
1356 1872 1429 1927 quae
1460 1855 1488 1910 in
1513 1855 1594 1910 terris
1619 1862 1767 1926 geruntur,
1800 1856 1940 1922 revelari,

231 1945 359 1999 relucens
377 1962 427 1998 nec
445 1944 716 2014 repraesentativum
740 1944 769 1995 in
786 1944 919 2007 meantia,
942 1943 1015 1996 sieut
1035 1942 1065 1995 in
1093 1944 1160 2014 quin
1178 1943 1271 2013 potius
1287 1941 1436 2013 specialem
1454 1940 1531 1996 illam
1559 1942 1686 1997 notitiam
1705 1961 1738 1998 ex
1758 1943 1927 1998 revelatione

231 2032 358 2102 speculo,
388 2033 461 2084 sicut
487 2030 580 2098 aliqui
601 2030 792 2097 imnpinantur
809 2029 909 2097 salso,
935 2028 964 2082 id
990 2028 1064 2100 quod
1092 2035 1181 2084 ortam
1206 2029 1309 2084 sanctis
1334 2029 1464 2100 derogat,
1490 2047 1557 2100 ergo
1579 2028 1624 2083 bic
1645 2030 1742 2084 modus
1768 2029 1865 2085 itidem
1882 2034 1926 2085 est

233 2119 334 2189 probat
352 2117 479 2187 exemplo
498 2116 675 2188 angelorum,
700 2117 750 2187 qui
775 2117 864 2170 multa
889 2116 1022 2185 ipnorant
1040 2124 1065 2169 et
1092 2115 1229 2191 ἄγραφος.
1283 2121 1307 2171 3.
1329 2115 1359 2169 Si
1387 2114 1475 2169 sancti
1502 2115 1539 2169 ad
1565 2115 1707 2170 sciendum
1729 2133 1778 2185 ea,
1803 2134 1875 2188 quae
1895 2116 1924 2172 in

230 2205 411 2259 nihilominus
430 2205 521 2257 Deam
540 2203 643 2259 vident.
679 2201 879 2272 Relinquamus
896 2201 983 2273 igitur
1000 2219 1063 2257 eon·
1091 2205 1173 2260 terris
1205 2210 1354 2275 geruntur,
1395 2203 1521 2273 indigent
1551 2219 1624 2257 nova
1655 2202 1835 2271 revelatione,
1873 2220 1924 2257 cur

233 2291 328 2347 fictum
356 2289 426 2345 illud
453 2289 598 2361 speculum
624 2305 657 2342 er
686 2287 921 2358 speculationibus
947 2288 1063 2359 privatis
1090 2290 1207 2346 ecclesia
1219 2291 1345 2345 Romana
1361 2296 1419 2345 tarn
1437 2290 1570 2345 audacter
1584 2289 1652 2344 dicit
1660 2289 1788 2345 omnibus
1808 2291 1923 2360 sanctis,

230 2378 399 2433 fabricatum
431 2374 587 2432 Pontificiis
617 2381 645 2429 et
676 2389 826 2446 sequamur
854 2373 948 2429 lumen
986 2373 1063 2430 verbi
1090 2378 1354 2447 antemuralis,
1375 2375 1922 2448 necpetitaliquando,ntDeusillis

229 2464 363 2520 coelestis.
1089 2463 1193 2520 revelet
1212 2481 1309 2535 preces
1326 2469 1442 2519 nostras.
1486 2463 1549 2518 Hoc
1565 2468 1760 2535 argumentum
1779 2464 1921 2519 Sellarmi-

265 2556 323 2606 32¹1.
358 2552 386 2603 3.
404 2549 432 2602 A
453 2546 562 2603 Christi
583 2544 798 2616 plurificatione.
839 2545 874 2599 Si
899 2546 991 2599 sancti
1007 2564 1062 2600 non
1090 2567 1142 2604 uus
1167 2550 1226 2621 ipse
1250 2549 1363 2619 format,
1389 2550 1438 2605 sed
1461 2549 1530 2603 nihil
1556 2550 1709 2621 quidquam
1731 2550 1768 2605 ad
1792 2550 1861 2604 illud
1880 2557 2040 2605 re-1V11¹·t

229 2639 324 2693 vident
340 2636 449 2706 omnia,
475 2650 546 2704 quas
563 2640 627 2687 eunt
647 2633 914 2704 taruannense
939 2633 1064 2686 humana
1090 2636 1216 2709 spondet
1253 2643 1278 2692 4.
1297 2635 1327 2691 Si
1346 2635 1485 2691 defunctis
1510 2637 1615 2690 sancus
1635 2653 1682 2701 ea,
1702 2637 1823 2708 quaein
1839 2636 1921 2691 terris

229 2734 334 2780 nutura
356 2722 464 2776 Cleristi
478 2722 575 2774 itidem
598 2738 654 2772 nvn
675 2719 779 2773 videbit
798 2718 893 2773 omnia
913 2720 945 2772 in
965 2718 1063 2790 Λόγῳ,
1088 2729 1231 2795 geruntur,
1250 2721 1321 2777 fiunt
1339 2730 1406 2778 nota
1423 2740 1473 2793 per
1490 2724 1704 2793 revelationem,
1722 2722 1819 2794 utique
1838 2723 1922 2778 etiam

231 2819 257 2866 st
276 2812 317 2865 sic
334 2828 390 2864 non
410 2810 465 2863 erit
484 2807 628 2865 omniscia.
671 2805 894 2876 Respondemus:
921 2810 964 2860 est
980 2805 1062 2878 longe
1089 2811 1191 2865 sanctis
1212 2810 1248 2868 V.
1266 2809 1298 2868 T.
1320 2810 1416 2865 eadem
1435 2818 1502 2865 nota
1517 2810 1638 2876 fuerunt,
1658 2810 1813 2882 dequibus
1829 2815 1923 2866 tamen

229 2898 325 2969 dispar
349 2896 429 2951 ratio.
453 2901 475 2951 l.
494 2895 529 2950 de
545 2892 737 2948 omniscientit
770 2891 878 2947 Christo
910 2893 1062 2947 secundum
1090 2897 1227 2953 Pontificii
1243 2905 1362 2969 negant,
1390 2897 1464 2969 quod
1495 2903 1620 2968 posteros
1645 2915 1710 2952 suos
1735 2899 1923 2969 cognoverint.

229 2985 377 3039 humanam
400 2989 527 3036 naturam
550 2979 753 3035 communicata
779 2984 889 3034 exstem
914 2980 1062 3036 manifesta
1089 2985 1199 3055 Excipit
1217 2985 1415 3050 Bellarmiuus,
1438 2985 1569 3054 patribus
1593 2985 1623 3038 in
1646 2985 1731 3039 limbo
1752 3002 1806 3038 non
1829 2986 1922 3048 fuisse

229 3071 389 3144 Scripturas
407 3069 574 3138 testimonia,
592 3067 660 3123 Luc.
680 3072 710 3137 2,
729 3084 754 3120 v.
773 3072 814 3123 to.
841 3065 906 3120 lob.
928 3071 958 3133 2,
977 3084 999 3122 v.
1020 3073 1061 3122 24.
1089 3073 1237 3126 ordinarie
1258 3072 1425 3141 revelatum,
1450 3072 1520 3142 quid
1536 3072 1582 3125 hic
1601 3072 1753 3140 epotetur,
1780 3071 1848 3140 quia
1866 3089 1922 3125 non

229 3177 254 3217 c.
275 3165 321 3228 31,
347 3177 373 3213 v.
395 3163 435 3213 11.
453 3155 512 3213 Col.
532 3161 562 3225 2,
590 3173 615 3212 v.
636 3160 659 3210 3.
679 3153 728 3208 sed
747 3152 782 3208 de
800 3161 958 3207 sanctorum
976 3154 1061 3208 omni·
1089 3167 1169 3212 mant
1193 3159 1278 3226 beati,
1301 3176 1367 3212 nam
1387 3160 1428 3211 ad
1448 3160 1610 3226 perfectam
1636 3157 1835 3211 beatitudinem
1857 3174 1922 3226 per·

231 3245 348 3301 scientia
384 3263 439 3300 non
474 3241 610 3297 habentur
646 3239 765 3312 Spiritui
810 3239 899 3294 saneti
941 3240 1062 3310 oracula,
1090 3246 1158 3300 tinet
1176 3246 1257 3314 scire,
1275 3261 1346 3313 quae
1366 3245 1407 3297 ad
1423 3261 1453 3297 se
1466 3246 1608 3312 pertinent
1628 3250 1679 3299 etc.
1713 3244 1801 3314 Atqui
1820 3243 1922 3298 limbus

230 3331 353 3404 quinimo
381 3329 548 3386 contrarium
578 3328 670 3400 potius
697 3327 725 3381 in
743 3326 893 3397 Scripturis
922 3326 1062 3394 asseritur,
1090 3332 1135 3385 ille
1161 3331 1269 3402 papalis
1294 3335 1337 3385 est
1362 3328 1524 3401 figmentum
1547 3330 1705 3386 humanum.
1747 3329 1852 3393 Quodsi
1877 3329 1923 3383 vel

230 3418 305 3490 quod
350 3416 439 3472 sancti
484 3431 540 3470 uon
587 3413 710 3468 habeant
754 3413 876 3467 omnium
926 3412 1060 3468 notitiam.
1091 3419 1208 3472 maxime
1227 3422 1320 3487 patres
1338 3415 1368 3470 in
1384 3416 1471 3471 limbo
1487 3417 1631 3471 constituti
1647 3417 1749 3472 exclusi
1766 3415 1886 3471 fuissent
1905 3433 1924 3470 a

230 3511 253 3562 2,
279 3506 408 3559 Humana
439 3501 542 3557 Christi
569 3509 669 3555 natura
699 3499 882 3571 personaliter
908 3506 950 3556 est
973 3499 1062 3571 Λόγῳ
1088 3502 1220 3560 beatifica
1239 3504 1352 3573 visione,
1370 3509 1528 3560 nontamen
1547 3504 1644 3559 remoti
1662 3504 1781 3559 fuissent
1798 3503 1923 3557 adivina

230 3593 316 3659 uuita,
335 3607 386 3645 nec
407 3597 486 3645 extra
501 3588 592 3643 Deum
610 3586 744 3655 subsistit,
764 3593 795 3640 ut
813 3586 961 3657 peculiaris
979 3603 1062 3658 quae·
1089 3591 1266 3646 revelatione.
1314 3597 1337 3645 5.
1364 3590 1419 3654 Qui
1451 3590 1616 3660 cognitionis
1648 3591 1745 3645 modus
1776 3604 1923 3644 asummo

231 3678 295 3733 dam
312 3692 445 3749 persona,
478 3674 528 3729 sed
554 3673 583 3727 in
608 3673 696 3745 ipsam
716 3676 767 3727 τοῦ
789 3673 889 3744 Λόγον
910 3671 1063 3730 ὑπόστασιν
1089 3675 1221 3747 pontifice
1252 3675 1388 3746 rejicitur,
1420 3675 1497 3730 illurn
1528 3692 1584 3730 non
1619 3675 1703 3731 debet
1737 3675 1924 3730 Bellarminus

229 3772 273 3820 est
300 3769 438 3827 assumta,
475 3760 537 3815 ideo
577 3759 688 3815 intuens
720 3757 821 3830 Λόγον
857 3759 934 3815 videt
963 3759 992 3814 in
1030 3777 1063 3815 eo
1089 3769 1222 3835 tanquam
1240 3763 1413 3834 probabilem
1432 3761 1563 3832 recipere.
1597 3761 1681 3816 Ratio
1700 3767 1758 3830 est,
1776 3762 1843 3833 qnia
1859 3777 1922 3815 sen·

232 3851 340 3920 omnia,
359 3848 425 3921 quia
445 3847 519 3901 intra
541 3846 663 3901 divinam
683 3842 782 3917 Λόγου
800 3844 954 3901 ὑπόστασιν
972 3864 1062 3917 perso·
1089 3850 1206 3905 sentiam
1242 3849 1397 3921 pontificis,
1434 3855 1531 3921 utpote
1565 3848 1763 3914 infallibilem,
1800 3847 1923 3903 omnium

228 3937 330 3992 naliter
347 3934 500 3992 subsistens
523 3930 622 4003 Λόγον
646 3931 851 4003 perfectissime
876 3934 1018 4003 cognoscit
1036 3939 1064 3987 at
1089 3935 1336 3991 controversiarum
1366 3936 1394 3989 in
1429 3935 1547 3991 ecclesia
1571 3951 1694 3989 normam
1728 3949 1788 3989 esse
1814 3933 1922 3991 statuit.

229 4022 265 4078 ab
285 4022 332 4077 illo
350 4020 472 4076 omnium
491 4035 583 4075 rerum
601 4019 700 4074 notitia
719 4019 886 4089 illustratur,
913 4020 1063 4090 participa·
1089 4021 1154 4077 Jsm
1172 4038 1238 4078 vero
1256 4039 1378 4076 summus
1396 4021 1526 4092 pontifex
1536 4021 1687 4093 Gregorius
1705 4020 1825 4092 Magnus
1842 4020 1861 4076 l.
1882 4027 1922 4076 12.
2002 4024 2007 4034 '

227 4111 303 4164 tione
323 4108 429 4163 scilicet
447 4123 480 4162 ac
496 4111 627 4176 κοινωνίᾳ
646 4106 851 4161 omniscientiae
864 4113 893 4161 et
909 4106 1062 4177 sapientiae
1089 4108 1184 4163 moral.
1214 4125 1236 4163 o.
1261 4113 1300 4167 13.
1325 4115 1353 4163 et
1379 4108 1399 4164 l.
1421 4115 1445 4164 t.
1474 4107 1575 4178 dialog.
1596 4125 1619 4162 c.
1636 4113 1678 4165 33,
1697 4108 1809 4162 modum
1828 4109 1923 4178 cogni·

228 4200 279 4251 τοῦ
297 4194 396 4266 Λόγου
415 4211 463 4262 ea,
492 4209 564 4264 quae
592 4199 707 4247 vocatur
727 4191 762 4246 ab
791 4192 893 4247 unione
913 4193 1061 4248 communi·
1088 4195 1172 4249 tionis
1203 4212 1253 4266 per
1284 4195 1479 4250 revelationem
1509 4195 1612 4265 rejicit,
1642 4195 1819 4265 amplectitur
1847 4196 1921 4250 enirn

228 4282 345 4337 cahonis
380 4281 453 4335 illius
483 4272 583 4344 musi,
614 4279 786 4348 personalis.
833 4278 1006 4349 Epiphanius
1031 4280 1061 4335 in
1088 4282 1254 4337 sententiam
1281 4281 1316 4336 de
1342 4281 1500 4353 cognitione
1524 4297 1574 4351 per
1599 4280 1732 4335 visionem
1754 4280 1921 4353 beatificam,

228 4375 366 4424 ancorat:
392 4368 564 4423 Huomnitae
581 4367 662 4419 unita
681 4364 721 4420 eet
740 4365 887 4418 divinitati
903 4374 929 4420 et
946 4367 976 4420 in
995 4367 1059 4435 ipm
1088 4384 1159 4440 quae
1191 4367 1256 4431 huic
1281 4368 1442 4424 revelationi
1471 4368 1646 4433 adversatur,
1677 4374 1709 4422 ut
1736 4368 1921 4424 Bellarminus

177 4497 178 4500 ι
227 4455 430 4524 perfectissime
459 4454 536 4508 novit
554 4454 657 4508 omnia.
699 4452 890 4506 Damascenus
910 4453 927 4506 1.
948 4459 970 4510 3.
990 4453 1060 4509 orth.
1086 4455 1145 4525 ipse
1166 4455 1298 4526 agnoscit.
1332 4454 1407 4526 Ergo
1424 4471 1479 4509 non
1493 4454 1738 4510 debebatmodum
1755 4455 1921 4526 cognitionis

229 4541 274 4596 fid.
295 4558 319 4596 c.
340 4546 385 4595 tr:
409 4541 513 4594 Anima
533 4540 640 4594 Christi
653 4548 771 4609 propter
790 4536 965 4600 ὑποστάσεως
982 4541 1060 4594 iden·
1086 4559 1136 4613 per
1164 4542 1284 4595 divinam
1308 4541 1503 4597 revelationem
1532 4548 1564 4596 ut
1588 4541 1760 4613 probabilem
1788 4541 1920 4611 recipere.

228 4629 336 4682 litatem
366 4635 391 4680 et
417 4627 547 4681 unionem
575 4626 790 4696 inseparabilem
817 4626 991 4695 locupletata
1019 4635 1059 4682 est
1087 4633 1110 4682 6.
1125 4626 1295 4698 Hypothesis
1310 4627 1344 4682 de
1358 4644 1431 4682 nova
1442 4627 1610 4683 revelatione
1623 4628 1722 4682 evortit
1736 4626 1805 4682 illud
1818 4627 1919 4698 ipsum,

226 4716 390 4780 futurorum
409 4713 573 4781 capnitione.
605 4730 630 4770 e.
649 4718 697 4769 22:
726 4713 802 4767 Caro
819 4713 948 4781 perfecte
966 4712 1059 4767 ditata
1087 4714 1131 4768 cui
1150 4713 1340 4769 confirmando
1367 4713 1529 4781 adhibetur,
1552 4713 1709 4785 religiosam
1734 4714 1840 4769 scilicet
1858 4729 1920 4768 san·

227 4810 267 4856 ert
291 4800 367 4856 omni
391 4799 531 4870 sapientia
559 4806 585 4853 et
610 4800 706 4870 pratia
726 4805 845 4871 propter
871 4799 1002 4853 amionem
1018 4817 1059 4854 rs·
1086 4808 1192 4856 ctorum
1210 4800 1423 4870 invocationem,
1448 4799 1524 4871 quod
1543 4800 1582 4855 sio
1600 4801 1829 4858 demonstramus.
1864 4801 1919 4868 Qui

228 4890 349 4942 cunctum
368 4885 529 4941 ὑπόστασιν.
573 4885 629 4941 Sed
647 4885 740 4957 angeli
758 4891 787 4940 et
805 4884 930 4940 homiues
947 4885 1060 4957 propris
1087 4896 1129 4944 est
1155 4887 1283 4957 religiose
1305 4887 1494 4954 invocandus,
1519 4887 1597 4942 illum
1624 4893 1732 4959 oportet
1752 4904 1812 4943 esse
1832 4889 1920 4943 omni·

229 4973 427 5046 personalitate
450 4971 631 5027 subsistentes
658 4989 713 5027 non
739 4977 804 5026 sunt
827 4971 901 5027 intra
925 4988 1059 5043 personae
1085 4975 1187 5043 scium,
1207 4981 1237 5028 ut
1254 4991 1310 5029 uno
1327 4992 1361 5029 ac
1378 4974 1497 5044 simplici
1515 4982 1588 5042 actu,
1606 4992 1662 5029 non
1681 4976 1849 5042 successive,
1868 4993 1921 5032 nec

227 5063 277 5116 τοῦ
294 5060 387 5131 Λόγον
398 5065 548 5116 κοινωνίαν
566 5059 688 5128 assumti,
705 5058 824 5130 ideoque
836 5057 951 5115 scientis
964 5076 1059 5116 eorum
1084 5061 1168 5132 hujus
1188 5061 1232 5115 vel
1251 5060 1325 5115 illius
1343 5061 1479 5115 duntaxat
1490 5062 1589 5129 cordis,
1610 5060 1660 5115 sed
1673 5061 1795 5117 omnium
1807 5062 1920 5117 omnino

226 5160 269 5205 est
287 5147 377 5212 finita,
405 5164 457 5203 nec
471 5145 596 5201 videntes
615 5146 705 5200 Deum
723 5145 816 5200 omnia
833 5145 961 5215 omnino,
986 5162 1058 5219 quae
1085 5146 1208 5202 cordium
1226 5164 1321 5202 omues
1340 5155 1431 5203 motus
1449 5155 1478 5203 et
1495 5147 1687 5219 cogitationes,
1705 5164 1777 5220 quas
1798 5147 1920 5216 fuerunt,

227 5242 291 5289 sunt
316 5236 344 5289 iu
369 5234 444 5304 Deo,
466 5232 569 5288 vident.
614 5237 639 5287 3.
659 5231 784 5288 Christus
804 5233 886 5303 juxta
908 5232 1057 5288 humanam
1086 5251 1156 5307 quae
1176 5239 1242 5288 sunt
1261 5239 1289 5289 et
1308 5234 1416 5292 futurae
1434 5242 1513 5299 snut,
1537 5234 1619 5288 simul
1637 5252 1670 5288 ac
1688 5235 1772 5291 semel
1792 5235 1920 5305 cognitas

225 5328 355 5376 naturam
378 5320 448 5375 coeli
465 5327 610 5388 terraeque
636 5317 763 5373 dominus
788 5326 817 5375 et
829 5318 918 5390 judex
936 5319 1057 5375 omnium
1085 5319 1195 5376 habeat.
1239 5320 1479 5386 Quemadmodum
1501 5320 1574 5375 enim
1599 5320 1705 5375 nullum
1732 5326 1787 5391 est,
1811 5321 1920 5377 nullum

225 5409 391 5464 consututus
410 5412 465 5478 est,
483 5406 520 5462 ad
540 5404 610 5460 illud
628 5404 780 5461 dominium
799 5412 828 5464 et
840 5405 977 5478 judicium
996 5406 1056 5460 uni-
1085 5406 1147 5478 fuit,
1164 5407 1270 5463 nullum
1290 5409 1343 5464 erit
1360 5407 1493 5480 temporis
1511 5415 1694 5479 momentum,
1712 5425 1768 5482 quo
1787 5425 1843 5464 non
1864 5409 1937 5469 sint·
