4104 6014
867 336 921 392 ΒΕ
945 333 1087 393 MORTE.
1766 345 1825 402 261

164 499 223 552 337.
259 503 283 554 4.
310 494 353 550 Ex
384 496 550 552 rationibus.
599 499 624 550 1.
642 495 669 550 A
697 494 758 549 Dei
780 493 964 566 proprietate.
996 489 1146 547 virentium
1164 491 1314 559 interesse,
1339 491 1414 547 idem
1437 492 1478 549 sic
1495 492 1676 548 ratiocinatur
1693 493 1711 548 l
1731 497 1773 550 22.
1792 493 1827 548 de

127 580 220 638 Solius
238 581 293 639 Dei
317 582 460 653 proprium
486 589 528 638 est
554 599 615 638 csse
641 581 905 652 omnipraesentem,
938 576 966 631 in
993 575 1045 632 civ.
1063 576 1100 635 D.
1119 594 1143 635 c.
1165 583 1191 634 9:
1219 579 1284 633 Sica
1303 581 1383 634 Deus
1402 595 1458 650 per
1483 596 1512 634 se
1535 580 1628 650 aprum
1645 581 1717 634 miro
1735 582 1828 644 modo,

128 667 207 723 coelo
229 685 264 723 ac
290 674 366 724 terra
391 669 496 740 angelis
521 675 549 723 et
576 667 734 724 hominibus
752 666 834 722 simul
852 665 964 733 adesse.
993 680 1047 732 quo
1065 681 1112 717 res
1125 665 1293 734 temporales
1311 674 1445 735 operatur
1458 673 1595 734 neumas,
1615 665 1672 720 sive
1688 682 1743 737 per
1761 683 1827 721 saeos

126 753 194 809 dum
212 769 278 810 vero
290 753 368 808 Deus
387 754 511 824 pluriam
529 772 610 807 suam
627 754 716 808 alteri
726 772 782 809 nou
796 755 848 807 dat
861 751 907 806 Es.
922 755 964 815 42,
992 749 1136 805 ministros
1169 751 1211 804 ita
1243 751 1338 815 faciat
1372 760 1397 804 et
1428 754 1527 806 eadem
1564 753 1641 823 ipsa,
1671 769 1743 821 quae
1771 769 1826 821 per

127 858 156 895 v.
184 846 208 897 8.
258 843 285 894 2.
312 841 339 893 A
364 841 503 910 paritate.
527 839 622 896 Sancti
652 857 707 895 non
736 844 801 894 sunt
831 837 962 893 omniscii.
991 833 1134 890 ministros
1162 838 1254 901 facit,
1282 837 1340 890 sire
1371 839 1512 906 quaedam
1540 837 1631 897 faeiat
1661 839 1745 891 etiam
1770 855 1825 907 per

127 927 204 998 Ergo
222 943 274 981 nec
293 925 544 995 omnipraesentes,
566 934 714 997 utrumque
732 926 804 982 enim
825 929 867 979 est
886 923 964 978 attri-
989 930 1145 990 martyrum
1174 923 1306 991 spiritus,
1335 926 1405 979 sicut
1434 943 1487 994 per
1517 926 1642 979 homines
1672 926 1765 979 adlruc
1794 926 1824 978 in

126 1012 227 1068 butum
245 1012 330 1067 solius
348 1012 406 1067 veri
425 1012 478 1068 Dei
504 1012 654 1084 proprium.
698 1016 726 1068 3.
745 1013 772 1065 Α
798 1010 908 1079 majori
924 1011 965 1062 ad
990 1025 1108 1077 corpore
1132 1011 1307 1076 constitutos,
1336 1011 1394 1064 sive
1421 1012 1516 1064 omnia
1544 1012 1599 1064 ista
1624 1029 1679 1081 per
1698 1011 1823 1080 anqelor,

128 1100 230 1155 minus.
259 1099 303 1153 Ne
320 1098 372 1169 ipsi
392 1098 503 1170 quidem
522 1099 615 1170 angeli
635 1104 701 1153 eunt
721 1097 963 1167 omnipraesentcs,
990 1094 1089 1164 qrsiirus
1119 1095 1252 1164 imporat,
1283 1105 1429 1167 operetur,
1460 1105 1491 1151 ut
1513 1115 1585 1167 quae
1606 1114 1662 1170 per
1686 1105 1824 1165 murtpree

127 1185 178 1240 sed
204 1186 233 1240 in
252 1192 327 1241 certo
352 1185 423 1251 πού,
449 1191 481 1240 ut
509 1200 560 1238 suo
587 1185 649 1240 loco
672 1183 857 1239 confirmatur.
889 1181 964 1252 Ergo
984 1182 1053 1249 fleri
1077 1181 1224 1246 dicuntur,
1252 1183 1292 1236 eis
1309 1183 1455 1237 orantibus
1478 1192 1503 1237 et
1523 1184 1745 1254 impetrantibus,
1766 1202 1821 1238 non

127 1272 217 1327 multo
234 1272 325 1326 minus
343 1271 440 1340 sancti,
460 1271 508 1343 qui
519 1264 605 1326 futuri
623 1278 688 1326 sunt
700 1275 807 1326 tantum
821 1265 964 1340 ἰσάγγελοι
991 1267 1074 1320 etiam
1093 1269 1274 1338 operantibus
1292 1272 1377 1338 fiant,
1401 1271 1458 1324 sive
1478 1272 1538 1324 alia
1569 1274 1641 1335 fiant
1660 1272 1736 1336 istis,
1763 1271 1824 1325 alia
1837 1268 1915 1308 xum.
1929 1266 1963 1310 Β·

127 1359 228 1414 blattb.
248 1364 297 1426 22,
320 1376 345 1412 v.
367 1363 408 1414 30.
452 1362 477 1411 i.
498 1359 545 1412 Ea
569 1357 725 1423 sufficienti
747 1354 963 1410 enumeratione.
990 1354 1051 1408 illie
1074 1356 1175 1423 modis,
1194 1357 1245 1426 qui
1261 1357 1340 1410 nullo
1358 1360 1442 1412 modo
1456 1359 1683 1428 comprehendis
1697 1357 1825 1412 mortali·

128 1445 159 1501 si
176 1443 253 1499 beati
270 1449 364 1499 essent
383 1443 618 1515 omnipraesentes
643 1462 676 1500 ex
695 1444 767 1498 dono
784 1442 891 1513 gloriae
910 1439 963 1493 sibi
991 1440 1040 1493 bue
1059 1450 1193 1510 possunt,
1220 1444 1275 1497 uim
1301 1451 1392 1499 tamen
1412 1452 1577 1499 attestantur
1596 1446 1663 1501 lraee
1679 1446 1760 1513 fidei,
1790 1444 1821 1497 in

129 1530 364 1600 communicatae,
380 1536 448 1585 tunc
463 1530 676 1584 communicatio
694 1529 743 1583 illa
760 1527 963 1598 omnipraesen·
990 1545 1047 1596 qua
1071 1528 1168 1582 carnis
1199 1529 1229 1581 in
1257 1537 1402 1586 aeternum
1430 1533 1599 1586 resurrectio
1627 1532 1825 1602 praedicatur.

129 1616 187 1671 tiae
206 1623 279 1672 esset
298 1624 348 1671 aut
365 1616 532 1682 essentialis,
557 1621 607 1671 aut
632 1615 799 1687 personalis,
823 1619 872 1668 aut
892 1613 964 1666 acci-
990 1611 1053 1666 Huc
1082 1612 1238 1669 referantur
1266 1617 1359 1671 omnia
1391 1617 1481 1686 dicta,
1512 1619 1540 1672 in
1569 1617 1670 1688 quibus
1694 1616 1825 1672 deitatem

130 1703 256 1758 dentalis.
293 1701 350 1758 Sed
369 1703 528 1757 essentialis
546 1719 602 1757 nou
620 1709 675 1772 est,
694 1702 743 1756 illa
763 1701 836 1755 enim
857 1699 885 1753 in
906 1699 965 1752 sola
989 1698 1054 1752 Filii
1074 1707 1102 1754 et
1119 1698 1239 1770 Spiritus
1259 1703 1349 1757 sancti
1380 1720 1413 1758 ex
1441 1704 1674 1775 omnipraesentia
1698 1703 1824 1775 probant.

129 1789 235 1844 deitate
252 1789 345 1843 locum
362 1788 456 1859 babet,
474 1795 506 1843 ut
521 1794 646 1857 constat3
664 1805 716 1843 nec
732 1786 895 1857 personalis
913 1790 963 1848 eet,
990 1787 1015 1840 6.
1037 1787 1083 1839 Eu
1101 1788 1332 1864 adversariarum
1349 1792 1535 1857 confessione.
1566 1790 1749 1846 Bellarminus
1769 1790 1787 1842 1.
1803 1795 1825 1844 1.

129 1874 196 1948 quia
219 1874 269 1930 illa
292 1875 320 1929 in
346 1875 404 1929 sola
426 1881 527 1931 natura
544 1874 647 1931 Christi
670 1875 790 1929 humana
813 1873 842 1928 in
864 1867 964 1941 Λόγου
989 1869 1025 1926 de
1052 1880 1139 1926 sanct.
1170 1873 1264 1930 beatit.
1301 1892 1323 1929 c.
1350 1881 1392 1931 2⁰.
1422 1894 1495 1948 resp.
1524 1878 1561 1932 ad
1579 1882 1606 1933 3.
1631 1892 1754 1948 argum:
1780 1876 1826 1930 De

129 1958 284 2017 inclaruere
312 1969 406 2017 evecta
423 1961 514 2016 locum
546 1961 667 2031 obtinet,
693 1978 744 2015 nec
779 1959 964 2013 accidentalis
990 1959 1081 2025 modo,
1097 1976 1152 2027 quo
1170 1961 1262 2014 sancti
1278 1971 1433 2030 aqnoscunt
1452 1965 1505 2031 (res
1522 1963 1606 2034 hujus
1625 1962 1739 2030 mundi),
1758 1980 1826 2031 qua·

129 2064 189 2103 esse
208 2053 312 2119 potest,
333 2049 399 2119 quia
423 2047 655 2118 omnipraesentia
680 2063 735 2101 non
760 2052 803 2100 est
826 2044 964 2113 accidens,
989 2050 1052 2096 uror
1069 2053 1134 2098 sunt
1153 2047 1298 2100 doctorum
1316 2050 1477 2103 sententiae.
1509 2050 1573 2103 Alii
1593 2050 1699 2117 auant,
1717 2057 1825 2104 sancto-

128 2134 245 2204 proinde
273 2135 356 2189 etiam
389 2134 599 2189 accidentaliter
627 2130 824 2189 communicari
857 2128 961 2200 nequit.
989 2147 1052 2182 rum
1083 2132 1202 2199 animae,
1231 2135 1302 2187 sicut
1332 2135 1417 2189 etiam
1442 2136 1573 2205 anqelos,
1604 2135 1678 2188 mira
1699 2137 1823 2204 quadam

129 2222 474 2291 ¹5.E.e‹snsrripraesentiae
487 2221 656 2273 conditione.
689 2219 719 2272 Si
731 2215 964 2288 omnipraesentie
990 2217 1134 2271 eeleritate
1155 2228 1277 2274 naturae
1304 2224 1511 2291 quodammodo
1529 2240 1587 2277 esse
1612 2223 1712 2290 ulique
1731 2228 1757 2275 et
1769 2240 1826 2291 per

128 2308 230 2362 sanctis
250 2313 323 2363 esset
341 2306 552 2372 communicata,
571 2305 667 2361 eadem
686 2304 759 2359 foret
776 2303 820 2358 vel
839 2319 964 2372 numero,
989 2318 1019 2356 se
1035 2304 1137 2359 audire
1163 2324 1263 2375 preces
1286 2308 1525 2380 supplicantium
1553 2311 1682 2362 sednon
1711 2317 1749 2363 est
1774 2309 1825 2364 loc

126 2396 171 2450 rel
193 2394 286 2465 specie
312 2410 375 2448 cum
396 2393 489 2448 divina
512 2392 751 2463 omnipraesentia.
797 2390 860 2445 Non
880 2389 963 2460 prius,
991 2390 1138 2459 sufficiens
1167 2395 1208 2446 ad
1239 2397 1450 2463 coqnoscendas
1482 2413 1596 2466 precer,
1626 2413 1698 2465 qtae
1729 2397 1826 2449 eodem

129 2481 194 2553 quia
222 2479 312 2534 sancti
337 2496 389 2534 nec
406 2484 472 2533 sunt
498 2479 590 2549 Deus,
624 2496 675 2534 nec
699 2477 760 2533 Deo
788 2474 964 2547 hypostatice
989 2483 1113 2545 tempere
1138 2479 1213 2548 fiunt
1232 2481 1261 2533 in
1285 2481 1484 2535 diversissimis
1515 2482 1599 2548 locis,
1630 2500 1686 2534 non
1718 2481 1826 2546 sufficit

129 2567 215 2636 uniti3
247 2584 304 2621 non
334 2565 487 2636 posterius,
518 2566 584 2636 quia
615 2565 664 2619 illa
690 2558 755 2619 non'
770 2562 842 2618 ieret
868 2560 964 2616 divina
989 2562 1133 2628 celeritas,
1157 2567 1210 2618 sed
1224 2566 1377 2636 requiritur
1401 2584 1469 2621 uera
1486 2569 1644 2637 ubiquitas,
1664 2587 1747 2640 quam
1773 2584 1824 2621 nec

130 2653 370 2724 omnipraesentia.
419 2656 444 2707 6.
469 2654 516 2706 En
544 2652 663 2706 obaudi
694 2649 892 2704 contemtione.
935 2647 964 2704 Si
990 2649 1163 2719 anqelorum,
1183 2668 1233 2704 nec
1251 2653 1390 2707 lominum
1402 2655 1549 2724 spiritibus
1562 2655 1649 2723 (nota)
1669 2655 1824 2724 convenire,

131 2739 219 2794 sancti
250 2747 343 2794 essent
368 2738 601 2809 omnipraesentes
625 2754 675 2807 per
704 2733 963 2806 omnipraesentium
989 2737 1138 2790 credimur.
1174 2736 1212 2790 lit
1228 2744 1342 2808 postea:
1364 2740 1464 2794 Sancti
1477 2749 1596 2810 possunt
1614 2743 1656 2794 ad
1667 2742 1824 2795 nosuenire

130 2841 164 2880 cx
196 2825 269 2880 dono
298 2824 404 2897 gloriae
431 2825 484 2879 sibi
516 2824 760 2891 communicatam,
793 2838 965 2892 consequens
989 2823 1102 2890 quando
1138 2824 1249 2888 volunt,
1291 2833 1385 2880 tamen
1423 2845 1480 2880 non
1513 2835 1669 2897 propterea
1707 2829 1823 2880 occidue

130 2911 215 2977 foret,
246 2911 358 2983 propria
383 2911 493 2967 deitatis
520 2910 655 2965 attributa
671 2926 734 2964 ·non
760 2907 878 2984 emplius
904 2924 964 2962 esse
988 2908 1126 2962 intersunt
1142 2910 1341 2966 rebrssnastris
1353 2930 1429 2967 mere
1447 2913 1577 2968 humano.
1611 2912 1710 2985 (Atqui
1729 2913 1753 2967 si
1769 2929 1825 2967 non

130 3015 163 3053 ac
198 3015 308 3054 manere
344 2997 470 3069 propria,
514 2997 564 3052 sed
606 2996 802 3052 communicari
838 2993 965 3064 subjecto
989 2995 1100 3050 assidue
1126 2997 1227 3051 nostris
1252 2998 1336 3053 rebus
1360 2999 1513 3068 intersunt,
1540 2999 1563 3052 si
1590 2998 1683 3054 renim
1710 3000 1747 3053 ad
1774 3015 1824 3054 uos

130 3084 315 3141 essentialiter
360 3101 394 3140 ac
437 3083 620 3155 personaliter
662 3100 680 3138 a
721 3082 816 3136 divina
865 3087 965 3136 natura
991 3088 1120 3152 possunt,
1149 3083 1262 3155 quando
1282 3085 1394 3155 volunt,
1421 3102 1487 3157 ergo
1510 3102 1566 3140 non
1582 3091 1648 3139 sunt
1668 3085 1825 3155 omniprae-

130 3171 269 3227 distincto.
940 3202 944 3209 ·
991 3173 1102 3238 sentes.)
1121 3170 1150 3224 in
1168 3187 1192 3226 c.
1211 3170 1272 3226 aod.
1291 3189 1362 3242 resp.
1381 3172 1425 3227 ad
1439 3177 1464 3229 6.
1484 3189 1542 3242 arg.
1561 3171 1694 3241 disputat,
1712 3180 1825 3225 sanctos

165 3263 224 3314 ³38.
259 3261 285 3313 5.
300 3257 347 3310 Ea
358 3263 477 3326 patrum
489 3254 582 3311 dietis.
611 3253 826 3325 chrysostomus
836 3251 909 3307 hom.
923 3257 964 3308 29.
991 3274 1047 3308 non
1065 3272 1122 3309 esse
1143 3257 1269 3311 absentes
1299 3260 1397 3327 quarm
1423 3259 1647 3327 exauditionem,
1674 3257 1738 3311 licet
1763 3259 1824 3312 ioco

128 3345 158 3400 in
173 3343 288 3399 Marcu:
320 3343 423 3397 Multis
452 3359 466 3395 e
490 3342 562 3395 loeis
588 3341 755 3411 Scripturas
786 3338 967 3408 comprobari
992 3342 1118 3396 absentes
1148 3344 1307 3400 rideantur.
1358 3344 1458 3417 (Atqui
1495 3344 1638 3415 Scriptura
1669 3344 1738 3399 haec
1768 3359 1825 3399 non

124 3438 232 3503 potest,
251 3448 307 3485 non
327 3445 424 3483 errare
443 3429 489 3482 lric
504 3437 570 3498 post
586 3436 701 3482 mortem
715 3428 861 3497 justorum
877 3425 964 3479 lomi·
991 3428 1150 3501 distinguit,
1169 3430 1218 3486 sed
1236 3448 1314 3496 eum,
1340 3432 1389 3503 qui
1407 3432 1498 3504 quoad
1524 3431 1727 3486 exauditionem
1744 3448 1824 3502 prae·

128 3538 194 3574 num
214 3519 333 3575 animas.
365 3519 441 3571 Nam
461 3524 487 3570 et
503 3515 662 3586 Stephanus
681 3516 731 3582 ait,
749 3514 860 3583 suscipe
881 3512 965 3582 spiri·
990 3532 1054 3570 sens
1072 3521 1123 3580 est,
1144 3517 1227 3571 etiam
1247 3517 1339 3589 quoad
1358 3517 1449 3572 locum
1474 3524 1648 3588 praesentem
1666 3517 1778 3584 asserit;
1796 3523 1825 3572 et

130 3613 188 3660 tum
206 3620 309 3667 meum,
335 3609 361 3656 et
378 3602 489 3656 Paulus
515 3601 620 3656 resolui
638 3618 674 3654 ac
693 3617 752 3654 esse
771 3618 833 3653 cum
853 3599 965 3655 Carum
990 3602 1112 3681 vipissim
1135 3603 1183 3674 qui
1207 3603 1298 3675 quoad
1324 3602 1416 3658 locum
1435 3622 1491 3660 non
1517 3610 1560 3659 est
1585 3620 1728 3674 praesens,
1760 3619 1824 3657 eum

131 3690 330 3759 &adnabam
349 3690 385 3742 de
397 3688 568 3758 patriarcba
586 3705 694 3757 quoque
714 3687 866 3756 Scriptura
885 3685 966 3753 dicit
991 3689 1074 3744 etiam
1099 3690 1192 3759 quoad
1221 3689 1424 3746 exauditionem
1448 3698 1621 3761 praesentem
1647 3706 1707 3745 esse
1730 3694 1823 3761 negat,

131 3787 157 3832 et
175 3776 321 3847 appositus
346 3783 387 3828 est
414 3776 456 3828 ad
476 3783 578 3845 patres
603 3792 677 3828 suos.
721 3773 759 3828 lit
782 3773 867 3843 paulo
885 3777 966 3827 ante:
991 3776 1065 3831 unde
1089 3775 1144 3830 Dei
1166 3777 1352 3846 praesentiam
1383 3784 1411 3832 et
1441 3778 1646 3833 exauditionem
1671 3777 1824 3833 arctissime

131 3867 197 3921 Non
209 3871 303 3934 potest
321 3864 418 3917 artiora
436 3881 451 3917 e
467 3869 748 3932 corporeseqreqata
767 3862 797 3915 in
812 3861 857 3914 leis
873 3861 965 3928 reqio·
991 3863 1151 3934 eonJungit,
1176 3865 1257 3920 Deut.
1280 3870 1311 3934 4,
1329 3881 1355 3922 v.
1377 3871 1401 3920 7.
1428 3865 1531 3920 Psalm.
1549 3871 1591 3930 91,
1611 3882 1636 3920 v.
1658 3871 1696 3921 15.
1720 3864 1823 3920 Psalm.

131 3953 213 4007 nitere
244 3967 349 4004 errare.
403 3949 578 4021 Augustinus
607 3950 625 4004 1.
655 3949 690 4003 de
717 3965 784 4003 cura
806 3965 857 4018 pro
885 3952 965 4001 mort
994 3955 1058 4018 145,
1078 3968 1104 4004 v.
1125 3954 1163 4006 18.
1189 3949 1251 4005 Esa
1272 3956 1319 4018 55,
1337 3969 1363 4008 v.
1384 3957 1408 4006 6.
1427 3957 1480 4007 etc.
1521 3951 1625 4016 Quodsi
1649 3967 1716 4021 ergo
1734 3949 1824 4004 sancti

131 4057 192 4111 cap.
216 4044 255 4094 13.
283 4024 406 4091 matrem
422 4054 504 4090 suam
530 4036 649 4106 sinqulis
668 4036 795 4090 noctibus
808 4035 864 4088 sibi
880 4051 965 4105 prae-
991 4042 1057 4090 sunt
1081 4043 1241 4106 praesentes
1266 4038 1359 4108 quoad
1383 4037 1600 4104 exauditionem,
1624 4039 1722 4106 utique
1741 4035 1824 4089 etiam

130 4132 233 4179 sentem
254 4125 383 4191 suturam
402 4123 508 4192 assent,
525 4123 553 4177 si
569 4123 758 4177 sanatietiam
771 4130 965 4192 postmortem
991 4128 1150 4192 praesentes
1169 4128 1250 4177 erunt
1275 4121 1367 4193 quoad
1390 4122 1496 4191 locum,
1523 4123 1552 4176 in
1577 4139 1632 4194 quo
1648 4137 1744 4192 preces
1763 4121 1825 4175 fun·

133 4213 213 4266 rebus
232 4212 336 4265 nostris
354 4211 524 4264 interessent.
559 4211 593 4264 Ut
612 4210 686 4264 uolet
705 4208 823 4281 (inquit),
843 4208 967 4278 accipiat
993 4208 1104 4263 duntur.
1143 4207 1172 4263 Si
1196 4225 1251 4263 nou
1269 4215 1335 4263 sunt
1353 4214 1513 4279 praesentes
1535 4208 1628 4278 quoad
1645 4208 1750 4275 locum,
1773 4207 1827 4262 uti·

134 4298 250 4368 quisque
269 4299 347 4367 quad
365 4298 467 4352 dicam.
496 4296 530 4351 Si
547 4297 630 4350 rebus
643 4295 790 4350 uiuentium
803 4295 967 4349 interessent
993 4311 1047 4366 que
1066 4294 1150 4350 etiam
1168 4302 1328 4366 praesentes
1347 4311 1403 4349 non
1421 4294 1588 4366 suntquoad
1606 4293 1825 4364 exauditionem

132 4386 244 4440 animae
258 4391 429 4439 mortuoram
454 4391 479 4437 et
500 4384 580 4456 iprae
600 4401 664 4448 nee,
690 4383 804 4451 meando
824 4398 872 4435 eas
890 4382 965 4435 ride·
993 4381 1041 4436 ubi
1074 4385 1166 4437 tamem
1194 4387 1275 4449 nota,
1304 4380 1382 4436 aliud
1413 4397 1473 4436 esse
1501 4380 1577 4452 loqui
1607 4381 1642 4435 de
1668 4380 1826 4451 praesentia

132 4490 205 4542 mus,
233 4472 444 4540 alloquerentur
466 4470 496 4522 in
518 4470 634 4535 somnis,
660 4476 691 4522 ut
710 4471 747 4522 de
764 4469 832 4522 aliis
851 4476 966 4536 taceam,
994 4471 1089 4538 quoad
1108 4469 1210 4538 locum,
1229 4467 1306 4522 aliud
1324 4484 1390 4523 vero
1409 4468 1444 4522 de
1458 4466 1616 4538 praesentia
1634 4467 1730 4531 locali,
1749 4467 1825 4537 prius

132 4576 175 4613 me
191 4558 284 4629 ipsum
302 4557 356 4626 pia
386 4563 476 4609 mater
502 4555 584 4610 nulla
605 4563 684 4610 nacte
710 4558 849 4610 desereret
856 4592 864 4620 ‚
894 4571 965 4623 quac
993 4554 1106 4625 respicit
1135 4553 1308 4624 praesentiae
1338 4552 1492 4624 objectum,
1524 4552 1661 4623 posterius
1699 4553 1825 4623 modum3

132 4654 211 4700 terra
229 4645 357 4713 marique
374 4649 469 4695 secuta
486 4651 534 4708 est,
553 4651 584 4696 ut
603 4661 710 4698 meeum
729 4645 841 4698 viveret.
883 4643 966 4695 Absit
992 4641 1068 4713 prius
1085 4640 1145 4696 Deo
1165 4641 1321 4703 tribuimus,
1343 4641 1480 4711 posterius
1499 4656 1563 4695 vero
1584 4641 1701 4696 minime
1740 4639 1827 4695 Videt

132 4733 221 4801 enim,
251 4739 282 4785 ut
300 4732 390 4799 sacta
418 4729 455 4783 sit
483 4731 542 4784 vita
563 4731 694 4792 feliciore
718 4730 856 4799 maelis,
880 4746 965 4797 risque
991 4727 1044 4783 hoc
1063 4726 1255 4796 Bellarminus,
1272 4727 1334 4782 ideo
1347 4743 1402 4781 non
1420 4727 1510 4782 solum
1524 4727 1678 4783 dubitative
1694 4726 1825 4798 loquitur,

132 4821 217 4887 adeo,
248 4825 279 4872 ut
307 4818 420 4889 quando
450 4816 563 4885 aliquid
597 4817 676 4885 anqit
705 4834 755 4870 cor
784 4834 888 4883 meum,
923 4831 965 4867 mc
992 4815 1057 4868 licet
1082 4814 1231 4868 adeantur
1257 4814 1319 4868 loco
1343 4814 1484 4878 absentes,
1512 4812 1561 4867 sed
1590 4814 1672 4869 etiam
1692 4812 1744 4866 sibi
1761 4828 1825 4866 con·

132 4907 237 4960 tristem
248 4904 345 4972 fllium
360 4903 533 4963 consoletur,
552 4904 632 4971 quem
651 4902 751 4957 ddear't
768 4902 865 4971 unice,
886 4919 966 4972 mem
992 4901 1129 4957 tradicens
1147 4900 1248 4955 diesne
1267 4900 1365 4956 asserit
1389 4917 1423 4955 ex
1442 4900 1565 4970 Basilio,
1584 4908 1696 4954 sanctos
1713 4899 1825 4952 ubicun-

132 5009 271 5062 nunquam
303 4990 391 5044 coluit
426 4996 558 5042 moestum
586 4990 689 5043 eidem.
745 4987 806 5044 Sed
831 4990 965 5059 profecto
993 4988 1157 5059 quaomnia
1176 4987 1283 5043 ridere.
1327 4985 1416 5057 Atqui
1437 4986 1461 5040 si
1483 4986 1588 5057 ubique
1608 4985 1700 5041 omnia
1721 4983 1825 5052 vident,

131 5081 209 5150 quod
225 5094 307 5132 sacer
322 5077 453 5150 psalmus
469 5083 619 5145 pascant,
644 5091 740 5128 oerum
760 5083 809 5138 est,
832 5076 966 5144 quoniam
993 5073 1090 5146 utique
1118 5073 1202 5129 etiam
1229 5079 1292 5128 aunt
1314 5072 1419 5144 ubique
1445 5079 1620 5144 praesentes,
1648 5072 1722 5126 sicut
1738 5070 1824 5138 Deus,

133 5173 216 5238 pater
232 5181 307 5218 meus
326 5171 351 5217 et
369 5171 458 5217 mater
481 5178 543 5216 mea
566 5162 776 5230 dereliquerunt
793 5176 849 5228 me,
865 5161 965 5213 Domi·
994 5161 1060 5233 quia
1080 5159 1172 5216 omnia
1189 5159 1293 5231 ubique
1310 5159 1403 5228 videt,
1426 5160 1489 5215 ideo
1513 5159 1597 5214 etiam
1620 5157 1824 5229 omnipraesens

132 5271 185 5306 nus
211 5259 303 5305 autem
338 5249 471 5304 assumsit
498 5266 546 5303 me
598 5247 633 5302 Si
662 5264 729 5316 erqo
759 5247 969 5316 dereliquerunt
992 5253 1067 5302 recte
1087 5246 1238 5316 statuitur.)
1265 5244 1523 5317 Angla-Remenses
1541 5245 1570 5299 in
1584 5250 1675 5299 annot.
1693 5242 1763 5297 Luc.
1779 5249 1824 5300 16:

132 5357 183 5393 nes
199 5346 297 5410 patres
324 5337 428 5401 nostri,
451 5337 589 5407 mornado
611 5334 717 5389 nostris
744 5334 820 5388 curis
843 5342 868 5388 et
885 5335 967 5389 rebus
995 5333 1029 5388 Si
1057 5333 1134 5387 dices
1164 5333 1247 5402 epulo
1271 5332 1462 5385 Alrulamum
1486 5339 1543 5385 tam
1565 5332 1648 5400 lonqe
1673 5331 1825 5384 distantem

133 5427 289 5481 intersum!
326 5423 370 5478 De
389 5423 546 5491 beneficiis,
578 5437 650 5494 quae
675 5436 771 5492 preces
801 5421 876 5491 apud
912 5439 966 5478 me·
994 5419 1150 5489 alloquitur
1167 5429 1194 5473 et
1213 5420 1346 5488 auditur,
1370 5420 1524 5474 absurdum
1544 5436 1599 5472 rron
1623 5418 1690 5483 erit,
1712 5426 1825 5474 sanctos

132 5513 233 5568 moriae
284 5516 434 5583 manyrum
463 5515 541 5575 furna
594 5506 846 5580 subsequebantur,
893 5509 968 5566 unde
993 5506 1126 5561 inuocare
1156 5522 1213 5576 par
1243 5507 1366 5577 madum
1401 5506 1475 5561 coeli
1510 5513 1535 5559 et
1572 5514 1666 5559 terrae
1696 5522 1714 5557 a
1745 5505 1825 5559 natis

134 5598 248 5670 quidam
291 5595 475 5679 colligebant,
520 5595 627 5660 mimas
684 5599 839 5666 martyrum
883 5592 968 5651 rebus
994 5593 1149 5648 dr'strnctos.
1191 5591 1273 5649 Adde
1300 5591 1375 5667 quod
1394 5595 1499 5663 negent
1514 5589 1662 5661 Pontificii,
1682 5589 1822 5647 Christum
