4104 6014
905 225 958 281 DE
977 223 1115 282 MORTE.
1808 231 1844 287 bl

66 387 125 423 1⁴00·
194 382 234 434 73.
270 378 474 451 Propinquiora
502 380 597 436 mortis
627 383 821 436 antecedentia
855 388 920 436 sunt
946 381 990 436 vel
1018 397 1140 451 namque
1161 397 1211 451 per
1233 386 1322 435 totum
1344 379 1419 434 vitae
1435 395 1545 432 cursum
1565 377 1667 432 homini
1694 377 1847 448 insidiatur,

66 437 124 535 ilfi.
156 464 277 529 interna,
296 467 340 521 vel
359 476 480 520 1111111.
518 469 649 536 laterna,
674 485 745 537 quae
764 469 792 521 in
811 486 928 537 corpore
947 467 991 522 vel
1018 468 1211 537 multomagis
1236 465 1288 519 sub
1314 466 1388 520 vitae
1407 463 1489 521 finam
1515 482 1623 519 omnem
1641 480 1719 517 suam
1738 463 1845 518 callidi-

66 539 120 628 ’,ξι
156 549 186 604 in
208 552 306 604 anima
330 551 434 606 homini
455 553 619 624 obtingunt,
652 562 780 623 estana,
811 572 883 625 quae
900 555 989 609 eidem
1017 560 1102 608 tatem
1127 570 1159 607 11
1186 552 1339 623 potentiam
1357 552 1489 606 adversus
1519 551 1610 621 ipsum
1628 551 1731 605 exserit
1750 550 1847 613 sciens,

66 651 104 682 ¹¹1²
157 639 277 692 11111111
295 638 486 693 obversantur.
520 638 566 691 Ad
579 640 697 710 priorem
713 640 829 694 classem
848 642 988 710 pertinent
1016 639 1044 692 in
1072 638 1124 693 hoc
1157 639 1254 693 ultimo
1288 638 1380 693 duello
1404 654 1468 691 cum
1501 637 1723 707 praesentissimo
1750 637 1846 692 11111111

158 731 179 780 1.
191 742 322 778 sensuum
334 727 495 779 interiorum
507 736 533 779 et
545 728 721 795 ester-iorum,
732 729 859 796 adeoque
868 728 989 780 omnium
1017 725 1174 780 discrimine
1185 725 1289 779 homini
1301 732 1351 778 aut
1364 723 1529 778 vincendum
1542 729 1591 776 aut
1602 723 1847 792 succumbendum,

154 812 266 864 animae
298 813 399 866 uirium
430 821 457 865 et
489 813 611 865 omnium
640 814 769 882 corporis
805 815 989 867 membrorum
1016 812 1090 866 unde
1103 812 1215 882 quidam
1229 828 1263 864 ex
1281 810 1419 865 veteribus
1431 827 1481 880 per
1493 811 1665 875 calcaneum,
1676 810 1723 864 cui
1735 827 1847 881 serpens

154 896 349 960 labefactatio.
400 896 491 952 Morte
531 899 604 953 enim
640 900 879 970 appropinquante
916 900 989 953 oculi
1014 897 1156 952 infernalis
1181 898 1368 950 insidiaturus
1391 896 1492 950 dicitur
1517 900 1583 952 Gen.
1605 901 1637 964 3,
1659 914 1685 948 v.
1713 901 1753 951 lb.
1772 897 1847 951 vitae

157 983 369 1052 contabescunt,
381 1000 463 1038 aures
475 984 685 1049 obsurdescunt,
702 993 800 1058 gustus
815 988 988 1056 pervertitur,
1014 985 1112 1053 finem,
1147 985 1222 1037 circa
1254 1000 1335 1055 quem
1372 983 1484 1053 gravius
1518 982 1657 1037 bominem
1693 988 1846 1054 oppugnat,
1860 991 1970 1034 avum.

155 1070 287 1123 memoria
306 1069 476 1139 diminuitur,
494 1069 649 1127 brachiaet
667 1090 763 1126 manus
776 1089 842 1142 prae
856 1072 988 1143 languore
1013 1070 1179 1140 intelligunt.
1209 1069 1357 1123 Cassianus
1374 1069 1436 1124 libr.
1455 1077 1479 1127 4.
1505 1069 1568 1121 inst
1586 1069 1703 1123 coenob.
1721 1085 1782 1138 cap.
1801 1075 1844 1123 37.

154 1155 316 1223 concidunt,
348 1155 434 1225 pedes
465 1158 588 1226 corporis
620 1159 719 1213 molem
748 1159 819 1213 ferre
839 1165 989 1228 nequeunt,
1015 1157 1253 1222 Quemadmodum
1270 1156 1412 1211 lohannes
1433 1158 1521 1225 Apoc.
1543 1161 1582 1224 11,
1597 1173 1624 1212 v.
1645 1161 1685 1211 12.
1706 1155 1847 1209 diabolum

154 1257 236 1295 1111111
253 1241 380 1295 redditur
398 1248 506 1308 acutus,
525 1245 610 1298 facies
630 1245 721 1298 lurida
740 1262 773 1299 ac
786 1250 987 1313 totumcorpus
1014 1244 1083 1298 dicit
1101 1245 1203 1297 babere
1224 1245 1298 1296 iram
1316 1260 1453 1310 maqnam,
1472 1261 1534 1294 111
1553 1243 1639 1307 sciat,
1665 1244 1743 1312 quod
1760 1243 1849 1296 modi·

157 1327 192 1380 ad
211 1327 387 1396 putredinem
406 1336 435 1382 et
453 1331 658 1401 corruptionem
673 1331 772 1402 vergit.
810 1330 988 1386 Bernhardus
1014 1349 1074 1384 cum
1100 1339 1208 1398 tempus
1232 1331 1273 1381 ad
1297 1331 1486 1381 seducendum
1512 1329 1542 1380 in
1565 1330 1620 1392 line
1644 1328 1734 1381 seculi
1757 1328 1848 1381 eidem

157 1412 184 1464 in
211 1431 306 1467 serm:
338 1413 439 1483 Capita
456 1418 560 1484 tejam
579 1426 730 1485 mortuum,
766 1419 918 1486 1111111
942 1435 987 1470 nc·
1014 1417 1155 1485 supersit;
1186 1415 1226 1469 ita
1254 1431 1364 1484 quoque
1393 1414 1468 1467 circa
1495 1413 1578 1468 finem
1601 1413 1675 1469 vitae
1696 1413 1848 1483 quemlibet

155 1502 279 1552 cessario
309 1503 483 1555 moriturum.
539 1504 709 1571 Diatinque,
749 1505 874 1572 qualiter
914 1504 990 1557 oculi
1016 1501 1155 1555 hominem
1184 1500 1292 1571 magnis
1313 1499 1418 1553 viribus
1436 1507 1465 1554 et
1488 1499 1604 1554 efferata
1622 1499 1662 1554 ira
1678 1499 1848 1570 aggreditur,

153 1593 292 1637 seruntur
309 1586 339 1638 in
357 1589 458 1655 capite,
477 1605 563 1641 uenae
582 1599 746 1658 rumpentur
768 1591 798 1642 in
813 1605 945 1661 ‘carpam
963 1599 989 1642 et
1018 1587 1115 1642 itidem
1136 1587 1239 1654 sciens,
1272 1587 1401 1657 exiguum
1419 1585 1510 1639 adhuc
1525 1586 1655 1655 temporis
1673 1589 1792 1655 spatium
1811 1586 1849 1639 ad

155 1686 203 1721 cor
236 1673 380 1724 scindetur
408 1675 516 1728 [tolose.
564 1678 590 1731 2.
616 1677 808 1730 Conscientiae
835 1695 944 1729 morsus
963 1685 989 1729 et
1016 1673 1204 1728 seducendum
1238 1672 1292 1726 sibi
1321 1690 1381 1727 esse
1410 1672 1546 1727 relictum.
1605 1670 1699 1742 thue
1729 1672 1757 1725 in
1791 1671 1849 1726 vita

153 1759 304 1811 1111111111.
347 1757 479 1813 blorituro
504 1763 596 1814 omnia
619 1762 705 1815 totius
726 1762 797 1816 vitae
824 1762 927 1817 delicta
945 1780 989 1816 oc-
1016 1760 1124 1829 reliqua
1140 1776 1196 1812 non
1217 1775 1272 1811 uno
1291 1758 1427 1811 duntaxat
1444 1757 1626 1812 tentationum
1651 1775 1767 1829 genere,
1798 1757 1848 1811 sed

156 1849 269 1896 1111111111
295 1860 358 1897 cum
386 1845 513 1899 omnihus
540 1847 685 1916 speciebus
710 1864 743 1902 ac
766 1849 989 1917 circumstantiis,
1016 1846 1187 1914 mrdtiformi
1203 1845 1325 1897 nocendi
1344 1845 1464 1903 astutia,
1494 1849 1526 1896 ut
1544 1844 1718 1913 Augustinus
1738 1843 1786 1897 lib.
1808 1849 1846 1899 19.

155 1944 225 1997 quae
252 1930 373 1982 animum
397 1931 483 1999 ipsius
501 1933 623 2002 graviter
641 1943 749 2004 angunt
774 1943 802 1988 ct
820 1935 987 1989 excruciant.
1016 1931 1051 1985 de
1070 1931 1124 1987 civ.
1142 1930 1195 1983 Dei
1215 1948 1237 1985 1.
1259 1935 1302 1986 tt.
1323 1929 1453 2000 loquitur,
1472 1929 1610 1985 hominem
1634 1929 1704 1983 solet
1721 1929 1846 2001 aggredi.

153 2012 318 2082 Ephremius
337 2015 372 2069 de
391 2016 523 2071 beatitud.
543 2019 625 2073 anim.
648 2036 710 2088 cap.
735 2027 755 2074 1.
775 2020 827 2073 sub
849 2020 909 2074 fin:
940 2021 987 2072 Ea
1014 2017 1090 2070 Aliis
1120 2018 1193 2070 enim
1221 2017 1405 2085 cupiditatem
1433 2017 1624 2070 insatiabilem
1653 2017 1787 2081 immittit,
1818 2025 1848 2070 ut

156 2099 240 2168 lora,
267 2119 329 2154 cum
347 2103 443 2154 anima
463 2105 603 2158 dividitur
620 2122 639 2156 a
656 2123 789 2173 corpore,
810 2107 908 2159 videns
926 2107 987 2158 uni·
1014 2104 1111 2172 opibus
1141 2105 1200 2156 suis
1233 2112 1366 2171 tanquam
1395 2103 1572 2169 compedibus
1598 2103 1725 2169 illiqatos
1756 2121 1775 2156 a
1800 2105 1848 2157 sia

157 2203 238 2238 uersa
258 2204 346 2256 opera
364 2207 416 2240 111
438 2190 508 2242 dicit
527 2191 604 2243 illas:
619 2194 696 2244 Date
713 2192 783 2244 milti
799 2192 882 2243 unitas
900 2192 987 2244 horae
1013 2190 1141 2243 1111111111
1160 2191 1302 2257 11111111,
1321 2189 1395 2241 ulios
1413 2189 1570 2256 inflammat
1587 2189 1648 2241 irae
1665 2189 1795 2254 stimulis,
1814 2198 1843 2242 ut

154 2274 288 2341 spatium,
322 2277 409 2328 donec
440 2278 580 2343 eqrediar.
633 2278 673 2329 Et
700 2279 870 2347 respondent
903 2278 986 2330 sintul
1014 2278 1055 2328 ad
1071 2277 1226 2328 nocendum
1240 2276 1338 2344 potius
1355 2275 1473 2327 intentos
1491 2294 1509 2327 a
1531 2275 1591 2329 Dei
1613 2274 1845 2344 contemplatione

154 2360 247 2413 omnia
266 2376 354 2431 opera
375 2361 437 2429 ejus
456 2369 482 2413 et
499 2363 598 2414 dicunt
616 2364 656 2415 ei:
680 2365 724 2416 Tu
742 2382 793 2417 tros
812 2365 909 2431 eqisti,
937 2372 986 2416 tna
1014 2364 1178 2430 detorqueat
1184 2382 1195 2429 ,·
1215 2360 1290 2414 alios
1309 2361 1504 2413 immoderatis
1523 2360 1685 2413 libidinibus
1697 2362 1844 2431 immerqit,

154 2462 241 2513 opera
261 2463 369 2510 sumus,
401 2455 486 2499 tetum
505 2465 614 2517 semper
635 2450 721 2518 imru,
738 2458 827 2503 tecum
842 2451 986 2519 pergimus
1013 2456 1043 2500 ut
1071 2447 1210 2515 uoluptati
1233 2454 1258 2499 et
1284 2448 1400 2516 corpori
1423 2447 1573 2499 struentes
1593 2448 1635 2500 ad
1657 2448 1786 2502 uirtutem
1803 2465 1845 2501 re-

153 2535 193 2584 ad
213 2534 315 2589 Deum.
362 2533 511 2588 Moriturus
540 2535 630 2599 videt,
660 2555 690 2592 11
714 2544 852 2591 momento
880 2537 920 2591 illi
938 2553 986 2607 ap·
1012 2537 1120 2602 spicere
1147 2552 1203 2587 non
1222 2534 1351 2604 possint,·
1381 2533 1449 2591 aliis
1469 2551 1535 2587 uero
1553 2534 1674 2603 inspirat
1702 2535 1846 2602 inuidiam,

155 2619 357 2689 propinquare,
375 2638 392 2674 a
410 2638 465 2690 quo
481 2622 585 2691 pendet
601 2623 763 2691 aeternitas,
791 2628 901 2693 tempus
915 2623 987 2677 bene
1012 2631 1043 2675 ut
1060 2623 1119 2674 suis
1138 2621 1196 2690 ipsi
1213 2620 1358 2675 tormentis
1378 2620 1508 2690 occupati
1526 2620 1599 2674 nibil
1617 2621 1738 2688 capitent
1763 2622 1848 2675 aliud

154 2704 284 2774 operandi
301 2707 359 2774 jam
378 2723 438 2761 esse
458 2707 597 2772 amissum,
615 2714 724 2779 tempus
740 2710 775 2762 ad
788 2710 985 2779 poenitentiam
1013 2709 1070 2760 nisi
1086 2725 1189 2775 eorum,
1205 2725 1274 2776 qum
1292 2708 1411 2776 oderint,
1422 2707 1595 2774 felicitatem
1601 2729 1612 2775 ,·
1645 2708 1846 2778 1111111111-

155 2806 313 2844 concessum
332 2808 391 2844 esse
407 2792 465 2845 fere
493 2799 581 2846 tatum
605 2796 823 2864 praeterlapsum
861 2811 895 2849 ac
923 2801 986 2864 post
1012 2802 1070 2848 mat
1090 2795 1297 2862 ambitionibus,
1313 2811 1382 2862 quos
1397 2794 1461 2862 pios
1479 2795 1595 2862 uiderit,
1620 2795 1701 2848 oanis
1718 2796 1845 2864 implicat

154 2882 270 2950 mortem
296 2876 436 2932 imminere
463 2878 616 2947 judicium,
645 2881 674 2933 in
693 2899 748 2950 quo
769 2881 803 2936 de
821 2881 985 2938 actionibus,
1012 2882 1203 2949 retiqionibus,
1220 2889 1251 2933 ut
1270 2881 1371 2948 impiae
1387 2881 1488 2949 faciat,
1516 2880 1681 2934 Lactantius
1699 2880 1746 2936 lib.
1767 2887 1791 2938 6.
1811 2883 1845 2937 de

153 2963 244 3018 verbis
262 2969 290 3017 et
308 2964 524 3034 cogitationibus
542 2966 684 3021 reddenda
703 2968 738 3021 sit
756 2968 834 3022 ratio.
880 2969 985 3022 Sinon
1013 2984 1079 3022 vero
1096 2966 1173 3021 cultu
1191 2983 1213 3021 c.
1233 2974 1256 3022 t.
1276 2985 1302 3036 p.
1324 2972 1382 3022 323.
1421 2966 1464 3021 Ac
1482 2972 1514 3019 ut
1530 2966 1614 3021 verbo
1632 2966 1731 3036 dicam,
1748 2969 1845 3022 aerim

154 3052 332 3119 benefeceris,
353 3051 444 3121 inquit
461 3051 538 3106 Deus
558 3053 594 3106 ad
607 3053 731 3117 Cainum,
746 3056 987 3123 peccatumcubat
1012 3061 1101 3107 tentat
1128 3054 1266 3107 bominem
1295 3070 1327 3106 ea
1345 3053 1399 3106 illa
1414 3061 1513 3122 parte,
1546 3071 1602 3121 qua
1620 3070 1680 3106 111
1698 3055 1773 3107 videt
1788 3072 1844 3124 per

153 3140 192 3190 ad
219 3138 320 3189 ostium
347 3135 418 3194 Gen.
448 3147 478 3205 t,
508 3158 533 3192 v.
562 3146 586 3194 t.
624 3141 657 3194 ln
685 3141 736 3194 hac
756 3141 815 3194 vita
840 3150 985 3211 peccatum
1012 3149 1211 3193 accrescentem
1231 3140 1371 3192 tremorem
1386 3139 1477 3201 facilc
1497 3139 1634 3191 inclinari
1660 3142 1701 3192 ad
1718 3141 1797 3205 sitia,
1815 3151 1845 3194 ut

151 3223 260 3279 videtur
285 3225 365 3294 quasi
390 3224 494 3280 cubare
516 3234 545 3279 et
572 3226 714 3296 quiescere
739 3233 866 3282 cessante
893 3228 985 3282 adhuc
1011 3228 1162 3279 acciendum
1187 3225 1311 3279 tumoris
1340 3225 1565 3296 conspersionem
1597 3226 1730 3279 adhibeat
1760 3229 1844 3280 etiam

151 3310 336 3364 conscientiae
362 3328 467 3374 morsu,
497 3312 547 3365 sed
572 3312 657 3366 cubat
679 3315 719 3365 ad
745 3314 859 3377 ostium,
891 3314 919 3367 id
943 3319 986 3367 est
1010 3309 1534 3379 11111111111,Β11111111111111111161.
1555 3310 1679 3367 demod.
1700 3311 1772 3366 bene
1791 3313 1842 3368 vis.

151 3395 262 3465 quando
280 3413 330 3466 per
347 3403 455 3466 portam
473 3397 616 3452 1111111111
635 3398 686 3451 hac
704 3399 761 3451 vita
778 3399 984 3469 egrediendum,
1010 3398 1062 3454 col.
1085 3404 1158 3454 1141.
1178 3397 1218 3451 ita
1237 3413 1347 3466 quoque
1367 3396 1441 3450 circs
1460 3395 1542 3449 finem
1567 3395 1641 3451 vitae
1664 3415 1715 3466 pro
1732 3397 1843 3453 diversi·
1886 3404 1889 3415 ¹

149 3489 216 3536 tunc
246 3489 390 3551 peccatum
422 3483 537 3553 evigilat
569 3492 596 3539 et
624 3484 821 3539 conscientiam
859 3486 982 3556 graviter
1009 3490 1066 3538 tate
1098 3483 1269 3554 objectorum
1299 3484 1408 3536 diversa
1436 3482 1590 3552 ejaculatur
1615 3482 1688 3552 tela,
1718 3485 1842 3540 eruditos

150 3569 237 3639 angit,
289 3571 317 3621 3.
354 3568 495 3622 Daturum
537 3579 563 3622 et
600 3589 738 3639 anqornm
776 3571 983 3638 multiplicatio.
1009 3571 1132 3626 solicitat
1160 3569 1197 3624 ad
1226 3587 1308 3625 verae
1337 3568 1403 3623 fidei
1432 3568 1658 3641 abnegationem,
1690 3570 1778 3625 bonos
1804 3572 1840 3626 ad

151 3652 388 3716 Quemadmodum
426 3672 489 3707 cum
529 3655 622 3710 dolore
653 3664 683 3710 et
713 3674 817 3727 angore
848 3657 876 3709 in
910 3658 983 3711 hunc
1008 3657 1248 3727 praesumtionem,
1278 3656 1419 3709 1111111111
1451 3655 1685 3726 desperationem,
1717 3656 1840 3713 infirmos

150 3739 283 3793 mundum
303 3740 455 3808 nascimur,
474 3741 513 3794 ita
533 3757 642 3812 quoquc
656 3742 825 3797 cumdolore
839 3750 983 3814 etangore
1009 3744 1045 3798 ad
1069 3743 1286 3814 impatientiam,
1317 3742 1416 3797 divites
1437 3742 1473 3795 ad
1501 3741 1613 3797 nimiam
1636 3743 1710 3798 circa
1731 3751 1841 3801 terrem

149 3843 181 3879 11
200 3842 234 3880 eo
252 3825 410 3896 egredimur
451 3824 511 3881 Sub
529 3827 602 3882 vitae
620 3828 706 3898 igitur
723 3828 805 3882 finem
832 3837 860 3883 et
880 3845 912 3883 ex
930 3828 982 3883 hoc
1009 3849 1111 3895 curam,
1133 3846 1270 3900 pauperes
1289 3829 1325 3883 ad
1341 3827 1533 3885 diffidentiam.

132 3911 253 3970 ,mundo
272 3912 377 3965 abitum
398 3927 503 3982 poenas
521 3920 550 3967 11
566 3913 706 3968 molestias
723 3915 881 3985 pendimus,
912 3932 981 3986 quas
1043 3925 1084 3975 75.
1120 3923 1145 3970 t.
1172 3917 1372 3984 Consequentia
1403 3916 1498 3969 mortis
1530 3916 1625 3970 referri
1656 3925 1771 3986 possunt
1803 3920 1838 3973 ad
1852 3922 1871 3963 t.
1885 3923 1946 3964 0⁰⁰-

148 3999 177 4051 in
196 3999 285 4069 primo
304 3999 339 4052 ad
357 3999 429 4053 hanc
442 4000 525 4054 vitam
538 4001 605 4054 etin
618 4000 837 4056 huncmundum
855 4003 981 4072 ingressu
1007 4005 1076 4059 duas
1095 4005 1204 4058 classes.
1245 4001 1387 4066 Quaedam
1406 4002 1478 4057 enim
1495 4010 1610 4056 mortem
1633 4011 1839 4075 consequuntur
1852 3977 1972 4067 mque

147 4085 281 4139 matribus
314 4087 414 4138 11111111
450 4088 668 4157 procreavimus,
703 4088 800 4142 iisdem
839 4087 980 4142 doloribus
1005 4092 1116 4145 ratione
1134 4090 1218 4142 totius
1237 4088 1393 4157 compositi,
1412 4088 1549 4157 quaedam
1568 4095 1695 4157 respectu
1713 4089 1837 4157 sinqula·
1851 4076 1870 4118 ¹·
1883 4078 1926 4118 ¹³⁸·

148 4175 272 4240 tempore
296 4165 444 4224 'discessus
482 4172 673 4242 subjacemus,
718 4174 820 4244 quibus
865 4181 979 4228 matrem
1006 4196 1068 4232 sum
1096 4177 1231 4246 partium.
1279 4174 1325 4227 Ad
1355 4173 1473 4243 priorem
1504 4174 1620 4228 classem
1648 4176 1788 4244 pertinent
1816 4183 1837 4230 1.
1850 4135 1929 4221 :ptqqqn

147 4263 272 4327 tempore
290 4264 387 4326 partus
405 4256 602 4327 fatigavimus,
622 4264 653 4312 ut
671 4259 766 4315 similis
787 4260 823 4314 sit
843 4260 979 4331 ingressui
1006 4266 1084 4318 nuda
1102 4281 1134 4316 en
1152 4263 1204 4316 boc
1223 4263 1327 4314 mundo
1342 4261 1471 4329 eqressio.
1502 4259 1566 4315 lob.
1581 4266 1605 4325 1,
1622 4279 1648 4316 v.
1667 4266 1713 4315 111
1733 4263 1837 4315 Nudus
1851 4242 1943 4324 litim

148 4344 222 4398 vitae
245 4343 343 4399 exitus.
378 4343 502 4414 Fingunt
532 4348 631 4414 potitae
656 4345 850 4402 Prometheum
882 4347 979 4411 lutum,
1006 4369 1132 4419 eqreasus
1158 4368 1219 4402 sum
1246 4365 1278 4402 ec
1305 4355 1383 4402 utero
1403 4348 1502 4400 matria
1528 4363 1606 4400 tricae
1633 4355 1659 4399 et
1682 4350 1775 4402 nudus
1792 4367 1837 4403 re-

146 4446 181 4483 91
209 4446 264 4500 (1¹10
292 4428 429 4483 hominem
458 4429 551 4500 fimi,
584 4448 746 4502 1101181118,
776 4434 826 4487 ted
849 4433 979 4503 lacrymis
1005 4446 1099 4492 vertar
1117 4437 1201 4504 illuc,
1219 4433 1321 4490 nonin
1342 4433 1438 4488 matris
1456 4439 1581 4497 uterum,
1612 4433 1660 4487 scd
1679 4432 1708 4486 in
1727 4439 1837 4500 terram,

147 4532 309 4580 macerasse,
328 4517 394 4586 quia
412 4516 517 4588 scilicet
1005 4525 1063 4580 nise
1088 4525 1118 4575 in
1145 4523 1319 4592 tepidorum,
1343 4527 1376 4574 ut
1393 4519 1549 4575 Chaldaeus
1574 4520 1770 4590 paraphrastes
1788 4523 1836 4577 ad·

960 4661 978 4694 a
1001 4611 1078 4682 jecit,
1099 4610 1128 4662 in
1147 4612 1259 4663 domum
1288 4608 1425 4676 scptdcri,
1464 4611 1506 4660 est
1532 4605 1605 4660 enim
1620 4611 1695 4662 terra
1717 4609 1838 4663 omnium

1005 4702 1128 4751 nostrum
1147 4702 1234 4749 mater
1260 4711 1292 4747 ac
1310 4693 1387 4747 velut
1416 4699 1511 4746 uterus
1538 4697 1693 4764 maternus,
1713 4695 1838 4767 inquam

1005 4782 1105 4836 mortui
1137 4781 1323 4850 recipiuntur,
1353 4777 1489 4848 prodituri
1525 4795 1574 4832 suo
1606 4785 1728 4850 tempore
1753 4797 1787 4834 11
1805 4796 1838 4836 11

181 4638 335 4689 Nascimur
370 4638 400 4689 in
432 4637 578 4707 lacrymis,
614 4641 748 4706 lacrymis
779 4658 886 4710 quoque
920 4643 959 4694 uit

310 4725 457 4792 madescit,

214 4809 355 4862 111111
371 4828 471 4863 rursm
488 4811 639 4878 linquimus
655 4814 685 4866 in
702 4814 844 4880 lacrymis.
1007 4871 1012 4881 ,
1125 4867 1131 4878 ,
1190 4865 1195 4877 ,
1297 4865 1304 4877 ,
1710 4868 1716 4880 ,
1754 4867 1760 4880 ,

147 4894 197 4948 Cui
216 4895 289 4948 tristi
309 4897 499 4966 querimoniae
525 4895 594 4950 fides
616 4897 773 4953 Christiana
797 4902 893 4957 merito
909 4902 978 4956 illud
1007 4876 1103 4965 nerim
1124 4872 1256 4963 milam
1275 4865 1361 4920 δῶκ’
1383 4869 1425 4930 ‘¹⁰'
1444 4881 1470 4919 γ’
1494 4872 1514 4920 l’
1552 4865 1683 4920 Sal⁰m⁰n
1709 4874 1836 4922 mmmm

145 4981 297 5036 subnectit:
1005 4953 1071 5009 Jobr
1090 4958 1214 5022 vesugns
1233 4949 1307 5007 Eccl.
1327 4957 1350 5016 5,
1368 4968 1392 5003 v.
1415 4956 1460 5005 14:
1495 4950 1732 5012 Quemadmodum
1756 4953 1837 5006 tomo

180 5070 204 5122 0
224 5069 329 5121 multas
349 5069 487 5122 bominum
506 5069 657 5138 lacrymae,
676 5070 815 5137 absterqet
838 5079 868 5123 at
886 5089 979 5125 omncs
1005 5058 1133 5109 ‘imm
1151 5047 1190 5092 ‘³⁸⁸
1208 5055 1240 5092 ω
1256 5046 1337 5091 ulem
1355 5038 1454 5090 malm
1472 5055 1541 5091 ΜΘ
1558 5039 1667 5136 'lim’
1687 5041 1733 5138 ⁸²¹⁶,
1745 5056 1836 5093 'mr'

215 5155 347 5207 omnibu,
366 5156 460 5208 dmi,
479 5155 540 5222 ,pm
560 5155 641 5208 Dm
659 5157 806 5222 ,mm
1005 5136 1085 5195 tetur,
1103 5134 1133 5178 ut
1150 5127 1247 5188 vadat,
1265 5124 1417 5177 secundum
1432 5124 1604 5193 1111111111,
1621 5127 1836 5223 necquidquam

1000 5213 1129 5283 portabit
1154 5211 1304 5264 (11111111
1323 5227 1390 5278 auo,
1421 5212 1498 5279 quod
1523 5212 1609 5263 ducat
1626 5229 1656 5262 sn
1673 5229 1755 5264 manu
1776 5230 1835 5267 tua.

67 5301 133 5341 terna.
180 5297 221 5345 74.
256 5293 384 5345 Estuna
404 5299 469 5346 sunt
490 5292 635 5359 1111111,
667 5293 818 5348 liberorum
835 5300 860 5346 et
879 5312 978 5361 coqua-
1008 5305 1029 5355 1,
1047 5298 1118 5353 Tim.
1136 5304 1161 5366 b,
1179 5313 1202 5351 v.
1223 5303 1252 5350 7:
1271 5295 1353 5349 Nihil
1372 5296 1518 5350 intulimus
1534 5296 1564 5348 in
1581 5297 1729 5364 mundum,
1748 5299 1837 5350 mani·

146 5385 238 5430 torum
255 5378 379 5446 ejulatus
396 5396 430 5430 ac
449 5378 605 5433 molestatio
612 5398 623 5447 ;
644 5381 671 5432 2.
689 5378 835 5448 multiplea
852 5383 978 5435 acautis
1002 5387 1115 5448 festum,
1148 5384 1225 5452 quod
1254 5399 1305 5434 nec
1338 5382 1492 5454 quidquam
1529 5383 1645 5448 auferre
1679 5401 1835 5453 postumus.
1934 5408 1938 5415 ·

146 5463 258 5517 diaboli
282 5464 444 5532 inusitatis,
474 5465 622 5531 infestatio
647 5467 826 5521 attentatio.
873 5466 978 5530 Quodsi
1004 5473 1031 5523 2.
1064 5470 1192 5524 Omnium
1237 5470 1444 5524 mundanorum
1484 5470 1668 5537 qaudiorum,
1714 5473 1835 5524 omnium

1464 5572 1505 5629 40
