4104 6014
926 205 979 261 DE
1003 204 1142 262 MORTE.
1836 217 1876 276 83

182 354 217 410 ab
233 357 361 429 Aegypti
379 359 479 431 opibus
499 376 531 416 ac
550 360 625 416 vitiis
644 360 779 430 avellere,
798 378 834 416 no
853 353 1209 449 paterenturillnvertimus
1238 361 1325 433 igitur
1353 368 1558 434 argumentum.
1617 364 1688 421 Osos.
1718 372 1876 421 sanctorum

181 458 211 496 ss
228 442 355 516 Aegypti
384 445 531 501 dulcedine
557 447 689 516 inescari,
721 445 770 501 sed
797 448 834 501 ad
850 445 1027 517 promissam}
1039 445 1218 515 pullulabunt
1246 451 1281 502 de
1302 450 1364 503 loco
1381 468 1442 507 sao.
1478 451 1553 522 Erga
1575 451 1604 505 in
1630 451 1765 523 sepulcris
1785 469 1872 524 usque

181 534 282 585 terram
298 539 435 602 perpetuo
453 533 640 603 adspirarent;
667 533 697 588 iu
715 532 838 589 adversis
863 548 930 587 vcro
950 510 1076 588 oon-³sd
1104 530 1176 586 diem
1197 532 1335 604 gloriosae
1364 537 1572 591 resurrectionis
1590 542 1656 591 sunt
1680 537 1871 610 relinquenda.

181 615 343 671 solationem
361 619 388 672 in
409 618 591 690 promissione
611 619 781 674 liberationis
802 618 869 690 ipsis
886 617 1014 689 proposi·
1039 620 1064 669 4.
1087 617 1179 687 Super
1208 619 1379 688 Stephanum
1400 623 1536 690 fecer-sirit
1563 623 1709 692 planctum
1742 642 1873 694 mapsam
1885 630 1904 669 ⁴·
1920 629 2000 672 letae

180 707 235 755 tam
273 702 416 760 instillare.
467 709 494 761 2.
532 706 680 759 Ecclesiae
717 706 884 776 conjunctio.
931 702 1102 851 HancIAet.
1120 709 1144 770 8,
1165 722 1189 757 v.
1213 711 1236 760 2.
1282 704 1366 761 Hunc
1398 706 1489 761 locum
1521 725 1571 778 pro
1601 710 1779 765 veneratione
1808 709 1871 767 reli-
1885 682 1981 782 iiiii..

181 803 291 843 eausam
310 790 439 860 exprimit
457 791 517 861 ipse
535 792 659 847 lacobus
678 811 703 847 v.
719 797 766 847 30:
788 791 938 846 Domniam
952 808 1013 843 cum
1039 787 1167 858 quiarum
1193 790 1337 846 adducunt
1358 791 1484 848 lesuitae
1500 793 1726 864 Moguntinenses
1753 796 1781 850 in
1801 796 1871 868 disp.
1885 785 1983 876 gffinff

178 875 310 941 patribus
320 877 389 930 meis
396 897 407 942 ;
426 876 527 948 quibus
543 877 608 932 fidei
620 878 728 933 unitate
740 878 905 948 conjunctus
923 876 1015 930 fuerat
1040 873 1074 927 de
1092 874 1216 946 reliquiis
1234 893 1307 930 anno
1336 883 1409 932 1605.
1432 877 1536 934 habita.
1583 880 1808 951 Respondemus:
1841 887 2000 939 atulnnctum

141 1030 145 1038 Ι
183 958 211 1012 in
223 959 301 1024 vivis,
318 960 427 1016 illorum
445 963 529 1017 etiam
546 964 678 1033 sepulcris
690 970 753 1033 post
772 971 887 1019 mortem
899 978 1013 1033 corpore
1039 958 1102 1028 quis
1122 977 1177 1015 nou
1195 961 1288 1029 videt,
1315 970 1448 1033 quantum
1466 964 1577 1019 intersit
1595 965 1667 1020 inter
1684 966 1826 1038 planctum
1844 967 1873 1022 in
1885 950 1996 988 namon.

179 1046 259 1116 jungi
278 1046 375 1110 voluit,
398 1047 471 1103 unde
492 1049 635 1118 Scriptura
655 1050 691 1104 de
710 1067 741 1105 eo
761 1055 889 1104 notanter
907 1046 1014 1109 asserit,
1039 1044 1136 1100 funere
1150 1062 1183 1099 ex
1196 1046 1333 1101 humense
1352 1048 1478 1104 miseriae
1490 1050 1711 1107 consideratione
1729 1057 1757 1108 et
1768 1054 1872 1108 cultum

181 1133 256 1203 quod
278 1132 306 1186 in
325 1140 414 1189 morte
431 1136 579 1204 appositus
590 1137 686 1204 suerit
716 1139 758 1190 ad
771 1137 909 1206 populum
926 1151 1014 1195 suum,
1040 1130 1219 1201 reliquiarum
1239 1150 1273 1187 ex
1293 1135 1508 1204 superstitione?

181 1216 252 1272 Gen.
283 1226 331 1288 49,
348 1236 375 1275 v.
401 1224 442 1274 ³2.
484 1223 512 1277 3.
543 1223 668 1275 Messias
688 1223 864 1292 suspectatio.
917 1223 1013 1291 Augu·
1077 1222 1133 1274 117.
1171 1217 1330 1273 Secundum
1362 1227 1556 1291 argumentum
1591 1224 1662 1293 petit
1688 1223 2006 1280 Bellorminustfflxesn·

181 1305 269 1360 stinus
301 1324 328 1377 q.
358 1311 416 1362 161.
445 1306 474 1360 in
504 1308 618 1363 Genea:
664 1309 716 1362 Ubi
741 1310 906 1379 sepelienda
932 1315 1013 1361 eraut
1040 1319 1073 1357 ex
1092 1305 1220 1358 conciliis
1239 1322 1271 1360 ac
1288 1307 1401 1360 tertium
1419 1325 1452 1362 ex
1466 1311 1602 1377 patribus.
1649 1310 1871 1382 Respondemus:
1884 1278 1999 1378 gum

181 1407 285 1459 qrsuesa
303 1409 425 1461 corpora
443 1394 674 1460 patriarcharum
694 1397 895 1463 depositio-aem
914 1410 1011 1463 pecca·
1042 1397 1065 1447 l.
1086 1390 1229 1462 Scriptura
1261 1409 1340 1447 sacra
1368 1402 1411 1448 est
1441 1394 1566 1449 cultuum
1602 1397 1664 1450 Deo
1701 1398 1871 1468 placentium
1884 1382 1963 1421 “m''

182 1484 273 1531 tarum
291 1479 490 1545 sipiificantio,
509 1481 566 1533 uisi
584 1482 614 1533 im
632 1498 667 1534 ea
687 1490 774 1550 terro,
792 1482 840 1534 uhi
857 1481 907 1534 ille
925 1479 1013 1532 cruci·
1041 1477 1124 1530 unica
1142 1494 1239 1532 norma
1256 1496 1289 1533 ao
1307 1481 1413 1551 regula,
1433 1497 1505 1553 quae
1524 1481 1559 1536 ob
1581 1483 1609 1536 id
1629 1484 1712 1538 etiam
1735 1487 1872 1540 cuooaicu

180 1565 252 1625 fieus
270 1571 325 1629 est,
347 1565 429 1634 cujus
449 1567 587 1634 maraine
605 1575 645 1620 est
656 1568 745 1634 facta
770 1567 899 1620 remissio
913 1582 1012 1636 pecca·
1042 1563 1206 1633 appellatur.
1247 1570 1270 1620 2.
1289 1565 1323 1618 In
1341 1565 1483 1638 primitiva
1503 1577 1531 1623 et
1549 1569 1741 1642 antiquissima
1758 1572 1875 1628 ecclesia

181 1652 296 1704 ionem?
334 1651 469 1704 mortibus
511 1654 583 1705 euim
624 1653 854 1722 patriarcharum
893 1658 1012 1722 peecata
1041 1650 1200 1720 apostolicis
1224 1652 1394 1721 temporibus
1424 1653 1516 1709 vicina
1534 1655 1640 1710 cultum
1659 1658 1794 1726 ejusmodi
1811 1660 1873 1714 reli-

181 1737 319 1791 hamioum
330 1739 459 1803 flparata
483 1747 555 1794 suot.
593 1740 700 1792 Dicunt
714 1746 816 1808 autem,
835 1740 871 1792 ab
890 1756 922 1793 eo
943 1739 1013 1804 loco,
1042 1736 1183 1807 quiarum,
1213 1737 1303 1808 qualis
1329 1737 1358 1791 iu
1386 1744 1490 1809 papatu
1517 1739 1598 1796 hodie
1623 1742 1710 1814 viget,
1742 1745 1874 1800 usitatum

180 1825 257 1892 quod
272 1823 478 1878 Adrulamiam
496 1833 623 1893 coeatur,
654 1826 703 1878 ahi
721 1834 786 1879 suot
812 1826 865 1879 illa
886 1842 1014 1893 corpora,
1041 1821 1128 1877 fuisse
1144 1840 1287 1923 nunquam
1306 1823 1488 1879 demonstrari
1507 1828 1618 1896 poterit.
1666 1835 1689 1884 3,
1717 1829 1874 1887 Conventus

180 1909 275 1963 adesse
306 1910 412 1975 locum,
440 1911 489 1964 ahi
517 1912 668 1975 crucifixus
698 1919 738 1964 est
768 1913 922 1977 Dammae,
945 1912 1015 1979 fere
1043 1909 1221 1963 ecclesiastici
1241 1910 1268 1963 in
1285 1909 1342 1963 illis
1363 1910 1447 1974 locis,
1478 1912 1526 1965 ubi
1546 1913 1695 1984 insignium
1720 1923 1873 1988 martyrum

181 1995 300 2064 tripiotu
319 1996 493 2064 miliaribus,
524 2004 555 2049 ut
573 1998 658 2050 etium
685 1999 743 2067 ipm
762 2015 894 2051 numerus
908 1999 1014 2065 sipuifi-
1043 1994 1176 2065 reliquiae
1196 1995 1326 2049 humatae
1345 2004 1437 2066 erant,
1467 1997 1595 2068 primitus
1618 2000 1736 2055 instituti
1762 2001 1875 2058 fuerunt

181 2083 244 2135 cari
261 2082 452 2150 irrumpatur,
480 2084 548 2151 quia
566 2084 596 2137 io
615 2085 753 2154 baptismo
771 2085 907 2154 apparuit
925 2085 1015 2147 ferme
1042 2097 1096 2133 nou
1114 2081 1150 2134 ob
1169 2081 1330 2152 religiosum
1350 2082 1474 2153 ipsarum
1494 2084 1672 2156 reliquiarum
1692 2087 1806 2159 cultum,
1825 2091 1874 2146 sed

180 2168 300 2236 tripinta
329 2186 466 2221 aurorum
497 2178 546 2222 etc.
594 2175 619 2226 i.
653 2170 776 2240 Speruta
811 2189 873 2225 cum
904 2170 1015 2225 Christo
1042 2173 1100 2220 tum
1117 2170 1159 2220 od
1179 2169 1340 2221 memorium
1361 2186 1471 2236 samios,
1491 2172 1540 2238 qui
1558 2179 1623 2225 cate
1643 2182 1801 2244 certarunt,
1817 2185 1874 2230 tum

60 2248 110 2294 ¹l¹¹·
126 2253 167 2295 ¹³2
180 2256 367 2310 resuscitatio.
403 2255 533 2326 Lyranus
551 2256 698 2324 existimat,
715 2256 852 2312 Jacobum
870 2257 899 2311 iu
917 2257 1014 2327 spiritu
1041 2255 1261 2318 adfuturorum
1280 2257 1504 2309 exercitationem
1524 2275 1557 2311 ac
1570 2263 1826 2331 praeparationem,
1844 2271 1875 2319 ut

181 2340 366 2410 praevidisse,
400 2341 539 2397 Christum
559 2342 589 2395 in
606 2347 680 2396 terra
700 2342 813 2397 Cauaan
833 2361 887 2397 non
907 2349 1014 2396 tantum
1040 2340 1163 2410 loquitur
1190 2341 1308 2396 ecclesia
1326 2342 1500 2413 Smyrneusis
1524 2362 1568 2415 ep.
1589 2345 1623 2401 de
1647 2355 1760 2419 martyr.
1776 2348 1874 2420 Polyc.
1897 2388 1904 2403 .

180 2426 359 2495 nasciturum,
379 2444 534 2497 passurum,
550 2428 712 2482 moriturum
734 2445 767 2483 uc
786 2435 1013 2495 resurrecturum,
1042 2427 1116 2497 apud
1134 2427 1286 2482 Eusebium
1304 2428 1352 2481 lib.
1372 2436 1396 2483 4.
1415 2447 1438 2484 c.
1468 2436 1508 2485 15.
1529 2430 1580 2485 hoc
1602 2438 1694 2487 estut
1713 2437 1874 2504 superstites

180 2512 228 2567 sed
255 2513 339 2568 etiam
367 2513 467 2568 multos
495 2530 528 2568 er
554 2514 669 2575 mortuis
690 2531 747 2569 uua
779 2531 841 2569 cum
862 2515 921 2585 ipso
939 2533 1013 2570 resu-
1042 2514 1168 2585 exemplo
1193 2522 1346 2585 martyrum
1373 2516 1406 2568 ad
1431 2515 1539 2572 fortiter
1567 2519 1743 2590 suscipienda
1763 2530 1792 2576 et
1809 2540 1874 2579 con·

179 2599 329 2664 scitaudos,
348 2616 524 2671 serperasse,
543 2617 573 2655 se
587 2601 616 2655 in
629 2601 739 2654 illorum
753 2617 867 2655 numero
880 2599 1013 2655 futurum.
1042 2605 1147 2654 stanter
1166 2601 1333 2671 perferenda
1350 2618 1399 2672 pro
1419 2601 1520 2657 Christi
1539 2605 1650 2660 nomine
1676 2609 1814 2679 supplicia
1834 2609 1874 2664 in·

179 2684 278 2741 Matth.
297 2692 338 2754 2⁷,
357 2704 383 2744 v.
405 2692 446 2742 52.
484 2686 625 2757 liupertus
645 2687 724 2742 addit
753 2704 866 2742 causam
887 2687 1013 2759 allegori-
1041 2685 1201 2742 citarentur.
1249 2692 1273 2740 i.
1304 2688 1518 2742 Translatiooes
1547 2689 1725 2761 reliquiarum
1751 2702 1874 2767 tempore

178 2790 253 2828 cam:
283 2774 375 2827 Jacob
399 2774 553 2843 exemplum
571 2775 640 2828 vivis
660 2776 739 2827 dedit
763 2783 903 2841 mortuiis,
936 2782 966 2827 ut
984 2775 1014 2826 io
1043 2771 1217 2827 Constantini
1243 2773 1338 2844 Magni
1363 2775 1391 2827 in
1417 2775 1534 2829 ccclesia
1560 2777 1677 2846 primum
1704 2780 1872 2852 frequentari

179 2878 228 2930 spe
246 2861 363 2930 patriae
386 2861 511 2914 coelestis
536 2861 639 2931 piccus
666 2869 793 2916 amarent
817 2869 948 2914 aeternae
969 2861 1013 2914 he·
1041 2867 1157 2930 coeptae
1193 2878 1248 2915 uon
1283 2861 1377 2914 statim
1414 2878 1477 2915 cum
1505 2865 1697 2932 superstitioso
1722 2865 1769 2921 illo
1787 2868 1873 2935 cultu,

179 2948 329 3016 rectitatis,
348 2944 401 3000 hoc
418 2953 461 3002 est
477 2946 601 3002 lacobus
620 2947 730 3016 voluit,
753 2948 911 3017 sepulcrum
934 2963 1014 3000 suum
1042 2947 1089 3017 qui
1108 2945 1262 3001 Pontificiis
1280 2947 1363 3001 hodie
1374 2948 1492 3003 usitatus
1506 2956 1555 3016 cst,
1576 2951 1741 3021 conjunctae
1752 2952 1872 3024 fuerunt,

82 3028 84 3033 ’
179 3033 298 3104 posteris
325 3032 354 3086 in
380 3039 454 3087 terra
472 3032 587 3087 Canaan
610 3033 776 3087 habitaturis
794 3050 854 3087 esse
876 3038 1013 3107 μνημεῖον
1040 3032 1090 3086 sed
1118 3040 1265 3104 susceptae
1294 3039 1359 3087 sunt
1384 3040 1498 3105 propter
1523 3036 1814 3094 commonefactionem
1837 3040 1872 3096 de

180 3118 265 3189 fidei,
283 3118 409 3190 pietatis,
426 3119 536 3173 virtutis
556 3119 592 3174 ad
610 3120 757 3175 coelestem
775 3120 915 3190 patriam,
934 3121 1013 3190 cujus
1040 3137 1090 3190 spe
1109 3119 1220 3174 suturae
1238 3119 1449 3174 resurrectionis
1462 3127 1490 3175 et
1504 3121 1719 3194 glorificationis.
1746 3125 1873 3199 Itemque

180 3211 265 3276 typus
284 3212 344 3261 erat
362 3205 484 3272 Canaau,
502 3206 671 3277 adspirantis
690 3213 718 3262 et
737 3205 902 3261 anhelantis.
1040 3211 1154 3276 propter
1180 3197 1374 3260 excitationem
1402 3207 1438 3260 ad
1463 3207 1612 3263 imitandas
1635 3216 1793 3266 sanctorum
1819 3214 1872 3267 vir·

58 3301 76 3343 t.
90 3303 169 3351 uuor.
219 3297 276 3348 116.
312 3296 338 3345 2.
356 3292 546 3346 Irratiooales
558 3293 1013 3362 ereutaraesauotorumcorpori·
1040 3300 1130 3360 tutes,
1148 3291 1245 3360 fidem,
1264 3293 1445 3364 patientiam,
1466 3295 1650 3349 constantiam
1669 3302 1721 3354 etc.
1754 3297 1872 3371 Chryso·
1941 3284 1951 3307 ⁸

56 3353 170 3447 afflig:
184 3380 233 3432 hies
246 3380 410 3449 pepercisse
425 3380 572 3448 lepsmtur,
596 3388 626 3432 ut
640 3382 794 3449 prophetae
821 3380 1013 3446 inobedientis,
1042 3387 1147 3435 stamus
1166 3395 1247 3435 serm.
1261 3380 1289 3434 in
1303 3379 1455 3449 Babylam:
1473 3383 1543 3435 Post
1557 3385 1693 3436 sermonis
1706 3386 1872 3449 fucultatem

57 3459 118 3498 ''¹¹‘'
187 3471 208 3521 l.
239 3464 348 3536 Regum
391 3469 436 3532 re,
467 3482 492 3521 v.
526 3472 567 3520 24.
619 3468 751 3520 Danielis
775 3483 836 3539 cap.
864 3472 894 3530 6,
919 3484 954 3527 v.‚
973 3471 1014 3520 22.
1041 3469 1106 3537 ipsa
1135 3475 1208 3520 certe
1239 3476 1397 3520 sanctorum
1424 3469 1557 3537 seprulcru
1588 3471 1748 3538 proximam
1782 3472 1873 3528 laeam
1888 3481 1955 3523 xvu.
1968 3478 2011 3523 itt.

57 3515 153 3600 iiiiii·
185 3553 246 3606 Hoc
298 3558 461 3625 argumento
502 3553 590 3607 utitur
637 3553 768 3607 Costerus
814 3554 842 3607 in
885 3553 1015 3609 enchirid.
1042 3554 1165 3607 obtineat
1190 3555 1232 3606 ad
1257 3554 1365 3606 amimae
1390 3554 1530 3607 hominum
1547 3556 1577 3608 irs
1605 3557 1682 3624 ipsas
1699 3565 1812 3612 sanetas
1831 3561 1873 3613 iu·

57 3618 153 3715 :2⁰:2¹3-
184 3656 209 3694 c.
231 3645 270 3695 15.
309 3638 531 3709 Respondemus:
563 3644 825 3694 1.nemoocstrum
845 3640 1016 3712 dicitquod
1042 3638 1174 3693 tuentium
1194 3641 1235 3691 acl
1252 3640 1382 3692 virtutum
1403 3644 1555 3695 eorundem
1566 3643 1784 3698 aemulationem
1802 3647 1873 3700 ecci-

57 3715 150 3814 ssroeg'f'
184 3743 300 3796 corpora
324 3734 481 3781 sauctorum
509 3727 564 3780 sint
588 3727 786 3782 contumeliose
814 3744 847 3781 ac
872 3728 1016 3783 inhoneste
1042 3730 1153 3783 taedas.
1191 3734 1215 3786 5.
1235 3725 1408 3797 Nicephorus
1425 3728 1472 3784 lib.
1494 3734 1516 3785 3.
1534 3729 1598 3784 hist.
1618 3746 1641 3784 c.
1664 3736 1702 3787 19.
1719 3730 1873 3787 decoribus

58 3822 113 3859 mot.
184 3813 346 3883 tractanda,
373 3813 418 3867 vel
436 3813 464 3867 in
485 3830 519 3868 ea
536 3813 728 3882 saeviendum,
752 3813 801 3868 sed
818 3814 966 3869 honorilice
983 3831 1017 3868 ea
1042 3813 1146 3885 Ignatii
1175 3813 1305 3884 martyris
1336 3813 1448 3881 scribit,
1481 3815 1556 3885 quod
1583 3816 1668 3884 leupo
1692 3825 1761 3886 post
1783 3820 1873 3890 ipsius

183 3899 329 3954 tractanda
356 3914 416 3953 esse
441 3899 597 3955 asserimus.
646 3907 668 3956 2.
696 3902 736 3954 At
760 3918 793 3955 er
818 3901 935 3969 honore,
968 3901 1015 3971 qui
1044 3903 1148 3955 obiam
1180 3909 1301 3968 tempore
1328 3899 1417 3954 Roma
1445 3901 1622 3956 Antiochiam
1651 3903 1705 3958 rint
1731 3904 1873 3975 usualem,

183 3987 343 4056 corporibus
372 3992 531 4042 sanctorum
565 3988 630 4040 olim
664 3989 813 4057 praestitus
844 3988 888 4044 vel
923 3988 1015 4043 adhuc
1041 3988 1146 4043 fatetur
1165 3987 1258 4058 igitur,
1279 3985 1307 4038 in
1325 3986 1515 4056 antiquissima
1533 3989 1652 4044 ecelesia
1665 3990 1871 4046 translationem

183 4073 317 4142 praestari
342 4072 433 4135 debet,
460 4072 554 4129 inferri
580 4074 677 4146 nequit
696 4074 824 4144 specialis
851 4074 898 4129 ille
927 4075 1014 4129 honor
1042 4075 1116 4129 illam
1135 4073 1258 4128 nandum
1276 4070 1361 4125 fuisse
1381 4078 1535 4142 receptam,
1566 4075 1653 4129 multo
1676 4076 1763 4146 igitur
1782 4077 1873 4132 miuus

182 4160 211 4213 in
248 4159 378 4231 religiosa
413 4161 589 4215 veneratione
632 4160 810 4233 reliquiarum
854 4161 1015 4216 consistens.
1041 4160 1260 4231 superstitiosam
1285 4159 1496 4214 venerationem.
1545 4164 1570 4215 6.
1595 4160 1730 4217 Theodor.
1757 4163 1823 4219 dial.
1846 4169 1871 4219 ³.

184 4250 207 4299 3.
235 4245 370 4301 Miraculo
396 4246 490 4300 divino
514 4246 635 4310 factum,
667 4255 699 4302 ut
722 4248 764 4302 leo
788 4248 952 4318 prophetam
970 4265 1014 4302 oc·
1041 4253 1117 4302 recte
1148 4244 1255 4300 scribit:
1288 4246 1352 4298 Nou
1383 4263 1433 4314 epo
1463 4247 1622 4313 dopmatum
1648 4255 1675 4300 et
1701 4250 1874 4305 demetormn

184 4331 301 4400 eldmet,
331 4349 386 4386 uon
404 4340 498 4388 tamen
519 4351 618 4403 corpus
635 4335 696 4404 ejus
717 4335 876 4403 devoraret,
907 4335 1016 4389 interim
1043 4334 1169 4401 reculam
1189 4349 1223 4385 eu
1243 4333 1333 4395 daco,
1362 4349 1432 4400 pirus
1456 4333 1487 4384 ia
1505 4333 1623 4385 ecclesia
1648 4335 1820 4402 panepyrice
1839 4353 1873 4389 ac

185 4417 285 4472 diserte
320 4418 434 4488 dicitur,
468 4420 543 4491 quod
580 4420 657 4473 illuct
696 4422 870 4488 confrepsrit
906 4438 933 4477 v.
973 4426 1015 4476 26.
1044 4419 1247 4487 ‹hclamatmie
1279 4408 1426 4472 dicautur.'
1469 4424 1492 4473 7.
1511 4418 1569 4475 Nec
1599 4434 1647 4484 ea,
1678 4435 1750 4490 quuc
1778 4427 1873 4491 patres

184 4512 209 4561 4.
228 4504 339 4560 Danieli
360 4505 452 4560 adhuc
470 4507 533 4561 vivo
558 4514 743 4578 pepercerunt
764 4507 873 4568 leones,
903 4522 953 4560 nos
971 4506 1016 4559 hic
1042 4505 1213 4575 temporibus
1233 4504 1292 4558 suis
1309 4503 1420 4558 liberius
1437 4503 1622 4571 indulserunt,
1638 4504 1765 4576 regulam
1783 4507 1874 4564 cultus

185 4590 343 4664 quaerimus
363 4591 399 4646 de
415 4592 539 4662 reliquiis
559 4594 763 4656 defunctorum,
778 4598 821 4646 et
832 4592 919 4663 igitur
936 4609 1017 4662 argu-
1043 4591 1212 4645 constituere
1240 4594 1367 4660 pessunt.
1424 4587 1596 4659 Augustinus
1629 4589 1659 4644 in
1695 4593 1774 4662 epist.
1816 4601 1873 4651 119.

57 4667 172 4710 *ΒΜ
186 4683 308 4733 mentum
330 4678 523 4749 aquaestioue
541 4679 670 4734 alienum.
708 4686 732 4734 ³.
752 4678 837 4737 Siraa
855 4684 902 4746 it,
930 4696 955 4730 r.
978 4684 1017 4733 14.
1041 4685 1158 4750 propter
1187 4677 1306 4729 chuade
1333 4675 1532 4728 uernularum
1562 4678 1804 4750 retroactorum,
1830 4685 1875 4736 vel

59 4720 136 4812 83:¹11
188 4780 211 4818 c.
230 4769 272 4832 49,
293 4781 320 4821 v.
344 4770 382 4819 12.
403 4764 437 4819 de
452 4766 555 4819 sanctis
570 4766 680 4833 dicitur,
695 4784 759 4819 ossa
772 4764 1268 4839 cormorpnllolsot'turbulentarum
1305 4778 1493 4831 personarum
1522 4764 1662 4817 scaudala
1697 4782 1726 4818 se
1757 4767 1875 4824 liberius

58 4821 170 4915 {2¹¹12¹,⁸,‘,'⁸
188 4853 224 4903 de
242 4850 303 4904 30⁶0
323 4868 384 4904 mo,
420 4849 642 4920 Respondemmg
673 4851 834 4905 memoriam
861 4855 1018 4906 sauctorum
1046 4851 1187 4919 quaedam
1217 4866 1273 4902 nors
1298 4848 1457 4916 improbare
1479 4846 1582 4901 scribit.
1627 4849 1704 4904 Idem
1727 4852 1773 4908 lib.
1798 4859 1822 4909 2.
1840 4856 1874 4910 de

58 4938 108 4968 ¹¹¹⁰·
188 4937 326 4991 Siracides
352 4943 509 4992 reverenter
535 4936 638 4992 ibidem
663 4938 800 5007 celebrat,
842 4937 1097 5010 nequaquamiciv.
1118 4934 1171 4991 Dei
1190 4951 1212 4989 c.
1233 4940 1262 4990 8:
1290 4936 1411 4998 Quidum
1433 4940 1537 4986 imam
1561 4942 1686 4988 mmmm
1711 4937 1876 5010 Hi‘r0303l·

186 5040 250 5078 vero
269 5024 356 5089 addit,
377 5040 552 5079 cerasorum
568 5040 627 5079 esse
646 5025 783 5090 eruenda,
815 5026 852 5079 ad
869 5024 972 5079 cultum
991 5000 1099 5077 inimic
1113 5023 1233 5076 allatam
1251 5021 1282 5074 irs
1301 5020 1427 5073 medicale
1446 5037 1496 5072 sno
1517 5021 1717 5088 mspsuderot,
1745 5043 1780 5079 oe
1806 5030 1877 5098 quid

188 5109 297 5165 sublimi
322 5110 454 5181 locanda,
483 5109 612 5181 religiose
630 5111 785 5179 adoranda,
812 5110 860 5165 sed
887 5111 1033 5181 relinquit'
1047 5109 1116 5164 ‚uati
1142 5108 1225 5161 etiam
1253 5108 1313 5176 ⁸‘1³⁸⁶
1338 5113 1499 5174 P‘W'm'r
1528 5122 1590 5158 cum
1615 5105 1737 5172 ΜΕΝ
1758 5114 1876 5181 ‘piritu‘

189 5214 222 5252 es
241 5197 269 5251 iu
296 5197 430 5267 sepulcris
454 5214 488 5253 sc
513 5204 628 5268 propter
639 5212 717 5266 spem
730 5196 830 5252 beatae
842 5198 1018 5252 resurrectio·
1046 5199 1157 5250 domum
1177 5194 1352 5258 infestarent.
1407 5194 1528 5260 01111110
1552 5193 1651 5245 dmm
1677 5192 1713 5244 “b
1730 5194 1784 5247 ¹7²⁰
1803 5199 1876 5266 suf&

189 5281 232 5335 nj,
251 5282 286 5335 de
302 5281 357 5336 1111,
378 5283 454 5353 dicit,
473 5285 551 5355 quod
566 5281 707 5351 pullulent
725 5297 774 5334 sea
797 5282 966 5336 revirescant
984 5285 1019 5335 de
1046 5281 1166 5336 statione
1180 5286 1310 5347 perpetu
1331 5286 1409 5347 esset,
1429 5277 1569 5346 capitosis,
1587 5278 1658 5347 quid
1672 5280 1707 5331 de
1726 5287 1803 5334 terra
1822 5285 1876 5340 illa

188 5369 250 5422 30⁶0
276 5385 341 5436 m,
376 5384 448 5437 quae
469 5369 579 5440 phrasi,
606 5367 733 5422 desum
760 5372 801 5422 est
827 5385 860 5421 εχ
884 5367 949 5425 Em,
977 5375 1020 5438 60,
1046 5372 1133 5436 fieret
1148 5364 1527 5435 quamdiuts'uslncahs'culo
1542 5381 1593 5416 suo
1609 5367 1879 5424 reverentiaecomo

188 5471 212 5512 v.
239 5460 286 5510 14:
317 5455 389 5508 Ossa
412 5463 504 5510 vestro
522 5466 657 5525 :osquam
683 5470 800 5522 prumea
817 5455 1020 5522 permissahaut.
1045 5455 1148 5511 hahere
1184 5452 1302 5507 uolebat.
1358 5451 1514 5506 Accersivit
1549 5451 1693 5521 eps'scopos
1726 5456 1879 5525 premimus,

1481 5556 1522 5612 fis
