4104 6014
204 170 266 228 3511
797 158 919 215 Locus
937 152 1144 212 VIOESIMUS
1162 154 1309 213 SEXTUS

205 317 313 386 minus,
351 316 512 386 quiniones
543 315 650 383 clerinti
673 316 823 368 adventum
850 311 954 376 sancti,
991 307 1041 377 qui
1069 305 1172 363 Christi
1190 311 1251 380 J'am
1271 310 1348 365 missi
1368 316 1397 366 et
1415 309 1540 375 exhibiti,
1559 326 1643 382 quam
1660 324 1728 365 vera
1745 306 1803 365 fide
1819 304 1905 363 nobis

204 404 411 470 moriebantur,
440 422 496 457 non
516 402 660 456 intrabant
679 401 708 454 s‘n
728 400 847 465 coelum,
877 414 927 450 nec
946 398 1039 449 Deum
1066 394 1250 463 applicamus,
1283 397 1324 452 sic
1357 403 1449 468 patres
1475 397 1504 450 in
1530 396 1587 450 suis
1612 395 1744 468 precibus
1770 393 1907 449 fiduciam

204 490 347 553 videbant,
376 506 425 541 nec
441 504 607 555 cognoscere
620 493 757 555 poterant
776 484 924 538 ordinarie
940 497 1039 552 preces
1067 482 1249 537 exauditionis
1268 483 1441 539 collocabant
1461 482 1488 536 in
1505 481 1716 553 promissionem
1736 481 1906 537 deventura

204 575 440 644 supplicantium,
468 575 532 627 ideo
551 592 606 627 non
618 573 710 638 faisse
728 578 887 626 conusetum
905 569 935 622 in
957 568 988 624 V.
1008 569 1040 621 Τ.
1068 566 1176 623 Massia
1216 568 1370 623 l'robamus
1389 569 1442 624 hoc
1459 569 1548 639 primo
1570 587 1602 623 ec
1620 571 1745 624 locorum
1765 568 1906 637 anecdo-

204 669 235 714 ut
262 661 417 728 diceretur,
452 660 554 713 Sancte
579 659 727 713 Abraham
752 675 804 711 oro
819 674 877 726 pro
903 671 959 722 sne,
990 654 1041 706 scd
1066 672 1128 706 rum
1146 654 1278 722 diligenti
1294 656 1527 711 consideratione.
1572 655 1661 711 Exod.
1686 660 1733 719 32,
1758 672 1785 710 v.
1803 659 1845 711 13.
1863 653 1907 709 sit

204 747 295 799 solu-m
326 747 444 799 orabant
478 747 602 801 homines
632 747 694 815 ejus
726 744 859 813 temporis
892 744 986 796 Deum
1016 747 1041 793 et
1067 737 1192 810 Moyses:
1224 742 1389 796 Recordare
1412 741 1559 794 Atratum
1591 749 1618 795 et
1637 740 1725 795 Isaac
1758 748 1786 794 et
1809 739 1907 795 Jacob

205 833 368 901 allegabant
386 834 485 888 merita
502 841 677 902 sanctorum,
702 834 752 901 qui
767 833 829 900 jam
847 830 986 896 obierant,
1010 835 1040 879 ut
1067 844 1208 881 servorum
1228 835 1352 893 tuorum,
1383 828 1481 897 quihus
1497 828 1611 896 jurasti
1635 844 1690 897 per
1708 835 1789 881 une
1810 827 1907 897 ipsum

205 919 266 972 illis
304 919 431 988 ipsoram
463 921 605 974 orationes
639 919 815 987 iuvarentur,
865 915 942 973 Neve
979 913 1040 985 quis
1069 915 1179 966 dicens:
1215 914 1416 984 Multiplicabo
1448 932 1539 969 semen
1571 923 1693 968 oestrum
1715 914 1788 967 ment
1805 913 1906 968 saltas

207 1004 297 1074 dicat,
328 1021 383 1059 non
409 1007 466 1078 peti
482 1005 617 1076 ejusmodi
637 1004 730 1059 verbis
752 1002 884 1057 auxilium
902 1019 920 1056 a
938 1000 1041 1055 meritis
1069 1000 1142 1053 cocti
1165 1007 1191 1053 et
1224 1000 1383 1054 universam
1411 1009 1517 1055 terram
1535 1001 1619 1065 lanc,
1650 1002 1685 1054 de
1711 1018 1769 1070 pesa
1793 1000 1907 1054 leenae

208 1098 384 1159 sanctornm,
405 1092 453 1145 sed
475 1092 565 1145 solrrm
584 1089 791 1146 commemorari
809 1095 934 1158 pactum,
967 1086 1041 1156 quod
1068 1104 1137 1151 srsm,
1157 1087 1231 1140 dabo
1249 1087 1349 1141 semini
1362 1096 1454 1142 cestro
1471 1094 1496 1140 et
1511 1087 1696 1158 possidebunt
1708 1103 1771 1140 eam
1784 1101 1905 1155 semper.

207 1175 285 1231 Dens
307 1176 552 1246 compatriarchis
571 1176 676 1231 fecerat
701 1176 736 1231 dc
752 1174 930 1246 protegendis
948 1179 976 1227 et
994 1171 1040 1226 ad·
1070 1170 1123 1224 Hic
1152 1177 1285 1241 provocat
1316 1171 1427 1242 Moyses
1458 1172 1494 1226 ad
1518 1172 1714 1241 juramentum
1747 1171 1819 1239 Dei,
1848 1185 1906 1243 qno

203 1262 335 1331 juvandis
356 1280 450 1317 eornm
469 1261 595 1331 posteris,
613 1260 900 1315 monethllarminus
918 1259 1041 1324 ulterius,
1070 1257 1232 1327 patriarchis
1260 1257 1471 1314 confirmaverat
1501 1258 1598 1314 foedus
1620 1258 1729 1331 gratiae
1752 1275 1817 1313 cum
1833 1256 1906 1328 ipsis

208 1351 285 1418 quod
312 1359 337 1402 et
359 1356 475 1418 peretum
497 1349 557 1401 Dei
587 1356 612 1401 et
641 1349 755 1417 justitio
781 1354 941 1400 sanctorum
958 1345 1042 1398 simul
1070 1344 1168 1398 initum
1198 1350 1227 1400 et
1249 1345 1457 1416 promissionem
1475 1346 1510 1401 de
1529 1345 1632 1402 Massia
1658 1351 1837 1417 exipsorum
1854 1359 1905 1415 po·
1918 1337 1994 1382 mn·

206 1436 315 1497 fecerint
362 1443 589 1503 commemorata,
638 1443 667 1487 ut
699 1434 881 1497 manifestum
930 1432 967 1485 sit
1010 1449 1043 1485 er
1070 1431 1195 1487 ctoritate
1212 1431 1362 1497 nascituro,
1380 1433 1447 1502 quia
1460 1432 1606 1503 promissio
1624 1433 1659 1487 de
1674 1431 1908 1503 multiplicatione

207 1520 313 1575 Psalm.
347 1524 412 1574 131:
446 1523 588 1575 Memento
620 1522 741 1574 Domine
766 1521 868 1573 Dauid
898 1526 923 1572 et
954 1518 1043 1572 omnm
1070 1517 1181 1572 seminis
1201 1524 1230 1572 et
1247 1519 1421 1589 possessione
1439 1524 1529 1576 terrae
1548 1519 1661 1575 Canann
1677 1520 1760 1575 unice
1778 1519 1908 1590 respicie-

208 1607 432 1661 rrmnsuetrrdinis
448 1608 525 1675 ejus,
545 1615 571 1660 et
589 1607 687 1674 issfra:
720 1608 843 1677 Propter
865 1605 963 1658 llauid
985 1621 1042 1658 ser·
1072 1604 1119 1658 bat
1150 1612 1236 1676 caput
1268 1605 1336 1660 illud
1360 1606 1554 1676 promissionis
1584 1607 1619 1662 de
1648 1605 1752 1661 Moesia
1783 1622 1817 1660 ex
1852 1604 1908 1659 hoc

208 1712 271 1747 oum
296 1686 372 1746 tuam
396 1711 452 1745 non
476 1702 589 1747 assertas
606 1694 713 1758 faciem
734 1692 841 1746 Christi
863 1691 912 1745 tui.
965 1689 1043 1753 Quae
1070 1690 1173 1761 populo
1192 1690 1334 1747 nascituro
1351 1692 1439 1747 Exeo,
1459 1698 1508 1763 31,
1537 1711 1562 1748 v.
1580 1698 1604 1753 6.
1631 1696 1699 1761 (uon
1717 1692 1845 1764 Moyses,
1875 1696 1909 1744 ut

209 1780 295 1833 cerba
326 1779 487 1833 Solomonis
516 1786 581 1832 aurit
608 1779 718 1833 orantis
743 1781 836 1832 Deum
861 1795 918 1850 per
943 1777 1043 1831 merita
1070 1775 1256 1832 lelarminus
1281 1778 1396 1849 vulgata
1418 1779 1542 1835 versione
1567 1779 1701 1850 deceptus
1727 1784 1822 1849 putat,
1856 1775 1907 1830 sed

206 1867 301 1937 patris
332 1866 378 1920 sui
409 1865 535 1919 Doridis
556 1866 623 1935 jam
650 1866 792 1933 defuncti,
821 1872 852 1918 ut
876 1871 984 1919 comtot
1012 1880 1045 1916 ea
1071 1864 1140 1933 ipse)
1157 1863 1246 1918 Filius
1278 1864 1331 1921 Dei
1350 1867 1385 1920 de
1423 1866 1534 1920 nomine
1553 1865 1666 1919 Domini
1685 1864 1726 1919 sic
1746 1863 1907 1936 praedicat:

210 1958 235 2008 2.
253 1952 353 2006 Parol.
376 1955 401 2009 6.
420 1953 494 2004 uncle
512 1952 597 2005 etiam
615 1953 679 2006 libr.
698 1955 724 2008 3.
742 1953 850 2021 Regum
867 1968 891 2008 c.
910 1954 953 2004 15.
974 1949 1043 2003 dici·
1075 1950 1221 2014 Dominus,
1239 1952 1380 2005 Dominus
1398 1961 1439 2007 est
1457 1955 1538 2007 Deus
1553 1952 1714 2006 misericors
1734 1959 1761 2004 et
1778 1951 1908 2013 clemerss,

211 2046 270 2092 tur:
297 2038 421 2106 Propter
446 2039 548 2091 Dauid
570 2039 648 2092 dedit
672 2039 699 2092 ei
723 2038 862 2091 Dominus
879 2039 961 2091 Deus
978 2053 1045 2089 suus
1071 2036 1243 2105 longanimis
1268 2046 1294 2092 et
1319 2040 1424 2093 multae
1447 2037 1580 2092 bonitatis
1598 2047 1625 2091 et
1643 2038 1770 2093 ueritatis
1789 2053 1908 2091 amsans

210 2125 353 2179 lucernam
377 2124 407 2177 in
425 2125 621 2194 Hierusalem,
654 2132 685 2178 ut
702 2125 851 2179 suscitaret
867 2124 958 2189 filium
983 2124 1045 2192 ejas
1073 2123 1222 2176 bonitatem
1253 2124 1282 2177 in
1309 2125 1410 2180 matta.
1462 2125 1505 2180 Ex
1526 2125 1570 2179 his
1597 2123 1689 2179 verbis
1707 2121 1908 2194 posterioribus
1947 2172 1950 2177 .

205 2220 273 2282 post
291 2229 368 2280 eum,
391 2227 423 2265 eo
444 2212 521 2279 praed
531 2212 651 2279 fecisset
669 2211 771 2265 David
787 2218 893 2265 rectum
910 2210 940 2263 in
957 2209 1045 2263 oculis
1074 2209 1256 2265 Bellarminus
1286 2211 1413 2267 evincere
1435 2218 1565 2279 conatur,
1597 2214 1718 2279 Moysen
1737 2210 1908 2282 implorasse

211 2297 341 2364 Domini3
373 2304 398 2349 et
430 2298 506 2351 Dan.
537 2300 569 2350 ³:
598 2299 642 2350 Ne
669 2299 790 2362 auferas
822 2296 1045 2351 misericordiam
1072 2297 1173 2349 meritc
1196 2306 1317 2352 ostentm
1335 2300 1493 2368 jrsstorum,
1526 2299 1574 2352 sed
1600 2296 1687 2353 verba
1713 2295 1909 2352 antecedentia

212 2390 289 2435 tuam
310 2400 328 2434 a
350 2383 429 2436 nobis
448 2390 566 2451 propter
588 2383 735 2435 Abraham
759 2383 889 2436 dilectum
919 2391 996 2437 tuum
1020 2390 1046 2436 et
1072 2382 1142 2439 hanc
1161 2382 1346 2455 suspicionem
1365 2387 1476 2457 penitus
1494 2390 1629 2440 evertunt.
1660 2384 1717 2441 Ubi
1735 2383 1810 2439 enim
1827 2382 1908 2438 mise·

210 2470 295 2522 lsacc
321 2485 430 2522 servum
460 2476 536 2521 tasum
563 2476 588 2521 et
616 2469 712 2522 Israel
738 2478 863 2523 sanctum
892 2478 982 2539 tuum3
1019 2477 1045 2522 et
1071 2469 1204 2538 ricerdis,
1234 2471 1394 2540 clementia,
1424 2472 1621 2542 longanimitas
1651 2478 1679 2526 ot
1709 2470 1821 2525 bonitas
1855 2469 1908 2524 Dei

209 2557 325 2624 Moyses
353 2556 446 2610 Eeod.
474 2558 518 2612 31.
546 2556 690 2610 Jeremias
717 2574 740 2609 c.
768 2559 813 2613 32.
844 2563 870 2610 et
895 2556 963 2621 alii,
984 2574 1044 2610 cunr
1072 2557 1281 2625 praedicantur,
1302 2557 1341 2612 ibi
1363 2557 1461 2613 merita
1481 2557 1623 2612 hominum
1640 2557 1751 2628 penitus
1772 2555 1908 2624 exsulatu,

211 2642 330 2696 orabant
350 2643 459 2710 Deum,
487 2641 569 2695 initio
588 2642 681 2696 dicere
702 2642 842 2698 solebant:
874 2645 970 2711 Deus,
996 2644 1047 2713 qui
1070 2642 1150 2699 Rom.
1174 2650 1212 2712 11,
1230 2661 1256 2699 v.
1276 2650 1305 2702 6:
1327 2644 1361 2698 Si
1376 2661 1409 2699 ar
1426 2645 1536 2714 pratia,
1564 2646 1626 2714 jam
1645 2662 1700 2698 non
1718 2660 1752 2697 er
1769 2644 1908 2712 operibus,

203 2727 287 2794 sacis
322 2727 555 2793 misericordiam,
592 2729 670 2792 faces
707 2730 739 2782 in
765 2730 890 2784 mnitibus
923 2731 967 2784 trs
997 2731 1047 2800 qui
1072 2729 1148 2782 olias
1165 2730 1262 2798 pretio
1278 2748 1334 2784 non
1352 2739 1423 2784 esset
1439 2731 1553 2799 protia5
1584 2732 1612 2784 si
1631 2748 1663 2784 es
1683 2731 1822 2800 operibus,
1842 2730 1908 2797 jorn

211 2816 335 2885 dilr'punt
361 2823 403 2883 te,
431 2815 464 2867 id
489 2823 530 2868 est
552 2816 602 2885 qai
621 2823 741 2886 propter
763 2817 905 2884 iustitiam
928 2825 1045 2886 patrum
1072 2834 1127 2868 non
1148 2823 1189 2869 est
1206 2817 1310 2884 pratia,
1329 2816 1404 2869 alios
1424 2834 1495 2886 opus
1511 2835 1568 2870 non
1585 2825 1655 2870 esset
1673 2834 1751 2885 opus.
1783 2821 1807 2871 2.
1820 2813 1908 2869 Para-

210 2900 351 2955 misereris
386 2917 469 2972 serape
506 2901 645 2971 tilianam,
686 2904 763 2970 quod
793 2911 855 2955 erat
891 2903 1045 2973 implorare
1071 2900 1118 2971 lip.
1150 2907 1175 2970 6,
1206 2918 1231 2956 v.
1269 2906 1305 2958 11.
1338 2901 1379 2956 sic
1411 2907 1473 2957 orat
1497 2901 1640 2958 Salomon:
1671 2901 1908 2956 nominavere

210 2988 311 3041 merita
337 2994 456 3039 ceterum
477 2987 634 3056 justorum,
658 2990 733 3041 unde
759 2990 843 3042 etiam
872 2990 1045 3057 Augustinus
1072 2988 1180 3057 Israel,
1210 3006 1267 3041 non
1298 2995 1338 3041 est
1367 2988 1469 3042 similis
1495 2988 1540 3042 tui
1559 2991 1639 3041 Deus
1670 2989 1700 3041 in
1728 2988 1805 3042 coelo
1833 2994 1860 3040 et
1877 2986 1908 3039 in

211 3093 237 3144 q.
257 3076 316 3128 119.
337 3073 366 3126 in
386 3074 480 3127 Ecod.
500 3074 541 3125 sic
560 3074 617 3126 ait:
635 3075 842 3144 Admonemus,
860 3075 965 3144 inspuit,
983 3094 1045 3129 cum
1072 3080 1162 3139 arra,
1192 3075 1242 3144 qui
1264 3074 1389 3128 custodis
1408 3082 1524 3143 pactum
1554 3083 1579 3129 et
1599 3075 1825 3128 mesericordiam
1844 3090 1907 3126 cnm

211 3161 312 3214 merita
336 3168 433 3214 nostra
458 3177 509 3213 nos
529 3167 669 3229 ¹prorant,
701 3177 734 3214 ne
753 3161 910 3229 diligamur
934 3180 952 3215 a
970 3164 1044 3226 Deo,
1071 3161 1160 3214 cercis
1183 3161 1257 3228 tuis,
1286 3160 1336 3228 qui
1359 3160 1504 3214 ambrslant
1526 3178 1622 3214 coram
1650 3169 1677 3215 te
1694 3161 1726 3215 in
1743 3167 1801 3215 toto
1820 3161 1907 3214 corde

210 3246 336 3300 relevari
353 3265 404 3300 nos
423 3247 504 3314 apud
521 3263 581 3298 cum
601 3247 716 3301 illorum
735 3249 1045 3318 maerensmaerens
1072 3263 1122 3300 suo
1147 3264 1173 3303 v.
1201 3252 1241 3304 15.
1267 3246 1322 3310 Qui
1340 3249 1515 3318 praestitisti
1538 3265 1619 3301 servo
1642 3255 1690 3302 tuo
1710 3248 1812 3303 Dauid
1826 3246 1909 3316 patri
1955 3278 1959 3285 ·

211 3333 292 3386 Deus
318 3333 422 3401 dilipit.
467 3333 548 3385 Idem
571 3334 651 3387 docet
676 3333 889 3402 Chrysostomus
913 3337 985 3392 hom.
1003 3340 1045 3391 11.
1071 3350 1131 3386 mco
1149 3350 1328 3402 quaecunque
1347 3334 1456 3388 locatus
1468 3336 1577 3400 fueras
1598 3335 1627 3388 ei
1641 3343 1668 3388 et
1686 3351 1758 3404 quoe
1776 3350 1825 3389 ore
1838 3351 1908 3404 pro·

212 3419 242 3471 in
264 3418 333 3471 Gen.
354 3426 379 3471 rt
401 3422 444 3473 27.
463 3420 492 3471 in
510 3419 613 3474 rtlatrl.
649 3419 873 3491 Respondemus:
903 3429 923 3478 l.
943 3422 1047 3478 fatetur
1072 3419 1199 3486 nriseras,
1219 3436 1302 3489 opere
1321 3420 1475 3488 conspicati.
1493 3438 1519 3475 v.
1539 3427 1579 3476 16.
1598 3422 1681 3476 Nunc
1699 3436 1766 3488 erpo
1784 3420 1907 3473 Domine

212 3504 322 3565 Recine,
343 3505 545 3558 narrationem
561 3515 723 3560 sanctorum
737 3508 900 3576 consuisse
919 3511 950 3561 in
969 3508 998 3562 V.
1013 3511 1045 3563 Τ.
1075 3506 1152 3557 Delta
1184 3505 1279 3559 Iarail
1310 3505 1396 3574 imple
1422 3522 1502 3560 servo
1530 3512 1593 3570 tuo,
1622 3508 1703 3576 patri
1720 3522 1780 3560 meo
1798 3505 1907 3572 Dacia,

212 3591 354 3645 usitidem.
403 3590 520 3645 Fatetur
537 3591 596 3662 ipsc
615 3591 814 3661 Bellarminus‚
843 3612 899 3647 non
912 3612 996 3663 posse
1014 3612 1047 3647 ec
1073 3607 1252 3660 quaecunque
1281 3592 1391 3645 locatus
1418 3608 1447 3645 ee
1473 3592 1583 3646 dicens:
1616 3594 1682 3647 Non
1704 3591 1815 3656 deficiet
1829 3608 1863 3645 ea
1882 3597 1908 3644 te

212 3676 288 3730 hisce
304 3693 420 3745 precam
434 3678 569 3741 formulis
586 3679 697 3747 colligi,
721 3681 799 3748 quod
816 3681 921 3733 directe
938 3681 1046 3734 ins-ooo·
1073 3678 1117 3730 uir
1137 3695 1234 3731 coram
1251 3693 1302 3747 me,
1319 3677 1370 3746 qui
1387 3679 1487 3730 sedeat
1503 3695 1587 3747 super
1599 3680 1729 3732 tirrenum
1741 3678 1837 3731 lecet
1854 3680 1907 3732 etc.

212 3763 303 3817 serint
319 3771 430 3817 sanctos
448 3765 598 3828 defunctos
610 3772 640 3816 ut
659 3757 855 3819 intercessores
873 3774 899 3819 ct
914 3769 1047 3821 nrediato·
1074 3782 1100 3816 v.
1125 3769 1163 3818 11.
1184 3765 1224 3816 Et
1241 3781 1314 3816 nurse
1329 3764 1451 3816 Domine
1469 3765 1548 3817 Deus
1565 3765 1660 3819 Israel
1676 3767 1801 3829 firmetur
1816 3779 1909 3817 sermo
1968 3769 1971 3773 ’

213 3866 259 3902 res
279 3852 359 3918 aprrd
378 3851 480 3913 Deum,
501 3847 637 3903 hactenus
655 3849 741 3920 igitur
759 3860 952 3922 argumentum
969 3858 1048 3907 esta
1074 3860 1152 3919 suas,
1177 3868 1255 3920 quem
1275 3851 1385 3903 locutus
1403 3866 1432 3903 es
1451 3868 1531 3904 servo
1549 3858 1597 3904 tuo
1617 3851 1727 3908 Dauid.
1775 3848 1829 3904 Hic
1848 3850 1908 3922 qni·

213 3934 374 4004 quaestione
402 3935 530 3988 alionum.
558 3941 581 3991 2.
630 3934 659 3991 Si
683 3953 716 3990 ex
751 3936 825 3992 lriscc
852 3956 965 4008 precum
993 3940 1047 3995 sor·
1074 3936 1142 3991 libet
1161 3935 1246 4005 videt,
1265 3935 1441 3990 Salomonem
1460 3952 1516 3989 non
1535 3935 1573 3988 ad
1594 3936 1691 3991 merita
1708 3935 1841 4005 Davidis,
1858 3935 1908 3990 sed

213 4021 294 4076 mulis
314 4021 514 4076 invocationem
535 4028 693 4077 sanctorum
714 4023 857 4094 colligunt,
875 4043 925 4080 cur
942 4044 998 4081 non
1019 4035 1048 4081 et
1074 4022 1110 4075 ad
1139 4021 1346 4091 promittiOnem
1377 4027 1405 4076 et
1436 4027 1551 4092 paetum
1581 4038 1645 4076 eum
1674 4021 1783 4077 Doride
1809 4020 1908 4077 initum

211 4106 264 4176 ipsi
283 4107 481 4178 Abrahamnm‚
499 4109 641 4175 isaacum,
658 4109 795 4164 iacobum
818 4117 846 4165 ct
863 4110 1000 4166 Davidem
1018 4112 1047 4166 in
1073 4109 1156 4163 unice
1174 4124 1332 4179 provocare,
1352 4108 1454 4162 Psalm.
1476 4114 1518 4177 32,
1536 4125 1563 4164 v.
1584 4114 1631 4164 10:
1661 4109 1785 4178 Propter
1808 4109 1910 4162 David

212 4192 340 4261 precibus
371 4194 428 4248 suis
456 4196 611 4249 invocant?
661 4202 684 4250 3.
713 4195 845 4261 Quaestio
868 4197 979 4268 proprie
1005 4206 1048 4253 est
1073 4212 1183 4248 seruum
1201 4202 1277 4248 tunm
1294 4212 1350 4249 rron
1368 4202 1480 4248 avertas
1494 4196 1602 4259 sociem
1615 4193 1723 4248 Christi
1739 4197 1797 4266 tai;
1816 4212 1844 4252 v.
1869 4200 1908 4251 ll.

212 4278 246 4333 de
271 4279 374 4333 sanctis
399 4299 417 4334 a
439 4281 571 4351 porniiico
587 4280 713 4337 Romano
741 4282 925 4351 canonizatis,
957 4290 988 4338 ut
1008 4283 1047 4339 lo·
1073 4281 1168 4335 statim
1186 4281 1299 4335 additur
1316 4280 1479 4353 explicatio:
1511 4282 1628 4335 Jrrrooit
1648 4283 1789 4335 Dominus
1808 4282 1909 4336 David

212 4373 342 4436 quonian,
360 4367 426 4439 quia
445 4375 476 4421 ut
495 4368 679 4423 Bellarmiuus
700 4367 772 4438 disp.
800 4367 829 4422 in
851 4386 875 4424 c.
897 4376 942 4429 1ος
975 4369 1046 4424 San·
1072 4368 1215 4421 veritatem
1235 4375 1259 4421 et
1277 4386 1332 4422 non
1348 4367 1619 4437 frustrabitureum
1640 4371 1676 4422 ds
1685 4369 1790 4436 fractu
1803 4367 1908 4422 centris

211 4460 271 4506 ctos
308 4472 365 4505 non
400 4456 581 4508 cononirotos
620 4473 796 4524 nequaquam
834 4456 900 4510 licet
932 4457 1046 4526 publice
1072 4453 1115 4506 tui
1142 4471 1250 4523 ponam
1279 4471 1365 4525 super
1396 4455 1490 4507 sedern
1519 4462 1609 4525 tuam,
1639 4471 1665 4511 v.
1692 4460 1730 4510 11.
1749 4455 1909 4523 germinare

211 4540 311 4594 colere.
354 4540 443 4610 Atqui
468 4540 550 4610 hujus
576 4541 792 4595 canonizationis
819 4542 926 4596 nullum
949 4543 979 4597 in
996 4544 1046 4598 ad·
1071 4540 1181 4604 faciam
1211 4559 1301 4595 cornu
1329 4540 1446 4601 David,
1475 4541 1588 4608 parabo
1619 4541 1766 4595 trecensem
1794 4540 1909 4594 Gtrs'sto

212 4624 302 4678 ductis
331 4624 398 4677 locis
428 4631 518 4680 exstat
546 4626 700 4697 vestigium.
751 4633 777 4683 1.
804 4626 902 4682 Patres
931 4628 961 4684 in
989 4628 1047 4683 suis
1072 4643 1140 4680 aneo.
1187 4626 1263 4698 Ergo
1295 4633 1410 4698 propter
1427 4624 1522 4680 David
1550 4627 1624 4682 idem
1643 4634 1698 4692 cst,
1733 4644 1766 4682 ac
1795 4634 1909 4699 propter

212 4710 341 4782 precibus
359 4729 414 4764 ιιοιι
432 4720 646 4768 commemorant
663 4715 762 4768 merita
776 4717 1046 4785 majorumsuorum,
1072 4711 1280 4783 promissionem
1309 4712 1412 4767 Davidi
1440 4713 1474 4767 de
1502 4713 1603 4769 Massia
1632 4712 1743 4769 iactam.
1792 4713 1909 4769 Messias

212 4803 243 4852 ut
259 4804 372 4867 propter
390 4797 439 4852 illa
459 4800 655 4869 exaudiantur,
690 4802 738 4855 sed
755 4800 879 4871 allegant
895 4801 1046 4871 gratuitam
1072 4799 1145 4853 enim
1169 4806 1213 4854 est
1237 4798 1306 4853 illud
1329 4815 1442 4866 aermon
1462 4806 1487 4853 el
1512 4799 1629 4854 lwetot
1653 4800 1702 4853 illa
1727 4800 1827 4854 Davidl
1845 4816 1909 4871 pro·

211 4885 271 4937 Dei
294 4884 513 4953 promissionem
545 4885 708 4955 patriarchis
737 4886 840 4941 factam
876 4903 910 4942 ac
939 4889 1046 4954 foedus
1073 4884 1163 4952 missa,
1187 4885 1292 4941 Jercm.
1316 4890 1358 4952 13,
1386 4902 1411 4938 v.
1429 4892 1454 4941 5.
1473 4902 1497 4940 c.
1516 4892 1559 4953 33,
1576 4904 1602 4942 v.
1624 4892 1662 4942 14.
1687 4886 1755 4942 Luc.
1777 4892 1799 4956 1,
1816 4904 1844 4942 v.
1864 4893 1907 4942 55.

210 4971 322 5041 pretim
347 4987 411 5025 cum
429 4969 603 5037 Abraham,
631 4972 729 5028 hasco
754 4979 783 5028 et
800 4974 909 5030 Jacobo
935 4974 1044 5043 initum,
1072 4970 1444 5039 Actaeaeacteae
1468 4972 1553 5027 etiam
1572 4972 1698 5027 Hilarius
1715 4972 1745 5026 in
1765 4988 1835 5027 com.
1854 4972 1909 5027 hoc

210 5057 256 5113 cni
292 5056 438 5127 promissio
469 5058 504 5113 de
533 5057 636 5113 Massia
669 5077 703 5115 cx
730 5065 852 5131 ipsorum
881 5062 1045 5131 posteritate
1071 5057 1131 5112 loco
1151 5074 1201 5128 per
1218 5058 1357 5114 Davidem
1376 5057 1509 5130 intelligit
1524 5061 1617 5129 ipsum
1638 5059 1793 5128 Christum,
1812 5057 1859 5112 cni
1878 5058 1908 5112 in

209 5143 350 5198 nascituro
368 5143 423 5198 fuit
440 5143 554 5214 inclusa,
573 5145 648 5201 unde
666 5146 760 5218 glossa
779 5147 919 5202 ordinaria
949 5147 978 5203 in
996 5148 1046 5202 ills
1071 5145 1133 5200 aliis
1149 5145 1233 5200 etiam
1246 5143 1408 5216 Scripturas
1420 5146 1503 5200 dictis
1519 5145 1588 5201 haec
1600 5145 1752 5216 appellatio
1765 5145 1907 5210 tribuitur,

209 5231 369 5302 Scripturae
398 5231 460 5286 loca
494 5232 534 5286 sic
562 5239 776 5289 commentatur:
812 5235 950 5290 Firmiter
976 5253 1044 5305 pro·
1070 5231 1119 5285 sed
1138 5237 1271 5302 praestat,
1292 5230 1409 5287 Desidia
1426 5232 1536 5288 nomine
1556 5247 1607 5302 per
1623 5231 1822 5302 metonymiam
1839 5230 1907 5287 snb·

208 5318 323 5387 misisti,
354 5335 410 5389 non
435 5319 500 5373 ticet
524 5326 640 5374 muare.
690 5319 927 5384 Quemadmodum
957 5319 1044 5392 igitur
1065 5318 1136 5389 jecti
1175 5318 1229 5375 hoc
1264 5319 1325 5375 loco
1362 5320 1520 5391 intelligere
1555 5319 1765 5388 promissionem
1800 5318 1907 5374 stidi

206 5408 318 5461 nocuae
353 5421 450 5481 preces
487 5405 613 5463 nituntur
650 5406 750 5463 mento
787 5414 818 5465 et
854 5380 1182 5475 mdsmcfioneiiactam,
1200 5410 1233 5459 ut
1251 5411 1360 5461 constat
1378 5423 1413 5462 ex
1429 5424 1457 5463 v.
1475 5421 1533 5477 seq.
1552 5411 1582 5460 et
1598 5422 1633 5461 ex
1657 5405 1721 5461 aliis
1740 5405 1907 5479 Scripturas
