4104 6014
207 151 269 213 tto
803 149 928 211 Locus
943 148 1148 211 menemus
1166 147 1313 212 SEXTUS

206 306 251 362 los
269 305 312 362 ad
329 304 410 359 ι’ῑὶαπ
435 307 577 364 nimiast
614 307 840 382 Respondemus:
869 313 892 363 t.
911 308 988 362 Deus
1007 304 1037 358 in
1067 304 1290 364 misericorditer
1308 311 1497 384 replerentur.
1532 309 1756 383 Respondemus:
1774 315 1899 384 pstetex

206 391 319 464 negotio
346 393 444 450 salufls
476 400 504 451 et
524 393 590 451 fidei
612 411 669 450 non
697 395 759 451 vult
785 393 930 451 nobiscum
956 407 1039 464 agere
1067 384 1094 463 5.
1114 396 1172 449 286.

206 495 258 551 per
274 480 398 552 angelos,
417 482 466 537 sed
477 499 527 553 per
546 499 626 538 suum
644 482 768 548 verbum,
787 481 862 554 quod
878 479 908 536 in
920 478 1038 553 prophe

206 566 269 622 ticis
285 572 314 623 st
325 567 484 639 apostolicis
504 569 614 640 scriptis
628 574 792 625 annotatum
804 572 898 624 exstat
918 565 1039 629 Luctd,
1632 622 1638 634 ,

206 671 232 708 v.
253 659 303 710 29:
322 654 433 708 Habent
452 655 572 725 Moysen
590 664 617 710 et
632 657 800 728 propbetas,
827 655 948 709 audiant
964 652 1038 706 ellos.
1066 644 1178 703 Servilia
1217 656 1246 706 et
1280 654 1449 709 mercenaria
1489 660 1531 710 est
1560 656 1670 727 peccati
1702 657 1785 729 iuga,
1813 674 1897 728 quam

1156 512 1283 569 Oderunt
1295 532 1418 586 peccare
1434 518 1507 574 mali
1520 519 1678 585 formidine
1692 535 1812 591 poenae.

208 744 231 797 2.
249 741 309 798 Nec
326 741 425 812 Agari,
443 758 494 798 uec
512 742 648 808 Cornelio,
665 759 717 798 nec
741 741 847 798 Tobiae
870 756 973 795 novum
990 737 1039 792 ali·
1064 735 1219 805 purgatorii
1236 743 1326 792 metus
1344 738 1380 794 ab
1400 738 1494 794 inritis
1509 745 1661 812 extorquet
1691 747 1714 799 t.
1730 744 1801 799 Post
1811 743 1897 798 Adae

208 842 290 898 quem
308 824 373 883 fidei
401 827 546 883 nticulum
566 833 677 900 praeter
703 833 732 882 et
750 832 828 884 extra
852 825 907 881 Dei
923 824 1038 880 verbum
1060 829 1208 889 peccatum
1252 831 1359 878 matuta
1395 834 1434 881 est
1474 829 1553 881 nobes
1591 829 1649 883 cita
1686 831 1897 885 tribulationum

204 911 321 983 angelus
345 914 493 984 revelavit,
515 914 564 969 sed
592 913 772 970 ministerium
790 912 821 966 in
841 910 925 966 rebus
944 926 1037 966 neces-
1064 902 1378 966 (tennemonn.
1416 910 1486 967 Oum
1504 929 1571 982 erpa
1591 915 1675 970 multi
1691 917 1761 985 sint,
1785 917 1837 987 qui
1853 917 1897 972 cel

205 999 283 1054 sariis
300 1000 445 1069 praestitit.
487 1005 510 1055 3.
530 1000 661 1065 Quinimo
685 1000 802 1072 angelus
827 996 984 1053 Cornelium
1001 996 1037 1051 ad
1064 992 1094 1044 in
1111 994 1183 1063 rita,
1208 995 1253 1050 rel
1272 996 1301 1051 in
1320 1004 1408 1053 morte
1420 1000 1538 1070 probati
1561 1018 1617 1055 non
1635 1003 1692 1056 eint
1706 1020 1762 1072 pro
1779 1003 1896 1071 meritis,

204 1084 280 1142 Petri
296 1084 414 1155 apostoli
427 1085 578 1141 doctrinam
594 1086 687 1157 potius
703 1085 817 1154 remisit,
834 1101 870 1138 ne
883 1083 945 1155 quis
958 1080 1037 1136 verbi
1064 1079 1161 1132 ἁαπιπα
1181 1080 1272 1136 locum
1287 1099 1344 1152 pra
1368 1085 1500 1149 mortum,
1532 1085 1562 1140 in
1586 1104 1640 1155 quo
1662 1089 1834 1160 probentur,
1863 1097 1893 1146 ut

205 1171 360 1226 ministerio
371 1171 530 1242 posthabito
545 1172 687 1245 angelicas
699 1170 881 1227 revelationes
895 1176 1035 1241 exspecta·
1063 1166 1162 1219 mundi
1178 1176 1205 1221 tl
1223 1169 1374 1237 punifivnlt‘
1393 1173 1485 1225 Deum
1502 1173 1598 1227 videre
1616 1175 1737 1245 possint.
1772 1175 1895 1247 Respon-

204 1262 257 1326 ret,
274 1257 367 1313 Actor.
389 1263 435 1326 10,
464 1275 490 1314 v.
512 1265 542 1314 5:
565 1259 651 1312 Mitte
674 1259 753 1313 ciros
770 1258 800 1312 in
819 1259 928 1327 loppen
946 1262 973 1310 et
992 1273 1037 1310 ae·
1063 1249 1171 1306 demun:
1200 1270 1280 1309 nemu
1306 1272 1340 1312 0¹
1361 1255 1415 1314 huc
1432 1258 1489 1313 uitn
1513 1259 1572 1314 tine
1590 1258 1702 1333 flsssselltt
1720 1261 1800 1330 0¹51&
1817 1268 1894 1333 Ρθῦῒ·

204 1344 277 1399 cersi
293 1344 433 1400 Simonem
449 1345 580 1415 Petrum,
606 1350 673 1402 ud.
694 1342 1036 1414 rectractationum
1062 1353 1145 1407 quum
1173 1345 1318 1411 peccatum
1347 1351 1376 1399 et
1402 1360 1453 1416 per
1476 1352 1622 1417 peccatum
1649 1365 1721 1402 mors
1748 1347 1778 1402 in
1801 1365 1895 1405 omnes

204 1439 331 1503 oportcm
340 1436 450 1499 jacere,
493 1436 517 1487 l.
539 1432 575 1488 Si
596 1433 640 1486 rel
663 1433 780 1503 ampelos
805 1433 840 1486 de
860 1430 936 1486 coelo
955 1447 1036 1484 eran·
1061 1422 1184 1481 homines
1201 1428 1367 1508 personavit,
1410 1430 1490 1486 Haec
1507 1432 1568 1488 vita
1590 1438 1632 1489 est
1651 1440 1760 1504 tempus
1780 1434 1894 1490 tribula·

198 1519 336 1589 'peliraret
360 1526 560 1589 praeterquam
585 1521 662 1588 prsod
682 1518 808 1589 apostoli
832 1517 1034 1586 eoanpeliaoee-
1062 1507 1145 1564 tionis
1164 1519 1191 1568 et
1206 1513 1389 1584 probationis,
1417 1517 1512 1573 lutura
1534 1519 1592 1575 vita
1615 1519 1668 1576 erit
1690 1526 1799 1592 tempus
1815 1522 1894 1578 retri-

203 1611 283 1672 ΝΜ,
301 1622 357 1658 mm
376 1612 447 1660 emp
464 1605 625 1659 audiendo,
642 1603 735 1662 Galat,
758 1610 787 1669 1,
809 1622 834 1660 γ,
855 1609 880 1662 g,
918 1601 1034 1674 chryso·
1061 1594 1191 1654 butionis.
1239 1603 1264 1653 b.
1292 1603 1351 1654 Dei
1380 1604 1520 1658 demetam
1547 1613 1602 1673 est,
1631 1624 1686 1660 non
1719 1607 1848 1679 intrabit¹
1863 1609 1894 1662 in

203 1695 308 1746 stemus
333 1691 363 1745 in
389 1708 485 1749 comm.
503 1690 555 1747 hoc
573 1691 634 1746 lonc
661 1707 727 1762 pag.
746 1695 805 1748 ste.
829 1689 895 1745 edit.
914 1688 1033 1745 comm:
1061 1682 1168 1736 coelum
1186 1684 1300 1755 aliquid
1321 1688 1531 1758 coinquinatum
1554 1690 1671 1764 Apocal.
1690 1697 1731 1749 21.
1753 1695 1807 1747 sed
1822 1710 1893 1763 opus

205 1779 358 1846 Apostolus
397 1778 506 1849 capelia
537 1780 692 1850 praeponit
731 1778 911 1850 Scripturas,
949 1777 1034 1846 idque
1059 1776 1108 1834 est,
1125 1776 1155 1822 ut
1173 1770 1233 1824 sine
1252 1774 1366 1828 macula
1383 1782 1496 1847 etrupa
1513 1778 1570 1831 sint
1587 1779 1617 1843 ii,
1635 1779 1731 1849 quiin
1749 1779 1894 1835 sodalem

202 1865 288 1919 ualde
298 1872 489 1933 conpetenter,
509 1865 649 1935 siquidem
662 1866 759 1935 ampeli
769 1864 917 1938 quamlibet
930 1863 1034 1932 mapnt,
1059 1855 1285 1926 Hierosolymam
1304 1863 1461 1931 impressori
1476 1872 1548 1930 sunt,
1567 1865 1637 1936 Epla
1658 1872 1682 1922 5.
1718 1865 1787 1921 Oum
1805 1867 1893 1936 ipitur

203 1959 296 2006 tamen
313 1952 389 2005 semri
406 1959 470 2005 sunt
487 1967 523 2005 ac
541 1951 677 2020 ministri,
706 1961 824 2007 suerum
843 1967 936 2005 omnes
956 1949 1032 2004 Scri·
1059 1942 1142 1996 notri
1157 1943 1188 1997 ⁸⁸st
1213 1947 1369 2002 veniamur!
1394 1949 1455 2004 ⁸23¹ss
1487 1952 1577 2008 ‘iiiiii’
1595 1968 1706 2021 ΡθθΜθ
1729 1954 1893 2024 mimi&

200 2047 303 2108 pturae
321 2056 375 2092 non
396 2054 415 2090 a
440 2039 544 2109 serris,
569 2041 622 2093 sed
645 2040 681 2095 ab
698 2039 891 2093 uniuersorum
909 2036 1033 2091 Domina
1059 2029 1123 2082 binc
1141 2031 1293 2102 decedant,
1323 2034 1367 2089 eet
1390 2038 1570 2091 amnentur
1587 2039 1618 2091 in
1637 2039 1790 2108 pebennom
1808 2040 1892 2110 ipnis,

203 2126 268 2180 Deo
285 2132 425 2181 venerunt,
464 2124 578 2180 proclus
595 2125 624 2179 in
642 2142 724 2182 germ,
744 2124 778 2180 de
795 2123 851 2180 fide
870 2124 906 2178 gd
920 2122 1032 2180 Amen,
1059 2116 1135 2184 quod
1153 2125 1224 2172 ebibi
1242 2127 1342 2173 contra
1359 2123 1511 2194 talionem,
1536 2125 1581 2178 vel
1604 2125 1700 2179 tiabim
1716 2127 1758 2180 ad
1777 2126 1891 2181 beamu-

202 2211 294 2267 locum
311 2210 384 2266 hunc
403 2211 584 2282 apostolicum
601 2210 742 2267 adducens
762 2211 842 2266 addit
859 2210 930 2265 hanc
947 2209 1034 2266 ratio-
1059 2201 1153 2255 dinem
1164 2205 1386 2263 admitterentur·
1405 2207 1631 2280 Respondemus:
1650 2212 1774 2280 Sanctis
1787 2212 1894 2272 Christi

202 2312 266 2352 uem
283 2315 312 2368 p.
333 2303 378 2352 15:
395 2302 564 2370 λειτουργεῖν
584 2298 638 2370 γὰρ
658 2294 776 2368 ἄγγελος
794 2295 904 2368 ἐτάχθη,
923 2293 956 2351 οὐ
969 2297 1033 2366 doy-
1059 2289 1176 2341 mmai
1195 2307 1244 2344 t¹00⁹
1262 2293 1299 2346 ab
1316 2294 1442 2348 omnibus
1456 2297 1582 2364 pettulit
1602 2302 1626 2353 1·
1643 2295 1708 2354 «ioh.
1732 2303 1754 2362 l,
1771 2313 1798 2354 V·
1818 2304 1842 2353 'i-
1859 2315 1893 2355 ut
1939 2292 1943 2297 ’

201 2387 331 2456 partlm,
351 2383 381 2436 in
402 2384 586 2437 ministrandi
604 2384 705 2437 ordine
725 2385 832 2438 locatus
850 2391 891 2437 est
909 2383 1035 2453 anpelus,
1058 2372 1175 2442 proinde
1195 2376 1277 2431 etiam
1295 2378 1332 2434 ab
1350 2378 1406 2432 illis
1425 2388 1601 2450 peccatorum
1615 2382 1748 2453 reliquiis,
1769 2388 1891 2454 utsupe·

202 2488 258 2524 non
277 2472 411 2541 dopmato
430 2471 654 2540 praescribendi.
701 2477 726 2529 5.
753 2471 817 2528 Non
839 2487 890 2541 per
912 2470 1034 2542 angelos,
1058 2458 1115 2512 ritu
1148 2459 1205 2515 lule
1235 2461 1290 2517 fnit
1326 2464 1483 2534 probatum.
1540 2470 1566 2525 6,
1601 2469 1660 2522 Dei
1694 2469 1892 2525 mesericordia

203 2556 253 2612 sed
272 2573 322 2626 per
339 2556 463 2611 homines
479 2557 656 2628 peculiariter
674 2557 711 2614 ad
729 2557 759 2612 id
775 2556 907 2613 excitatos
928 2556 1032 2610 cultum
1058 2547 1215 2601 munaum
1245 2567 1332 2620 usquc
1364 2554 1406 2606 ad
1435 2562 1575 2622 mortuos,
1608 2556 1679 2609 sicut
1714 2556 1798 2609 etiam
1833 2555 1894 2608 Dei

204 2641 329 2698 divinum
358 2642 388 2697 in
415 2642 532 2698 ecclesia
561 2642 639 2699 Deus
662 2643 805 2708 reformat,
836 2649 868 2698 ut
895 2647 1033 2698 testantur
1051 2632 1177 2701 juditia·
1196 2637 1294 2690 “nima
1314 2653 1379 2705 “9⁰
1398 2639 1535 2696 decedens
1557 2642 1588 2694 in
1612 2642 1781 2696 recuteret
1798 2643 1891 2698 debito

202 2727 329 2800 exempla
361 2726 491 2784 Abrahae
532 2729 719 2801 patriarchae,
752 2730 837 2786 ¹Elias
873 2727 1164 2802 prophanationem
1195 2739 1251 2792 pre
1282 2723 1368 2778 letali
1393 2734 1513 2794 peccam
1545 2729 1736 2798 temporaliter
1760 2729 1888 2800 ρππίεαπ,

200 2815 337 2874 iohannis
354 2814 499 2887 Baptistae
518 2822 571 2874 etc.
601 2816 772 2888 Exspecteut
788 2817 874 2890 igitur
891 2816 1031 2872 Pcntificii
1056 2805 1281 2878 Rfflpundumunt
1301 2816 1329 2866 et
1344 2811 1540 2882 misericordia,
1560 2819 1589 2869 et
1602 2813 1715 2886 justitia
1726 2814 1781 2870 Dei
1797 2820 1889 2872 extem

200 2901 328 2974 angelos,
347 2919 365 2957 a
383 2902 536 2974 quibusda
554 2903 632 2959 cultu
652 2904 744 2961 divino
762 2903 865 2960 rectius
882 2904 1030 2959 instituan-
1058 2892 1133 2948 ditur
1149 2911 1237 2967 mque
1255 2895 1292 2950 ad
1308 2901 1444 2965 m⁰¹i¹¹⁰⁸r
1471 2898 1582 2955 interim
1604 2907 1698 2956 iumen
1716 2907 1759 2958 ent
1776 2901 1889 2959 diverti·

200 2995 254 3060 tur,
273 3005 322 3044 nos
341 2988 677 3062 veritatemeScriptunis
690 3008 740 3063 per
757 2991 880 3047 homines
897 2995 1031 3047 monstra-
1056 2983 1099 3033 W
1122 2979 1151 3034 in
1178 2980 1303 3054 obitutit·
1345 2983 1414 3038 Cum
1445 2985 1498 3056 piis
1525 2992 1554 3042 ut
1577 2984 1707 3043 fidelibus
1732 2988 1791 3060 ugit
1810 2988 1889 3046 Dens

200 3079 258 3131 tm
276 3073 342 3131 fidei
360 3074 519 3132 majona,
535 3091 690 3148 „quem
1056 3083 1112 3122 non
1131 3068 1302 3140 exjustitia,
1328 3071 1379 3127 sed
1397 3089 1430 3128 er
1447 3073 1650 3140 misericordia;
1668 3091 1733 3130 cum
1749 3074 1842 3147 impiis
1860 3084 1889 3135 st

1057 3151 1215 3210 infidelibus
1241 3157 1300 3228 agit
1319 3176 1352 3215 ex
1373 3161 1485 3230 justitia
1511 3167 1539 3216 et
1564 3178 1620 3216 non
1641 3178 1674 3217 ex
1690 3161 1887 3224 misericordia.

71 3241 166 3337 iiciic.
236 3253 295 3306 239,
329 3249 444 3305 pomp
461 3249 574 3320 impe,
587 3250 881 3322 §mesogqungdam
897 3250 1030 3312 mrim,
1061 3241 1082 3293 7.
1102 3239 1217 3294 Sublato
1236 3247 1406 3313 purgatorio
1432 3248 1522 3301 multa
1539 3249 1671 3303 uirtutum
1682 3249 1738 3318 pia
1756 3251 1888 3305 exercitia

72 3348 174 3391 unusne.
201 3350 271 3406 quas
289 3334 358 3390 dicit
384 3351 443 3389 esse
466 3335 563 3405 mapns'
583 3337 721 3391 momenti.
764 3335 916 3391 Videamus
935 3334 1029 3408 igitur,
1055 3327 1284 3383 wiltaburtniur
1310 3330 1475 3401 viventibus,
1506 3340 1537 3387 ut
1554 3335 1632 3399 eides
1665 3336 1886 3406 resurrectionis,

199 3420 295 3493 quales
326 3421 389 3475 sint.
442 3426 464 3477 1.
493 3423 590 3476 &atus
618 3423 727 3476 medius
756 3429 849 3495 potest
876 3439 933 3476 esse
957 3423 1029 3475 inter
1055 3422 1216 3469 sanctorum
1236 3420 1406 3485 communio,
1426 3437 1513 3489 opera
1532 3421 1676 3490 caritats‘s,
1695 3421 1887 3478 επόααπείαπαα

195 3510 353 3577 perfectam
371 3507 538 3578 puritatem,
563 3526 634 3580 puae
654 3517 693 3563 est
707 3526 760 3578 per
778 3511 862 3574 fidem
881 3518 907 3563 et
925 3510 1028 3564 corita·
1050 3516 1209 3570 pauperum
1225 3503 1283 3557 Dei
1296 3521 1391 3559 amore
1400 3507 1507 3574 factae,
1519 3507 1619 3561 merita
1636 3515 1662 3561 et
1675 3508 1886 3571 satisfactiones

197 3601 265 3662 um,
288 3602 313 3648 et
342 3596 415 3648 inter
434 3613 569 3649 summam
588 3597 792 3666 impuritatem,
821 3604 953 3665 quaeest
974 3613 1027 3664 per
1054 3594 1080 3638 ti
1109 3589 1200 3642 vulin-⁹
1232 3592 1293 3644 Dtt'
1323 3593 1507 3664 amplificam
1537 3611 1570 3648 ω
1586 3595 1700 3663 litati·
1730 3613 1803 3666 ΨΜ
1827 3615 1886 3668 pro

196 3680 317 3735 0,th
336 3689 361 3732 et
381 3682 532 3746 ,pomifera
552 3682 668 3738 delicta.
711 3682 935 3753 Respondemu„
956 3681 1025 3738 θοή.
1054 3674 1190 3732 ecclesiae
1212 3678 1328 3731 sacellis
1353 3679 1546 3736 instituuntur.
1588 3680 1815 3752 Respondemus:
1833 3701 1886 3742 nec

195 3771 278 3837 ptura
307 3771 395 3820 totum
428 3782 516 3839 mnus
544 3767 694 3823 humanum
727 3769 755 3824 in
791 3769 859 3823 duas
893 3768 1027 3823 duntaxat
1052 3775 1115 3830 spes
1137 3763 1357 3832 recunecnonis,
1383 3783 1434 3821 nec
1458 3771 1615 3822 sanctorum
1635 3768 1807 3835 communio,
1832 3789 1884 3829 nec

195 3850 306 3918 classes,
324 3851 353 3905 in
370 3852 515 3908 credentes
533 3854 638 3909 scilicet
656 3855 851 3910 etincredulcs
883 3854 1026 3910 distribuit
1052 3862 1135 3917 090¹*
1171 3849 1310 3914 cuntulit.
1346 3868 1397 3906 neu
1428 3853 1623 3910 subventiones
1649 3871 1803 3926 pauperum
1834 3875 1885 3929 per

195 3950 229 3992 sc
245 3937 383 4010 quoslibet
401 3939 445 3995 vel
470 3938 498 3993 in
517 3945 593 3994 statu
614 3940 721 4012 gratiae
746 3947 776 3995 et
801 3941 910 4008 salutis,
935 3940 980 3997 vel
996 3942 1024 3996 in
1051 3935 1227 4005 negationem
1252 3940 1405 4011 purgatorii
1422 3941 1569 4011 inflamur,
1600 3949 1632 3998 ut
1651 3958 1684 3997 ex
1712 3943 1884 4003 confessione

195 4027 271 4078 statu
288 4023 345 4078 irae
360 4032 388 4080 et
407 4024 591 4080 damnationis
611 4026 743 4093 collocat,
762 4034 794 4082 nt
811 4028 938 4099 superius
956 4028 1025 4082 vidi·
1051 4025 1081 4076 et
1097 4023 1176 4093 praxi
1195 4032 1349 4080 nostrarum
1375 4026 1553 4082 ecclesiarum
1578 4032 1694 4084 constat
1729 4029 1830 4100 Opinio
1847 4033 1883 4092 ds

194 4128 264 4166 mus.
309 4109 393 4166 Adde
409 4111 483 4183 quod
503 4111 627 4183 perlecta
649 4114 755 4183 puritas
772 4114 801 4169 in
820 4114 873 4168 hac
894 4114 952 4170 vita
969 4133 1023 4171 non
1051 4108 1168 4178 propriis
1187 4110 1292 4166 meritis
1311 4119 1339 4167 et
1357 4112 1594 4170 consternentur
1607 4114 1766 4187 Scripturas
1785 4117 1881 4175 adver-

195 4196 290 4265 detur,
320 4204 352 4252 ut
381 4197 448 4253 alibi
478 4198 533 4254 luit
550 4199 775 4258 demonstratum.
819 4203 845 4256 2.
865 4201 957 4255 Herna
985 4210 1025 4255 est
1050 4199 1135 4252 untur.
1180 4195 1383 4269 Argumentum
1415 4201 1450 4255 ab
1480 4201 1658 4273 amplissImis
1689 4202 1744 4258 illis
1773 4204 1881 4276 legatis,

195 4289 290 4337 tantae
307 4284 466 4353 asperitatis,
486 4293 517 4338 ut
536 4303 591 4340 non
603 4287 740 4340 condonet
759 4286 870 4357 culpam
884 4288 1023 4342 interdurn
1051 4297 1123 4353 quae
1141 4285 1294 4355 canonicis,
1320 4287 1510 4343 mcerdotibns
1527 4294 1556 4344 et
1573 4287 1715 4344 monachis
1734 4289 1881 4361 donantur,

195 4369 279 4422 etiam
303 4371 364 4424 siue
387 4387 496 4442 poena,
528 4379 558 4425 ut
582 4379 664 4442 patet
689 4374 720 4426 in
738 4375 853 4427 Doride
869 4376 1024 4430 remittente
1050 4374 1083 4422 ut
1113 4368 1202 4424 minsis
1233 4377 1260 4426 tt
1292 4371 1432 4446 suffragiis
1462 4374 1519 4428 suis
1550 4375 1657 4430 animas
1681 4393 1697 4430 e
1718 4377 1881 4448 purgatorio

194 4455 333 4510 Absoloni
359 4467 521 4528 peccatum,
549 4460 659 4514 nolente
686 4468 791 4525 tamen,
821 4468 851 4514 ut
881 4478 976 4515 caram
994 4478 1023 4515 se
1050 4453 1175 4519 liberent·
1194 4463 1236 4512 eut
1251 4456 1334 4514 futile
1353 4459 1525 4530 pulmarum,
1544 4461 1607 4517 ideo
1625 4461 1774 4521 salntem·
1792 4464 1881 4536 primu

188 4551 291 4612 persea
315 4554 486 4614 compareres
520 4551 543 4601 2,
567 4546 637 4618 Reg,
663 4553 704 4603 14,
722 4549 801 4601 Dm
829 4565 914 4617 erpo,
943 4551 1024 4618 cuju,
1050 4541 1112 4597 loco
1130 4543 1199 4598 illud
1219 4561 1323 4615 ponera
1343 4546 1491 4603 debuisset
1532 4547 1593 4604 Nisi
1610 4550 1787 4621 purgatorius
1805 4550 1881 4627 iguis

195 4630 410 4685 misericordiae
440 4632 471 4686 in
497 4633 660 4688 immensum
689 4642 753 4687 sum
779 4636 920 4704 majores,
951 4635 1023 4689 idem
1050 4627 1156 4682 culinae
1185 4630 1293 4686 illorum
1323 4633 1446 4703 foveret,
1478 4650 1534 4690 non
1560 4640 1617 4690 lam
1647 4635 1824 4707 splendidum
1845 4655 1880 4694 Rc

195 4717 307 4786 efficere
321 4715 434 4786 poterit.
474 4718 696 4790 Respondemus:
724 4719 761 4774 ad
777 4720 914 4791 justitiam
932 4722 1024 4793 potius
1050 4712 1220 4772 luculentum
1239 4717 1268 4772 in
1296 4719 1350 4774 iliis
1375 4721 1468 4793 ignem
1494 4721 1724 4793 complementum
1763 4725 1787 4778 8.
1809 4725 1880 4780 Con·

198 4817 281 4873 quam
304 4802 341 4857 ad
365 4802 579 4859 misericordiam
602 4804 654 4860 hoe
680 4805 818 4877 pertinere
840 4806 1024 4877 Beliminus
1050 4808 1107 4855 elai
1124 4819 1157 4858 ex
1176 4806 1320 4875 evangelio
1340 4815 1367 4861 ti
1380 4807 1461 4862 liciis
1479 4809 1653 4879 apostolicis,
1670 4810 1773 4865 mullos
1788 4810 1881 4877 fttt'tte

60 4885 296 4945 mesenam.
339 4887 480 4960 Quidquid
499 4890 548 4957 sit,
575 4907 630 4963 quo
654 4893 735 4948 modo
751 4893 829 4948 Deus
856 4894 967 4965 culpam
990 4912 1024 4950 ex
1050 4890 1091 4942 ad
1119 4893 1204 4946 ruam
1233 4902 1376 4949 revocatos
1408 4895 1559 4951 aCbricto
1585 4902 1611 4950 et
1642 4895 1790 4966 apostolis.
1825 4897 1882 4953 Isti

195 4974 286 5047 gratia
304 4975 460 5032 condonare
477 4976 552 5042 uelit,
573 4995 605 5032 ex
624 4977 774 5049 scripturis
793 4985 835 5036 est
851 4980 1022 5047 discendum.
1050 4986 1140 5034 nutem
1158 4981 1262 5035 mortui
1281 4982 1317 5035 ab
1334 4981 1448 5044 inferno
1471 5000 1526 5037 παπ
1552 4990 1616 5036 sunt
1645 4983 1784 5050 reuocati,
1811 4986 1880 5054 quia

194 5076 267 5134 quas
297 5065 448 5127 testantur,
477 5067 591 5134 propter
616 5063 769 5134 perlectam
807 5061 910 5122 Christi
945 5067 1024 5122 satis·
1049 5065 1150 5121 abillo
1168 5068 1230 5123 loco
1247 5067 1342 5122 ππὶὶπε
1359 5070 1467 5139 eradit,
1494 5086 1545 5125 nec
1569 5070 1652 5124 ettam
1676 5077 1742 5123 sunt
1758 5087 1778 5123 a
1794 5070 1879 5126 beati·

193 5146 344 5205 medonem
359 5147 451 5205 Deum
469 5153 498 5205 ct
515 5149 625 5221 culpam
645 5157 674 5208 st
690 5168 808 5224 poenam
826 5153 973 5219 remittere.
991 5160 1025 5210 ut
1049 5153 1145 5208 tudine
1162 5155 1225 5225 jam
1248 5157 1356 5225 adepta
1379 5155 1503 5225 caritati
1529 5157 1597 5228 guia
1623 5163 1688 5210 tunc
1707 5159 1878 5212 resrcrrectio

194 5234 321 5307 superins
357 5234 534 5292 ostendimus.
589 5240 616 5293 3.
648 5238 764 5294 Natura
798 5247 896 5295 nmtra
932 5241 1023 5296 minus
1048 5258 1104 5295 non
1124 5249 1193 5297 esset
1218 5243 1392 5315 beneficium,
1420 5246 1497 5316 guod
1520 5260 1540 5297 a
1564 5243 1676 5299 acdesti
1692 5242 1789 5314 glorio
1805 5245 1878 5314 deji-

195 5323 1022 5400 amanspuritatemomninotepidaefficereturadeitanda,
1049 5337 1122 5383 ceret
1147 5328 1191 5384 rel
1215 5331 1382 5387 deturbaret.
1429 5330 1655 5403 Respondemus:
1682 5347 1717 5385 ex
1743 5329 1878 5387 musculo

193 5408 316 5466 venialia
328 5409 356 5465 si
365 5428 421 5470 non
437 5419 509 5467 meet
526 5411 604 5468 mous
616 5420 685 5484 post
704 5422 827 5484 mortem,
845 5414 876 5469 in
893 5431 947 5487 ouo
964 5415 1021 5474 illa
1032 5399 1037 5485 Ι
1047 5415 1263 5475 exescrdinario
1285 5432 1340 5474 uon
1367 5423 1460 5488 potest
1486 5416 1656 5476 ordinarium
1681 5417 1796 5491 siquod
1818 5417 1876 5476 cni·
