4104 6014
148 324 209 384 218
743 315 866 375 Locus
885 312 1086 372 wcasmus
1106 313 1251 373 SEXTUS

148 472 274 541 eliquari
288 475 502 542 quodammodo,
521 490 583 526 cum
595 472 683 524 abeis
701 472 772 525 moti
785 488 839 541 per
853 471 975 542 poenale
1006 466 1124 523 Articuli
1143 468 1209 524 fidei
1228 468 1365 540 probandi
1396 475 1460 524 sunt
1491 486 1525 525 ex
1548 469 1650 525 tabulis
1670 468 1736 525 fidei
1762 475 1791 526 et
1806 484 1840 523 ex

141 558 286 628 judicium
303 568 489 629 separantur,
516 568 547 613 ut
574 559 689 613 iliorum
716 558 872 626 seprepatie
892 565 975 626 atque
1005 554 1116 626 proprio
1135 555 1291 626 theologiae
1308 555 1453 626 principio,
1473 572 1505 610 ex
1519 557 1604 610 sacris
1618 556 1724 612 scilicet
1742 554 1838 620 literis,

147 644 293 698 damnatio
311 645 443 714 purgatio
460 646 499 700 sit
517 646 641 713 istorum,
662 644 729 712 quio
746 644 806 696 sine
825 644 924 696 talium
943 645 979 695 de
1006 657 1059 694 non
1081 642 1245 695 errationis
1266 649 1376 695 nostrae
1396 642 1515 712 placitis.
1548 642 1620 708 Quia
1640 659 1705 698 vero
1723 641 1838 713 quidam

146 737 236 783 emero
260 732 452 784 commixtione
475 730 580 784 victuri
603 737 668 783 eunt
693 737 746 784 etc.
800 729 898 783 Verum
923 728 979 781 isto
1006 744 1038 781 ex
1059 727 1113 780 iliis
1135 727 1287 781 rationibus
1309 726 1437 782 videntur
1454 728 1505 781 niti
1519 728 1662 798 principiis
1680 727 1754 793 fidei,
1775 727 1839 783 ideo

146 816 273 885 quamtio
299 818 334 868 de
357 817 536 889 pur-potoriis
557 820 659 886 poenis
684 824 714 868 ut
734 815 898 884 dclipcntiue
911 831 978 882 par-
1007 811 1125 867 breviter
1142 812 1265 883 singulas
1282 811 1508 882 ponderabimus.
1551 813 1646 868 Prima
1665 813 1735 868 ratio
1753 814 1840 868 ducta

146 908 299 970 tractetur,
325 903 355 955 in
375 910 484 974 tempus
501 902 585 955 aliud
604 902 764 971 differendo
781 908 827 957 est.
847 898 867 956 l.
884 904 924 955 21.
944 899 978 953 de
1006 903 1048 951 est
1076 915 1108 951 ee
1133 901 1297 953 discrimine
1321 909 1505 970 peccatorum.
1551 886 1695 961 Quaedam
1721 909 1840 968 peecata

147 985 182 1041 ds
213 985 288 1043 civit.
320 987 372 1043 Dei
400 1005 460 1059 cap.
479 993 525 1044 26:
559 988 629 1042 Post
654 988 737 1041 istius
762 1003 830 1040 sone
850 985 979 1058 corporis
1005 992 1069 1036 eunt
1088 986 1211 1039 venialia
1230 985 1349 1053 soleque
1375 985 1525 1055 temporali
1544 1002 1638 1055 poena
1666 987 1763 1054 dipna.
1800 987 1839 1040 At

145 1082 261 1128 mortem
281 1075 369 1128 donee
393 1076 534 1129 edilium
555 1075 699 1138 veniatur,
725 1075 775 1143 qui
797 1081 862 1139 post
885 1090 978 1126 resur·
1000 1070 1069 1137 fieri
1081 1079 1187 1139 potest,
1215 1080 1245 1124 ut
1268 1089 1329 1124 cum
1352 1071 1421 1125 solis
1440 1072 1543 1126 talibus
1567 1073 1645 1127 bomo
1665 1073 1784 1127 decedat
1806 1090 1839 1127 en

145 1160 293 1215 rectionem
324 1179 473 1231 corporum
499 1164 623 1228 futurus
655 1169 696 1214 est
729 1160 920 1214 damnationis
952 1165 977 1211 ct
1004 1156 1057 1208 itae
1073 1157 1146 1227 rita,
1164 1158 1252 1226 ipitur
1272 1174 1380 1211 necesse
1400 1165 1446 1222 est,
1469 1159 1498 1210 in
1518 1157 1579 1211 alia
1597 1159 1656 1211 uita
1668 1177 1754 1228 passe
1770 1177 1838 1228 pur-

61 1252 64 1257 '
144 1248 380 1301 remunerationis
398 1249 514 1303 ultimus
533 1249 609 1314 dics,
628 1248 654 1299 ei
673 1246 725 1299 boe
742 1244 876 1316 temporis
894 1245 978 1297 iuter·
1004 1243 1078 1311 pari.
1113 1242 1336 1315 Respondemus:
1363 1249 1387 1300 1.
1408 1245 1500 1298 omnia
1515 1244 1625 1299 omnino
1645 1253 1760 1315 peccata
1777 1262 1838 1301 esse

145 1332 222 1387 uallo
241 1335 357 1403 spiritur
374 1334 570 1396 defunctorum
583 1333 725 1401 ejusmodi
737 1332 870 1384 dicuntur
888 1330 977 1398 ipnem
1004 1346 1057 1382 sua
1075 1340 1179 1384 natura
1205 1333 1339 1385 mortalia
1367 1348 1400 1385 ac
1425 1340 1537 1387 aeterna
1564 1348 1655 1403 poena
1678 1332 1778 1405 digna,
1807 1335 1836 1389 in

141 1420 267 1489 perpeti,
288 1437 368 1489 quem
385 1437 442 1472 non
460 1419 582 1473 sentiant
601 1418 664 1487 itti,
683 1418 734 1488 qui
749 1435 805 1472 non
822 1417 978 1469 babuerunt
1005 1422 1083 1471 tract
1112 1417 1146 1471 de
1172 1434 1247 1487 pecc.
1279 1417 1380 1473 actual.
1411 1412 1438 1490 ξ.
1465 1423 1505 1473 93.
1533 1418 1589 1473 late
1619 1418 1836 1475 demonstratum

145 1505 217 1558 tales
236 1522 325 1559 mores
352 1514 378 1559 et
405 1522 514 1560 amores
540 1505 568 1558 in
594 1504 680 1574 hujus
699 1505 829 1572 eorporis
850 1503 923 1571 oua,
949 1509 979 1554 ut
1005 1500 1069 1564 fuit,
1091 1501 1163 1556 falsa
1179 1509 1221 1557 est
1241 1502 1327 1574 igitur
1357 1504 1513 1575 argumenti
1532 1504 1702 1575 hypothesis.
1740 1510 1763 1563 2.
1783 1505 1837 1563 Vs·

146 1606 241 1643 eonem
259 1591 338 1659 lipna
356 1598 382 1644 et
396 1591 513 1656 foenum
536 1598 561 1643 et
580 1589 686 1659 stipula
705 1597 900 1654 corruamotur,
925 1586 981 1639 olii
1004 1586 1087 1642 nialia
1105 1589 1154 1642 illa
1170 1599 1300 1660 peccata,
1327 1606 1390 1645 cum
1414 1590 1515 1662 quibus
1537 1599 1564 1645 et
1582 1591 1610 1644 in
1629 1590 1730 1662 quibus
1749 1594 1837 1650 renati

144 1693 210 1731 uero
228 1679 364 1744 sentiant,
388 1677 438 1747 qui
455 1677 598 1745 ejusmodi
622 1693 713 1729 secum
731 1676 865 1742 aedificia
880 1681 978 1743 porta·
1005 1674 1170 1744 moriuntur,
1198 1675 1253 1731 tide
1272 1676 1301 1730 in
1326 1675 1466 1731 Christum
1486 1677 1553 1748 ipsis
1570 1678 1774 1748 condonantur,
1806 1686 1837 1734 ut

144 1773 256 1834 oemunt,
285 1765 342 1818 siue
362 1764 403 1817 ibi
421 1771 540 1829 tautum,
568 1763 625 1816 sire
647 1764 693 1818 bic
711 1771 739 1816 et
756 1764 810 1833 ibi,
835 1763 893 1816 sire
911 1761 976 1814 ideo
1003 1771 1116 1831 propter
1133 1777 1166 1816 ee
1184 1779 1238 1816 non
1256 1762 1312 1817 sint
1330 1761 1384 1816 illis
1403 1764 1567 1819 metuendae
1583 1765 1738 1836 purgatorii
1756 1764 1833 1820 flam·

144 1849 204 1912 bie,
233 1859 264 1904 ut
280 1869 337 1905 non
356 1851 411 1916 ibi,
439 1850 596 1919 secularia,
615 1851 741 1919 qrammi
760 1868 778 1903 a
797 1848 977 1902 damnatione
1004 1863 1072 1902 mae.
1111 1846 1192 1902 Rom.
1211 1855 1243 1916 6,
1266 1867 1292 1902 v.
1312 1856 1344 1904 7:
1366 1848 1421 1912 Qui
1437 1859 1564 1904 mortuns
1584 1860 1638 1920 est,
1659 1852 1835 1922 justificatus

145 1937 270 1991 venialia
294 1946 513 1991 concremantem
544 1938 635 2006 ipnem
658 1935 841 1990 transitoriae
861 1933 977 1988 tribulo·
1004 1942 1043 1986 est
1061 1951 1080 1986 a
1095 1942 1225 2003 peccato,
1250 1933 1301 1989 boc
1320 1940 1362 1989 est
1387 1935 1544 2000 absolutus,
1569 1936 1702 1992 liberatus
1720 1954 1753 1992 ac
1770 1955 1835 2008 pur·

145 2023 230 2078 tionis
250 2024 401 2092 inueniant,
419 2041 474 2077 non
487 2025 640 2094 redarpuo,
659 2023 727 2093 quia
743 2023 869 2087 forsitan
883 2037 977 2074 oerum
1002 2025 1094 2090 gatus,
1113 2020 1185 2074 sicut
1202 2021 1232 2074 τὸ
1251 2022 1424 2076 δεδικαίωται
1446 2023 1559 2092 exponit
1576 2024 1696 2079 Basilius
1716 2025 1746 2078 in
1764 2030 1832 2081 orat.

146 2117 194 2164 eet.
235 2111 331 2165 Potest
356 2112 459 2180 quippe
486 2112 527 2164 ad
549 2110 632 2163 istam
654 2109 864 2162 tribulationem
887 2107 977 2176 perti·
1004 2105 1039 2160 dc
1062 2106 1137 2177 bapt.
1169 2105 1271 2161 Christi
1302 2114 1366 2163 tom.
1394 2116 1416 2164 1.
1441 2127 1469 2180 p.
1495 2115 1553 2166 ibt).
1599 2111 1678 2168 Rom.
1700 2117 1730 2182 8,
1759 2129 1785 2166 v.
1807 2116 1833 2165 1:

145 2213 211 2251 nere
231 2198 315 2252 etiam
334 2199 398 2267 ipsa
417 2215 492 2252 mors
511 2197 606 2251 carnis
626 2203 679 2252 etc.
700 2203 821 2265 possunt
839 2202 864 2248 et
878 2208 975 2264 perse·
1002 2192 1094 2245 Nulla
1121 2201 1161 2246 est
1188 2195 1380 2248 condemnatio
1409 2196 1467 2263 bis,
1493 2197 1543 2265 qui
1565 2206 1630 2250 sunt
1655 2199 1685 2251 in
1713 2198 1833 2254 Christo.

146 2285 268 2338 cationes
286 2285 425 2353 ecclesiae,
443 2284 542 2354 quibem
560 2292 697 2352 martyres
714 2281 844 2336 coronati
859 2287 931 2343 ment,
950 2286 976 2332 et
1007 2282 1028 2332 l.
1054 2276 1118 2334 Job.
1145 2285 1172 2343 1,
1202 2296 1228 2331 v.
1248 2285 1277 2334 7:
1305 2279 1428 2349 Scepsis
1454 2282 1564 2349 Christi,
1586 2285 1704 2337 mundat
1728 2301 1780 2337 nos
1797 2285 1833 2337 ab

146 2387 217 2440 prae
229 2372 382 2440 patiuntur
402 2371 503 2441 quique
523 2367 681 2423 Christiani
697 2375 749 2423 etc.
770 2369 824 2421 erit
843 2365 928 2420 etiam
946 2366 977 2418 in
1004 2364 1129 2417 omnibus
1144 2367 1278 2434 peccatis.
1319 2374 1343 2423 3.
1360 2365 1511 2424 Salmeron.
1535 2374 1616 2425 tract.
1638 2375 1677 2424 14.
1702 2369 1772 2442 disp.
1793 2375 1832 2426 ib.

145 2458 200 2522 fine
231 2457 319 2511 seculi
344 2457 490 2510 tribulatio
522 2464 645 2525 tempore
671 2454 852 2521 Antichrieti,
884 2450 978 2522 qualis
1004 2467 1030 2520 p.
1051 2456 1109 2507 228.
1128 2451 1264 2522 disputat,
1281 2472 1333 2522 per
1356 2455 1533 2520 infirmitates
1551 2464 1576 2508 et
1596 2457 1709 2511 dolores
1726 2459 1834 2527 mortis,

146 2560 289 2614 nunquam
319 2550 404 2597 antea
426 2542 495 2608 fuit.
546 2541 638 2609 (Quod
664 2557 714 2612 par
741 2538 817 2594 illam
847 2536 977 2610 loquendi
1004 2555 1074 2606 quar
1097 2539 1213 2607 quisque
1241 2540 1337 2604 fidelis
1357 2542 1500 2609 patienter
1525 2543 1554 2595 in
1582 2543 1639 2606 fide
1667 2550 1692 2597 et
1716 2545 1835 2598 caritate

146 2626 293 2685 formulam
311 2647 366 2683 non
396 2630 553 2696 reddi-pue,
582 2629 650 2697 quia
680 2629 783 2689 forsan
810 2643 905 2679 uerum
927 2632 977 2687 err,
1004 2624 1120 2688 tolerat,
1151 2626 1274 2679 animum
1303 2628 1427 2695 perpuri
1453 2647 1472 2681 a
1498 2630 1626 2699 reliquiis
1647 2639 1833 2700 peccatorum.

148 2716 268 2773 noluerit
288 2715 412 2770 stabilire
440 2714 645 2787 purgatorium,
676 2720 753 2784 patet
769 2731 802 2768 ex
822 2711 903 2766 simili
924 2709 978 2766 for·
1004 2709 1090 2780 Atqui
1108 2710 1216 2764 dolores
1237 2713 1331 2766 mortis
1346 2720 1411 2767 sunt
1429 2714 1555 2770 omnibus
1568 2715 1696 2772 fidelibus
1713 2733 1833 2773 commu·

147 2803 370 2874 melampti.
396 2803 444 2859 ubi
467 2804 503 2859 de
526 2803 700 2875 mitigatione
721 2819 873 2874 poenarum
896 2802 978 2857 infer·
1004 2812 1060 2851 nes.
1104 2796 1180 2868 Ergo
1207 2813 1258 2867 per
1278 2797 1339 2853 illos
1371 2800 1533 2871 areliquiis
1558 2810 1735 2872 peccatorum
1760 2803 1833 2858 suifi-

147 2890 251 2945 nalium
270 2890 310 2944 sie
326 2888 461 2961 loquitur:
487 2890 567 2953 Quod
592 2891 703 2961 quidem
720 2908 776 2943 non
795 2891 857 2943 ideo
878 2891 979 2957 confir·
1004 2882 1107 2937 cienur
1128 2882 1336 2954 purgabuntur,
1365 2890 1398 2939 ut
1426 2887 1502 2941 nullo
1533 2887 1587 2944 alio
1614 2907 1684 2960 opus
1708 2893 1744 2944 sit
1769 2891 1834 2962 igne

147 2994 203 3045 mo,
220 2978 288 3048 quia
305 2995 360 3030 non
377 2976 504 3044 resisto).
522 2975 583 3029 libr.
603 2974 691 3045 ejusd.
711 2991 771 3045 cap.
789 2981 839 3030 27:
860 2974 929 3038 Quis
941 2976 978 3028 sit
1003 2970 1170 3040 purgatorio·
1201 2968 1281 3032 Quod
1294 2969 1445 3028 Salmeron.
1464 2973 1551 3042 addit,
1570 2992 1626 3029 non
1640 2994 1699 3031 esse
1712 2996 1835 3048 prorsus

147 3061 199 3118 iste
218 3065 317 3118 modus
335 3072 362 3116 et
380 3080 451 3132 qrtoe
470 3063 526 3117 sint
545 3063 609 3132 ipsa
624 3071 757 3131 peecata,
778 3078 848 3131 qnae
870 3063 911 3115 ita
928 3063 977 3114 im·
1004 3065 1121 3124 cerum,
1151 3073 1189 3110 an
1217 3073 1333 3128 quisque
1357 3059 1452 3122 fidelis
1471 3060 1500 3113 in
1524 3068 1611 3115 totum
1626 3073 1778 3132 pur-petar,
1804 3073 1835 3118 ut

144 3149 267 3221 peditent
285 3150 494 3218 perventionem
518 3150 560 3201 od
586 3165 701 3216 repnum
726 3148 798 3217 Dei,
827 3156 859 3200 ut
889 3155 977 3201 tamen
1007 3143 1145 3213 Lazarus,
1162 3160 1200 3195 au
1218 3160 1250 3196 ee
1264 3152 1365 3213 parte,
1396 3153 1426 3198 ut
1451 3145 1555 3214 reliqui
1578 3166 1685 3214 onsnee,
1703 3151 1835 3221 quilius

149 3245 309 3291 ,anctorum
336 3237 490 3289 amicornm
517 3236 623 3288 meritis
656 3235 803 3304 impetrent
831 3235 979 3304 indulgen-
1005 3229 1150 3282 decedunt.
1195 3229 1280 3295 ltem,
1307 3232 1489 3285 uerisimilius
1516 3242 1543 3287 et
1558 3236 1737 3306 probabilius
1765 3256 1830 3309 esse,

148 3320 231 3390 tiam,
256 3321 460 3387 difficillimum
486 3329 526 3376 at
545 3322 683 3390 invenire,
709 3320 978 3394 periculosissimum
1004 3332 1059 3368 non
1079 3332 1188 3385 semper
1207 3332 1256 3369 nec
1274 3317 1432 3371 necessario
1462 3337 1556 3374 omnes
1571 3324 1683 3391 peccati
1698 3324 1836 3397 reliquiae

148 3408 274 3474 detimre,
295 3425 345 3479 epo
363 3417 437 3463 certe
449 3425 535 3478 usque
556 3409 597 3462 ad
613 3409 665 3461 boc
683 3411 766 3462 etiam
784 3418 898 3476 tempus,
917 3425 978 3460 cum
1004 3401 1034 3455 in
1051 3410 1140 3456 morte
1160 3403 1271 3471 exsolvi,
1291 3402 1319 3457 in
1334 3420 1366 3459 eo
1379 3405 1450 3475 petit
1469 3406 1650 3480 principium,
1671 3412 1745 3468 unde
1764 3413 1834 3468 enim

148 3497 215 3551 inde
231 3503 396 3565 cataperem,
412 3497 454 3549 ad
471 3512 565 3550 eorum
583 3495 746 3564 indapinem
762 3496 905 3564 peruenire
923 3511 978 3547 non
1004 3487 1074 3542 illud
1091 3488 1211 3559 probat?
1255 3488 1393 3552 Quoniam
1416 3492 1529 3564 (inquit)
1547 3497 1575 3548 si
1587 3498 1681 3552 omnia
1700 3517 1836 3570 euperpa·

145 3584 236 3653 potui.
278 3583 317 3637 At
337 3581 475 3637 Pontificii
502 3587 581 3637 tanta
599 3582 664 3637 fidei
692 3582 856 3636 certitudine
878 3598 978 3653 purga·
1004 3582 1047 3629 rel
1067 3593 1150 3640 mort,
1168 3577 1281 3643 Μῖνα
1298 3586 1368 3631 erret
1380 3583 1595 3652 purpatarium,
1610 3585 1722 3645 fnestra
1742 3596 1832 3641 essent

149 3668 249 3725 borium
271 3668 438 3724 credendum
461 3674 603 3736 asserunt,
630 3676 660 3721 ut
689 3676 802 3721 aeterno
828 3668 891 3736 iprae
918 3686 978 3721 eum
1005 3661 1146 3716 orationes
1161 3671 1186 3715 el
1199 3663 1353 3718 oblationes
1364 3666 1487 3720 uiuorum
1496 3685 1552 3736 pro
1562 3670 1712 3739 defunctis,
1722 3674 1835 3737 frustra

152 3756 334 3811 cruciandum
354 3764 500 3824 asserant,
520 3756 569 3824 qui
587 3756 664 3809 isticd
680 3755 830 3822 repererit,
850 3755 923 3825 quod
942 3754 978 3808 ab
1006 3756 1096 3801 essent
1121 3750 1260 3818 euprepia
1287 3758 1312 3803 et
1340 3751 1539 3821 indulgentiae.
1591 3757 1631 3810 At
1657 3758 1692 3813 da
1720 3777 1752 3814 eo
1776 3761 1835 3832 ipso

150 3842 301 3914 Augustini
322 3841 495 3897 dubitatione
514 3841 662 3912 plurimum
684 3840 830 3909 discrepat
869 3839 980 3910 Excipit
1007 3833 1155 3904 quaeritur,
1176 3851 1210 3888 Μ]
1225 3835 1305 3890 detur
1318 3838 1516 3906 purgatorium,
1532 3857 1568 3894 an
1581 3844 1688 3912 prosint
1699 3845 1835 3902 defunctis

150 3928 350 3997 Bellarminus,
378 3929 564 3996 Aupustinum
591 3927 721 3980 dubitare
746 3943 802 3978 non
826 3928 862 3979 de
886 3942 981 3996 poena
1006 3922 1156 3990 orationes,
1184 3921 1347 3990 oblationes,
1374 3923 1522 3996 suffragia,
1540 3927 1738 4001 indulgentiae.
1778 3935 1835 3990 Nos

152 4017 319 4080 animarum,
337 4017 389 4068 sed
405 4017 441 4068 de
456 4014 539 4069 modo
559 4021 585 4067 et
605 4010 750 4081 qualitate,
770 4012 898 4080 eripuis
912 4029 982 4081 pur·
1007 4007 1047 4061 sie
1064 4007 1220 4063 inserimus:
1247 4007 1276 4062 Si
1295 4008 1402 4063 dolores
1422 4013 1518 4066 mortis
1541 4014 1569 4067 in
1587 4017 1753 4086 quibusdam
1770 4020 1835 4076 fide·

151 4102 280 4172 patorius
301 4102 337 4154 rit
354 4101 429 4156 idem
446 4100 601 4154 substantio
619 4115 680 4152 eum
697 4099 760 4166 ipre
780 4097 936 4169 cebennae,
956 4107 983 4153 et
1007 4091 1080 4148 libus
1114 4099 1235 4164 purgant
1265 4096 1373 4164 peccati
1407 4096 1551 4169 reliquias,
1588 4103 1684 4173 utique
1719 4107 1834 4163 eundem

154 4207 192 4242 an
207 4172 271 4257 post
285 4187 358 4241 bone
371 4188 457 4241 sitam
469 4193 590 4239 urantur
607 4185 718 4238 animae
735 4185 798 4251 ipne
811 4184 862 4238 illo
875 4184 983 4238 doloris
1009 4180 1137 4236 effectum
1155 4181 1237 4235 etiam
1258 4182 1287 4235 in
1314 4182 1427 4255 reliquis
1447 4185 1620 4243 obtinebunt.
1656 4199 1680 4246 4.
1696 4191 1837 4249 Bellarmi.

154 4277 189 4329 de
219 4275 369 4329 amissione
402 4273 613 4344 temporalium,
651 4289 706 4342 quo
735 4271 781 4324 bie
810 4271 857 4324 uri
886 4272 983 4338 solent,
1008 4284 1060 4321 nus
1081 4284 1114 4322 ex
1137 4267 1243 4323 ratione
1267 4268 1362 4333 insert,
1389 4279 1507 4338 peccota
1531 4276 1656 4329 venialia
1676 4288 1744 4346 port
1766 4283 1837 4335 taric

153 4379 215 4415 cum
232 4361 314 4413 rebus
333 4360 418 4413 ualde
435 4359 547 4414 dilectis
565 4375 662 4412 carere
680 4365 822 4424 cocuntur.
858 4358 982 4429 Respon·
1008 4354 1094 4408 uitam
1126 4355 1251 4423 perpuri
1284 4363 1418 4424 oportere.
1468 4359 1555 4429 Atqui
1593 4362 1691 4417 rationi
1730 4367 1839 4422 videtur

154 4447 264 4502 demus:
284 4445 339 4500 imo
357 4463 422 4501 vero
440 4445 591 4517 Augustini
615 4445 701 4498 verba
720 4445 822 4499 diserte
839 4451 983 4513 testantur,
1009 4439 1122 4505 nicanor,
1141 4448 1252 4511 propter
1279 4454 1395 4511 peccata
1412 4444 1532 4499 venialia
1548 4446 1631 4517 (quae
1645 4450 1726 4519 juxta
1743 4452 1837 4509 Ponti·

153 4533 244 4604 ipsum
263 4548 319 4584 non
337 4531 424 4586 solum
448 4531 483 4586 dc
504 4532 585 4585 modo
608 4541 635 4585 et
662 4529 808 4600 qualitate,
834 4531 983 4586 sedetiam
1009 4529 1133 4583 ficiorum
1155 4527 1320 4599 hypothesin
1345 4546 1400 4584 non
1427 4539 1492 4586 sunt
1519 4543 1629 4601 cauma,
1657 4538 1705 4592 sed
1730 4548 1837 4596 tantum

155 4620 190 4677 de
218 4618 286 4690 ipsis
317 4618 413 4687 poenis
443 4623 507 4688 post
534 4617 606 4671 banc
640 4616 726 4670 vitam
756 4616 870 4671 dubium
893 4616 984 4672 fuisse.
1008 4623 1122 4686 praeter
1141 4615 1237 4685 lepem,
1255 4616 1290 4672 de
1308 4616 1410 4686 quibus
1421 4621 1502 4689 juxta
1513 4623 1665 4677 eorundum
1683 4626 1838 4695 opinionem

159 4705 245 4770 Tale,
275 4704 381 4774 inquit,
406 4704 520 4774 aliquid
539 4706 622 4757 etiam
644 4712 709 4773 post
732 4703 803 4758 banc
819 4704 905 4756 uitam
922 4705 987 4769 fieri
1010 4719 1065 4757 non
1085 4707 1127 4756 est
1144 4703 1328 4758 necessarium
1355 4721 1438 4774 agere
1461 4709 1673 4778 poenitentiam,
1704 4730 1774 4783 quae
1791 4734 1840 4786 per

157 4791 321 4847 incredibile
339 4809 394 4843 non
414 4798 498 4844 estet
516 4799 610 4844 utrum
632 4791 674 4843 ita
691 4792 743 4855 sit,
771 4791 872 4859 quaeri
884 4800 985 4860 potest.
1012 4803 1102 4858 aquae
1120 4787 1281 4844 benedictae
1301 4789 1507 4860 adspersionem
1523 4793 1600 4849 ablui
1611 4801 1737 4866 possunt)
1756 4801 1838 4856 talem

158 4876 250 4934 Idem:
288 4877 323 4932 Si
346 4877 463 4945 spiritus
493 4877 690 4940 defunctorum
725 4878 865 4946 ejusmodi
896 4879 986 4946 ipnem
1012 4890 1046 4928 ao
1077 4880 1181 4928 tantam
1212 4876 1242 4930 in
1271 4876 1337 4947 igne
1362 4879 1523 4949 purgatorio
1549 4882 1684 4938 sustinere
1713 4903 1839 4956 poenarn,

152 4965 265 5035 perpeti
289 4965 434 5030 dicuntur,
464 4980 520 5014 non
543 4964 701 5031 redarpuo‚
728 4963 859 5032 quoniam
883 4965 986 5027 forsan
1013 4976 1084 5030 quae
1103 4959 1162 5015 sola
1185 4962 1329 5018 duratione
1350 4980 1368 5017 a
1394 4963 1585 5020 damnatorum
1608 4970 1704 5038 poenis
1723 4971 1840 5030 differat.

156 5067 252 5106 oerum
270 5058 318 5107 est.
361 5047 482 5102 Dubitat
498 5047 685 5118 Augustinus,
714 5064 850 5119 quaenam
867 5048 923 5102 sint
939 5048 987 5103 illa
1013 5046 1044 5103 Si
1077 5047 1148 5102 enini
1184 5046 1253 5103 baec
1291 5057 1356 5105 sunt
1388 5051 1508 5107 venialia
1544 5061 1673 5124 peccata,
1710 5058 1763 5113 hoo
1799 5069 1841 5117 sat

158 5144 275 5208 peccata
290 5151 361 5206 quae
371 5135 579 5206 perventionem
591 5134 627 5186 ad
639 5149 754 5205 regnum
766 5132 987 5204 Deiimpediant,
1013 5141 1044 5188 ut
1069 5134 1180 5204 ipsimet
1205 5134 1345 5206 explicant
1372 5139 1453 5190 uenia
1479 5156 1511 5192 ee
1532 5157 1561 5192 se
1588 5143 1688 5210 dipnn,
1716 5154 1841 5202 curtam

20 5237 89 5278 xva.
99 5234 145 5277 atu.
158 5228 306 5293 antequam
318 5228 479 5293 purgentur,
491 5219 541 5275 sed
553 5217 691 5275 Pontificii
702 5219 834 5274 audacter
843 5219 988 5289 definiunt,
1013 5219 1152 5274 atrocibus
1173 5220 1316 5291 suppliciis
1332 5222 1361 5276 in
1381 5222 1487 5279 dilectis
1506 5225 1562 5279 suis
1578 5225 1641 5281 filiis
1654 5227 1731 5285 Deus
1743 5232 1840 5287 eadem

158 5323 230 5380 quae
249 5315 277 5362 et
295 5306 389 5376 qualia
414 5306 464 5360 illa
493 5307 566 5370 sint,
591 5303 691 5375 quibus
716 5304 856 5377 suffragiis
884 5306 988 5377 expiari
1014 5306 1114 5377 puniti
1148 5313 1172 5361 5.
1193 5305 1246 5371 Qui
1265 5307 1295 5361 in
1311 5308 1365 5364 hac
1384 5311 1441 5366 vita
1458 5317 1522 5366 ante
1542 5319 1656 5368 mortem
1673 5332 1729 5373 non
1749 5335 1841 5375 conse·

160 5409 248 5466 quove
263 5394 328 5465 igne
348 5393 424 5449 ablui
441 5393 555 5464 possint
1015 5391 1110 5462 quitur
1128 5399 1305 5462 peccatorum
1324 5412 1434 5450 suorum
1461 5396 1660 5470 remissionem,
1688 5401 1734 5457 ilie
1762 5407 1842 5460 mori·

31 5475 84 5517 ¹³¹
100 5474 149 5515 ⁶¹¹·
197 5484 254 5534 232.
290 5480 425 5545 Quartum
442 5482 636 5550 argumentum
661 5476 789 5549 producit
807 5477 990 5533 Bellarminus
1016 5485 1062 5532 tur
1078 5478 1129 5534 sub
1150 5478 1192 5534 irs
1209 5478 1664 5558 Dsi,subma1edietionelegis,
1689 5491 1742 5545 sub
1764 5503 1843 5548 reatu

31 5527 136 5677 ἓξὲξ-
161 5582 196 5623 ex
223 5564 395 5633 rationibus,
425 5565 464 5621 ed
491 5580 561 5636 quas
589 5563 619 5618 in
644 5579 748 5636 penem
779 5563 991 5636 respondemus:
1018 5570 1146 5620 aeternas
1161 5565 1354 5637 damnatiossb,
1372 5567 1845 5648 Μ111111ῑῦῑῑηὶῑῑῐὲῑῑῖθῐὶθΡΟίθθι
