4104 6014
248 200 309 259 292
844 191 968 250 mous
984 187 1190 250 mensurus
1208 189 1356 248 SEXTUS

118 353 155 392 to·
167 351 237 401 sond-
248 347 332 403 latius
352 347 476 404 declarat
492 350 546 405 hoc
564 348 660 413 modo,
684 353 741 401 tres
764 362 904 418 personas
917 364 1004 420 porse
1021 363 1084 403 con·
1108 344 1146 399 ab
1164 343 1219 401 hac
1239 343 1368 416 opinione
1384 345 1491 402 alienos
1509 363 1577 415 esse,
1594 351 1662 403 nota
1680 350 1828 418 sequanus
1844 341 1949 402 floscu-

118 403 236 495 ssssffiin‘
249 434 387 503 siderori,
414 436 529 505 qseando
547 450 599 488 nes
617 435 710 487 Deum
729 450 856 504 mamus,
883 452 968 489 unam
993 435 1084 504 ipsius
1108 429 1157 486 los.
1199 431 1300 487 Eccius
1320 433 1350 487 in
1372 433 1476 491 anchir.
1499 452 1525 506 p.
1547 439 1611 490 154:
1644 435 1823 489 Accedamus
1838 435 1949 500 sonum

118 516 190 548 ¹⁰¹⁸*
249 521 316 586 Dei,
335 538 354 574 a
371 538 426 590 quo
439 521 562 590 petimus
581 521 729 589 beneficia,-
750 520 871 575 alteram
890 520 981 591 ipsius
1003 522 1083 577 Chri·
1107 518 1221 586 eratioc
1240 526 1267 573 et
1288 519 1407 573 Patrem
1423 521 1700 585 misericordiarum,
1724 528 1756 575 ot
1774 519 1948 574 commodius

47 603 55 611 ’
248 608 301 672 sti,
317 624 372 677 per
386 607 469 676 cujus
487 605 616 660 caeritum
634 621 669 658 ea
686 607 814 676 caepimus
832 606 910 661 nobis
928 607 1012 675 dari,·
1030 615 1083 661 ter·
1107 603 1185 658 iilud
1201 605 1340 668 faciemus
1353 622 1409 678 per
1427 614 1557 677 ranctcs,·
1576 608 1645 677 quia
1658 609 1739 661 Deus
1758 614 1853 661 nomer
1871 607 1947 678 ienis

247 694 316 747 uam
332 693 405 760 ejus,
421 694 472 762 qui
484 692 557 762 petit
575 691 708 759 beneficia
721 709 776 762 per
789 691 937 750 Christum.
974 695 1021 747 Ee
1039 693 1084 748 his
1107 707 1271 745 consumens
1303 699 1355 757 esi,
1382 692 1482 748 merito
1514 695 1654 763 timemus,
1687 710 1723 748 ne
1749 711 1901 764 pereamus
1926 711 1946 746 a

247 780 337 832 tribus
360 779 494 848 personis
525 797 581 833 non
607 786 704 848 potest
729 780 825 849 prima
854 780 941 834 tribui
967 763 1185 846 summiseris
1209 778 1287 847 ejus,
1318 779 1390 832 mcut
1407 779 1474 848 fluit
1493 796 1560 833 cera
1585 797 1605 832 a
1622 779 1701 844 facie
1717 779 1806 850 ipnis,
1839 781 1874 834 od
1894 780 1946 834 icoc

246 865 315 934 quia
328 866 422 918 sancti
446 883 503 920 non
528 867 694 920 invocantur
718 873 750 919 ut
775 873 905 920 summes
924 866 1083 921 diuinorum
1108 861 1283 918 mediatores
1326 864 1487 934 quominus
1529 872 1556 918 et
1593 865 1799 920 iruereeesores.
1865 864 1945 922 Ceus.

221 950 224 955 ’
246 952 450 1023 beneficiorum,
467 970 518 1007 nec
536 955 669 1022 secundo,
686 954 738 1007 red
754 953 845 1008 coium
860 953 951 1008 tertia.
981 954 1084 1023 Itaque
1110 943 1206 1004 Calon.
1231 966 1260 1019 p.
1281 955 1339 1007 200.
1365 950 1481 1006 adducit
1505 949 1611 1007 dictum
1629 951 1784 1008 Bamhurdi
1807 968 1889 1009 serm.
1910 951 1946 1006 de

246 1046 359 1092 sanctos
384 1039 546 1094 invocamus
574 1041 617 1092 ad
645 1038 696 1093 hoc
721 1039 826 1104 coium,
852 1047 883 1092 ut
909 1039 1023 1103 faciant
1041 1039 1082 1104 id,
1108 1032 1140 1087 Β.
1159 1031 1292 1106 virgins,
1316 1034 1364 1106 qui
1387 1035 1485 1108 incipit
1510 1036 1628 1109 Signum
1653 1054 1800 1109 magnum:
1831 1037 1945 1092 Recta

216 1143 220 1151 ·
246 1126 324 1194 quod
340 1142 391 1178 nos
416 1125 553 1194 sammua,
584 1125 653 1194 quia
680 1125 780 1180 melius
807 1133 834 1179 et
852 1125 998 1192 efficacius
1025 1124 1085 1194 ipsi
1105 1119 1193 1189 plane
1226 1128 1253 1174 et
1278 1129 1381 1192 potens
1403 1124 1544 1178 mediator
1562 1126 1621 1179 Dei
1643 1133 1669 1179 et
1685 1124 1838 1189 dominum,
1862 1123 1944 1179 homo

238 1211 343 1278 facere
360 1220 480 1280 possunt
498 1229 581 1280 quam
600 1229 665 1276 nos,
691 1211 792 1266 melius
813 1211 863 1265 illi
884 1220 909 1266 et
927 1228 980 1264 nos
998 1209 1083 1264 mmai
1108 1203 1236 1261 Chrirtm
1259 1208 1354 1266 Jerus.
1400 1209 1460 1264 Sed
1481 1211 1607 1266 dunum
1625 1212 1656 1266 in
1680 1228 1711 1266 eo
1727 1211 1852 1266 homines
1868 1228 1943 1266 rece·

246 1315 330 1367 quam
348 1315 400 1351 noe
414 1298 471 1353 soli
483 1302 535 1353 etc.
568 1297 653 1353 Scires
669 1296 799 1352 Chrmtus
816 1307 865 1367 est,
884 1298 935 1368 qui
947 1299 1082 1351 mundum
1105 1299 1205 1347 rentur
1233 1293 1424 1363 maiestatem,
1456 1312 1527 1366 opus
1558 1298 1632 1351 enim
1656 1304 1698 1352 ert
1723 1298 1877 1352 mediatore
1904 1298 1945 1350 ad

245 1383 440 1440 reconciliauit
464 1385 529 1438 Deo
554 1390 580 1438 ct
602 1383 652 1453 qui
674 1385 775 1438 meruit
797 1384 878 1438 nobis
905 1384 1030 1454 pretium
1057 1390 1082 1436 et
1106 1378 1292 1434 mediatorem
1318 1381 1416 1447 mmor,
1441 1399 1492 1436 nec
1518 1384 1605 1438 oiiter
1630 1384 1710 1439 nobis
1739 1385 1841 1439 utiiior
1860 1400 1943 1453 qsearn

245 1471 368 1540 pioriam
387 1479 414 1525 et
437 1471 532 1525 omnio
549 1471 710 1524 necessaria
733 1473 775 1524 ad
792 1471 924 1536 salutem,
941 1473 1017 1525 unde
1035 1488 1081 1526 uo·
1107 1465 1218 1519 Marsa.
1254 1465 1384 1522 costerus
1401 1467 1431 1522 in
1448 1468 1527 1526 ench.
1546 1487 1574 1540 p.
1592 1475 1656 1540 404:
1676 1471 1776 1525 Sancti
1791 1487 1847 1540 pro
1865 1471 1944 1524 nobie

245 1565 328 1613 catur
356 1565 450 1613 noster
478 1557 619 1613 mediator
644 1565 670 1611 et
693 1559 848 1613 advocatur
876 1559 957 1628 apud
979 1559 1080 1615 Deum.
1107 1551 1201 1604 Deum
1214 1559 1373 1620 precantur
1402 1557 1445 1608 ad
1465 1555 1605 1609 malitiam
1627 1563 1810 1626 peccatorum
1836 1563 1942 1611 nostro-

245 1645 327 1715 Erpo
346 1645 420 1700 nihil
436 1663 455 1699 a
474 1645 580 1699 sancus
596 1651 692 1714 petere
707 1661 864 1715 possumus,
880 1644 939 1698 nisi
953 1651 984 1698 ut
995 1645 1080 1699 inter-
1106 1653 1170 1690 rum
1189 1638 1401 1710 dammam,
1426 1657 1498 1709 ΨΜ
1517 1648 1597 1696 iam
1617 1649 1672 1708 ὅθί,
1698 1649 1730 1697 “i
1747 1643 1807 1712 ''Pi‘'
1819 1658 1876 1713 1³⁶¹*
1893 1661 1943 1697 Μ*

244 1732 348 1785 cedant
373 1733 453 1801 opud
481 1732 588 1797 Deum,
621 1748 676 1800 quo
709 1729 789 1784 nobis
818 1730 929 1786 Christi
952 1731 1081 1785 meritum
1106 1723 1163 1778 coli
1177 1741 1227 1778 nec
1247 1727 1289 1779 ad
1300 1727 1393 1781 Deum
1410 1727 1534 1799 Patrem,
1552 1744 1603 1783 nec
1623 1731 1664 1783 ad
1682 1729 1790 1784 fliium
1808 1732 1943 1785 omcdmc

244 1816 412 1886 applicetur,
429 1824 455 1871 et
465 1833 522 1886 per
538 1816 679 1872 Christum
695 1817 819 1887 qratiam
838 1824 864 1870 ct
878 1816 1001 1887 pluriam
1016 1832 1080 1872 con·
1106 1811 1277 1877 audeamus,
1318 1815 1370 1867 sed
1405 1814 1634 1883 interpellatores
1669 1832 1840 1887 quaeramus
1877 1817 1942 1871 Deo

243 1919 403 1974 sequamur.
444 1901 672 1973 Respondemus:
701 1910 723 1958 1.
744 1900 884 1957 Pontificii
908 1907 1019 1957 muetos
1037 1903 1079 1957 in-
1105 1895 1245 1966 vm'om,
1270 1906 1480 1954 sesaminum
1503 1901 1611 1956 memtie
1631 1910 1657 1956 et
1672 1903 1851 1973 precantium
1872 1903 1941 1957 mul·

243 1995 345 2044 vocam
360 1988 519 2044 nouaclum
537 1995 570 2044 ut
586 1989 790 2058 intercessores,
809 1988 859 2044 sed
879 1995 911 2045 ut
927 1989 1080 2058 iorpitores
1104 1982 1227 2036 titudine
1257 1985 1339 2038 Deus
1371 1987 1413 2039 ad
1440 1986 1666 2042 mesericordiam
1696 1989 1865 2058 inflectatur.
1911 1986 1941 2044 si

243 2093 278 2130 ac
297 2076 494 2131 commeares
511 2075 671 2131 diuinorum
690 2075 892 2145 beneficiorum,
910 2074 1080 2146 utsuperius
1104 2067 1211 2136 pruin*
1231 2069 1370 2140 retpicere
1397 2070 1527 2144 velimus,
1552 2073 1650 2129 merito
1675 2074 1855 2146 conqueritur
1875 2073 1941 2130 Cas-

242 2161 298 2217 fuit
315 2161 540 2218 demonstratum
586 2160 663 2232 Ergo
689 2150 745 2217 oon
773 2161 862 2216 solum
883 2177 940 2233 per
956 2168 1079 2231 sanctos,
1105 2154 1207 2210 eander
1226 2154 1255 2210 in
1271 2157 1389 2214 consult
1414 2165 1466 2214 art
1483 2164 1525 2218 21.
1551 2163 1629 2230 quod
1654 2160 1778 2215 homines
1797 2179 1854 2215 non
1871 2161 1943 2216 maii

243 2248 292 2304 sed
311 2249 395 2304 etium
414 2267 433 2303 o
450 2248 556 2303 sanctia
573 2245 711 2303 beneficia
727 2251 836 2317 petoni
875 2254 899 2303 2.
919 2246 1031 2316 Petunt,
1049 2264 1079 2303 ss
1104 2237 1195 2295 certos
1213 2241 1270 2295 sibi
1289 2251 1402 2298 sanctos
1426 2252 1561 2315 tanquam
1582 2256 1725 2317 patronae
1747 2247 1876 2318 dedicant
1898 2248 1940 2301 in·

239 2344 358 2406 propter
376 2336 479 2391 merito
496 2342 657 2390 sanctorum
675 2331 813 2402 exaudiri,
833 2349 867 2389 ac
886 2332 995 2398 docent,
1014 2334 1079 2390 idco
1104 2342 1157 2395 ‘1¹⁴⁶
1182 2343 1278 2382 eorum
1304 2331 1411 2384 meritis
1439 2338 1466 2384 et
1492 2332 1689 2388 interversione
1711 2333 1780 2403 pius
1800 2349 1887 2403 meam
1909 2334 1940 2388 in

242 2422 279 2479 ad
297 2428 456 2479 sanctorum
469 2420 573 2477 auxilia
594 2435 655 2476 esse
679 2418 910 2492 confugiendum,
933 2427 1078 2476 uteorum
1105 2411 1212 2467 Christi
1226 2414 1327 2470 merito
1345 2414 1486 2486 fiduciam
1505 2426 1629 2487 ponant,
1652 2426 1737 2489 morse
1762 2422 1835 2475 odeo
1856 2421 1939 2474 anim

241 2510 350 2565 nimiis
376 2526 411 2563 ac
436 2509 509 2562 rotis
540 2507 689 2561 salvemur.
736 2511 811 2577 Ergo
834 2522 890 2561 uon
915 2522 966 2578 per
992 2506 1077 2562 solius
1103 2498 1156 2554 illo
1184 2502 1363 2556 adorationis
1399 2501 1507 2559 Chr-iem
1532 2504 1630 2572 officio
1658 2507 1803 2562 sesamam
1828 2514 1940 2563 sandes

244 2593 347 2649 Christi
365 2593 494 2650 meritum
512 2591 648 2648 beneficia
666 2591 785 2663 cupiunt
802 2591 935 2650 obtinere.
965 2599 989 2650 3.
1008 2593 1078 2649 San·
1104 2592 1186 2655 atque
1198 2587 1229 2641 ia
1237 2589 1341 2659 primis
1353 2589 1488 2658 vimineas
1500 2591 1629 2645 Mariam
1640 2591 1671 2645 in
1683 2591 1763 2647 iliius
1775 2593 1866 2648 mcum
1878 2594 1939 2648 sab·

241 2680 301 2737 ctos
318 2680 492 2736 constituunt
509 2680 681 2733 mediatores
695 2679 902 2735 intercessionis
920 2695 955 2734 ac
970 2680 1077 2734 media·
1103 2673 1228 2728 alituum.
1264 2676 1342 2746 Imo,
1359 2675 1463 2748 inquit,
1486 2694 1543 2731 non
1565 2679 1719 2744 defuerunt
1736 2679 1794 2733 oiri
1810 2681 1938 2745 ceiebms,

241 2777 317 2824 tores
334 2767 425 2838 ipsius
444 2767 612 2821 mediatoris
633 2763 752 2833 Christi,
777 2769 810 2820 ut
826 2783 860 2823 ex
886 2768 1012 2838 sequenti
1031 2784 1076 2823 ex·
1103 2759 1154 2829 9¹⁴5
1161 2769 1327 2833 0886161811,
1345 2763 1380 2818 id
1392 2764 1612 2834 2201121012ὺῦ
1627 2765 1769 2821 dmm
1781 2766 1894 2837 ΗΜ,
1905 2783 1935 2823 ⁸⁶

240 2855 369 2926 ceptione
406 2852 561 2924 apparebit
616 2851 693 2923 Ειςο
727 2868 784 2906 non
817 2852 906 2908 solum
936 2851 1076 2909 Christum
1097 2848 1208 2918 polenii
1224 2848 1376 2904 dimidium
1390 2851 1474 2921 room'
1491 2853 1631 2916 daturum,
1649 2852 1680 2906 iu
1698 2853 1801 2907 Maria
1819 2854 1939 2925 comple·

241 2940 421 2996 mediatorem
440 2945 469 2996 et
488 2939 696 2995 intercessorem
714 2954 775 2993 esse
800 2946 955 3010 agnoscunt
979 2956 1031 2996 nec
1047 2940 1076 2995 in
1102 2940 1159 2988 ium
1178 2950 1245 3003 om,
1264 2935 1295 2990 io
1312 2953 1397 3006 quom
1416 2938 1497 2991 Deice
1514 2938 1673 3008 reprimi,
1692 2939 1894 3010 quodjudicio
1912 2949 1939 2996 et

240 3028 326 3084 solius
344 3026 448 3085 christi
466 3027 577 3082 nomine
592 3026 683 3082 Deum
701 3016 841 3084 invocant.
880 3025 948 3084 Ideo
965 3035 1076 3085 sanctos
1102 3021 1301 3076 misericordia
1327 3031 1435 3077 constat
1453 3024 1620 3094 dimidiam,
1644 3024 1696 3079 hoc
1716 3032 1756 3079 eet
1780 3026 1938 3083 numericor-

240 3115 386 3185 invocant‚
410 3119 443 3169 ut
466 3131 517 3185 pst
543 3112 653 3169 illorum
673 3113 897 3167 intercessionem
923 3132 958 3169 as
975 3116 1077 3171 mertia
1102 3108 1190 3175 diam,
1208 3109 1397 3178 transtulerit,
1423 3110 1519 3202 uiterq
1544 3111 1626 3179 repni
1643 3119 1729 3182 parte
1748 3112 1804 3167 eibi
1823 3120 1939 3184 retenta,

240 3200 321 3256 nobis
339 3206 436 3271 param
454 3198 547 3255 auus
571 3197 782 3263 securiacum,
805 3204 834 3254 a
857 3198 899 3254 sic
918 3199 947 3254 tn
965 3201 1076 3258 nominc
1101 3195 1177 3261 quoa
1208 3211 1241 3251 0¹
1273 3195 1352 3252 Biele
1381 3195 1444 3251 lace
1472 3203 1496 3252 ⁸·
1530 3196 1559 3251 in
1583 3213 1681 3253 osnon.
1708 3198 1808 3255 mnne
1838 3202 1940 3272 aperit

240 3291 399 3342 sanctorum
414 3284 555 3342 Christum
573 3283 712 3340 invocant
753 3291 777 3339 4.
796 3283 925 3350 Quinimc
943 3289 1075 3358 majorem
1100 3280 1166 3336 Joh.
1186 3279 1280 3336 David
1298 3283 1327 3337 in
1339 3281 1494 3354 Pancarpio
1513 3283 1641 3339 Mariano
1658 3302 1687 3355 p.
1702 3289 1760 3340 207.
1781 3286 1847 3343 adit.
1868 3287 1939 3344 Ant·

239 3373 269 3427 in
288 3377 447 3428 sanctorum
467 3384 551 3443 quum
568 3370 655 3441 ipsius
667 3369 772 3426 Christi
791 3370 987 3428 intercessione
1004 3373 1075 3429 fidu·
1102 3383 1184 3438 werp.
1211 3384 1256 3425 an.
1283 3373 1358 3425 leot.
1401 3368 1505 3426 Suarcs
1527 3375 1593 3425 tom.
1613 3375 1637 3426 2.
1663 3387 1761 3429 comm
1785 3371 1814 3426 in
1839 3371 1937 3430 Thom.

239 3459 312 3514 ciam
334 3457 486 3527 collocant,
513 3472 577 3512 cum
595 3455 735 3513 Christum
758 3457 814 3529 per
833 3464 944 3514 sanctos
962 3459 1076 3530 placau-
1102 3453 1173 3526 disp,
1193 3460 1235 3512 2³.
1256 3472 1280 3527 q.
1299 3462 1341 3512 3¹1.
1357 3463 1422 3512 sach
1436 3461 1466 3512 ³:
1485 3458 1598 3528 Οριὲηια
1615 3466 1681 3513 sunt
1697 3459 1854 3514 amicilia
1866 3461 1937 3516 Cer·

240 3545 307 3601 dum
326 3561 386 3600 esse
405 3544 531 3614 doceant,
549 3561 586 3601 ne
606 3544 694 3601 severi
708 3544 813 3616 judicis
829 3551 923 3617 partes
942 3545 1074 3602 adeamus
1100 3542 1180 3597 mani
1191 3541 1498 3614 Constantinopolitani
1511 3545 1542 3599 in
1553 3561 1635 3617 serm,
1654 3547 1690 3600 de
1706 3563 1777 3600 sona
1796 3545 1936 3618 Virpinis:

238 3647 289 3687 noa
308 3634 441 3688 exerceat
481 3631 516 3684 In
533 3629 664 3701 psalterio
681 3630 787 3687 Mariae
804 3632 907 3692 Psnim,
926 3637 974 3688 72:
994 3635 1075 3690 Dm
1103 3628 1212 3693 Quaeso
1240 3637 1272 3683 ut
1301 3630 1333 3683 in
1363 3631 1485 3685 adventu
1513 3632 1571 3698 filii
1596 3632 1652 3701 tui,
1684 3648 1746 3686 cum
1777 3634 1938 3687 decimemus

236 3718 376 3786 iudicium
395 3724 472 3770 trium
488 3717 552 3786 repi
562 3718 603 3770 da
621 3724 647 3770 et
662 3717 888 3772 misericordiam
906 3725 984 3773 iuam
1001 3721 1074 3791 repi-
1101 3732 1194 3770 omnes
1206 3716 1377 3784 judicandi.
1403 3724 1434 3770 W
1451 3724 1482 3771 Ν
1502 3725 1658 3772 maiitiam
1676 3719 1781 3773 Mbm
1801 3720 1936 3786 immam

237 3820 292 3858 nac
320 3803 416 3859 macri.
459 3802 564 3861 Psalm.
589 3807 636 3858 93:
661 3805 737 3856 nem
762 3803 900 3858 ultionum
924 3806 1073 3876 Dominus,
1101 3810 1127 3857 et
1150 3803 1300 3856 marimum
1323 3804 1481 3872 potentiam
1508 3805 1608 3859 calida
1631 3805 1686 3860 illa
1712 3824 1799 3860 manu
1824 3814 1873 3860 tua
1900 3808 1937 3861 ah

238 3892 290 3944 sed
307 3896 339 3944 tu
353 3897 443 3944 mater
460 3888 675 3943 misericordiae
693 3890 734 3942 ad
747 3890 941 3945 miserandum
955 3892 1075 3961 inflectis
1100 3895 1215 3943 aeterna
1233 3889 1297 3959 ipnc
1315 3906 1367 3943 nor
1384 3889 1500 3959 eripiar.
1535 3889 1681 3958 (Statuunt
1695 3890 1796 3963 igitur,
1817 3891 1936 3949 Mariam

238 3993 307 4035 eum.
345 3975 524 4032 Bernhardus
550 3974 585 4030 de
602 3975 690 4030 Busta
715 3975 745 4028 in
762 3975 1074 4035 Menotharum
1101 3990 1161 4030 esse
1178 3974 1367 4031 mediatricem
1384 3975 1461 4046 apud
1479 3974 1619 4032 Christum
1637 3977 1762 4048 judicem
1781 3979 1862 4035 uobis
1882 3980 1936 4034 ira·

238 4063 331 4132 Saepe
355 4080 425 4133 quos
449 4062 562 4132 justiis
586 4061 660 4115 Filii
682 4062 814 4132 damnat,
841 4064 943 4118 matris
967 4064 1074 4120 miseri-
1098 4062 1179 4130 tum.)
1209 4061 1360 4117 Batradius
1383 4067 1448 4117 tom.
1474 4068 1498 4118 1.
1524 4079 1622 4120 comm.
1652 4064 1682 4119 in
1712 4065 1810 4121 concii
1834 4083 1933 4137 evang.

235 4149 336 4205 cordia
354 4149 464 4218 liberat,
481 4150 556 4203 unde
576 4165 595 4202 a
612 4147 681 4215 foro
697 4147 826 4215 iustitiae
844 4149 905 4204 Dei
921 4152 1072 4218 adsorum
1099 4167 1125 4220 p.
1147 4154 1211 4205 328:
1230 4150 1267 4202 In
1285 4148 1362 4202 coelo
1387 4148 1528 4217 astrolcpi
1551 4149 1624 4204 inter
1648 4151 1757 4206 leonem
1777 4161 1804 4207 et
1831 4153 1934 4208 libram

235 4235 451 4290 misericordiae
492 4234 594 4288 narra
638 4234 843 4304 appellandum
882 4252 941 4291 esse
982 4238 1071 4299 docet,
1098 4234 1216 4304 cir-pines
1233 4236 1343 4302 eipnnm
1359 4235 1548 4304 interponunt.
1595 4237 1656 4291 Nos
1681 4238 1755 4293 inter
1773 4239 1878 4294 leonem
1899 4243 1935 4295 de

236 4321 386 4378 Anselmus
400 4322 436 4377 de
456 4320 550 4377 excell.
565 4319 635 4391 virg.
655 4337 715 4390 cap.
736 4325 765 4376 6:
805 4321 934 4378 Velocior
952 4334 994 4380 est
1005 4343 1072 4382 non-
1098 4321 1174 4375 tribu
1192 4321 1282 4391 Juda,
1302 4321 1353 4375 hoc
1372 4329 1412 4375 est
1433 4321 1583 4391 Christum,
1601 4323 1631 4376 in
1648 4323 1720 4377 hora
1740 4326 1839 4379 mortis
1852 4328 1935 4395 judi·

235 4425 379 4478 nunquam
404 4408 485 4463 eolus
517 4414 670 4462 memorato
702 4407 813 4461 nominc
839 4407 958 4468 Mariae
990 4429 1071 4480 quam
1098 4426 1165 4478 cem,
1182 4407 1325 4463 etlibrarn
1347 4406 1429 4462 iiiam
1451 4408 1557 4476 iudicii
1573 4410 1742 4480 terribilem,
1766 4429 1823 4481 qua
1841 4430 1935 4467 omnes

235 4495 364 4550 invocato
387 4495 499 4550 nomine
521 4494 601 4549 Jesu.
644 4492 807 4564 Discipulos
834 4493 870 4549 de
895 4500 1019 4567 tempore
1044 4504 1073 4554 et
1099 4496 1282 4565 capitationes
1298 4501 1425 4563 nostrae,
1450 4510 1537 4563 opera
1562 4511 1597 4547 ac
1621 4496 1706 4550 cerba
1728 4498 1932 4567 scaminantur,

235 4581 340 4638 sanctis
366 4599 395 4652 p.
415 4586 480 4638 are:
504 4583 672 4637 Peccatores
691 4581 861 4650 fiducialius
888 4583 930 4635 ad
955 4591 1072 4638 matrem
1097 4600 1154 4638 non
1170 4580 1290 4652 serpente
1309 4580 1425 4649 sipnnm,
1444 4581 1496 4633 sed
1517 4579 1668 4653 Virpinem‚
1678 4583 1791 4651 judecis
1808 4592 1934 4651 matrem,

234 4668 449 4723 misericordiae
474 4667 641 4738 confupiunt
664 4668 761 4738 (quam
786 4665 823 4719 ad
848 4664 1016 4737 Christum),
1034 4671 1072 4724 si·
1098 4668 1192 4723 mediis
1208 4667 1338 4738 precibus
1364 4668 1533 4720 aduocatam
1554 4666 1772 4738 interponamus.
1819 4669 1936 4726 iudicet

236 4755 349 4827 quidem
372 4755 450 4822 filius
473 4756 536 4825 ejus
559 4771 616 4808 non
640 4752 731 4806 solum
755 4759 796 4805 est
826 4753 999 4820 misericors,
1023 4759 1075 4810 sed
1098 4753 1224 4828 quilibet,
1245 4769 1281 4808 au
1300 4751 1421 4807 nouhac
1437 4751 1544 4807 ratione
1561 4769 1579 4807 a
1594 4752 1934 4812 fiduciainmediatorem

235 4843 321 4896 etiam
343 4841 442 4911 jusum
472 4841 502 4894 in
528 4839 655 4894 omnibus
679 4837 810 4909 operibus
841 4838 909 4893 auis.
958 4838 1074 4896 Robert.
1098 4841 1238 4898 Christum
1258 4837 1422 4895 collocanda
1449 4843 1478 4893 ct
1510 4838 1546 4894 ab
1573 4838 1748 4898 invocatione
1775 4842 1803 4897 iu
1829 4842 1933 4898 Christi

234 4929 346 4985 Holcot.
367 4927 397 4982 in
421 4924 470 4984 lih.
489 4924 612 4996 Sapient.
635 4923 698 4980 lect
726 4927 775 4981 ³6:
798 4924 834 4979 Si
859 4925 922 4996 quis
949 4945 969 4980 a
986 4928 1073 4999 mtto,
1098 4927 1209 4983 nominc
1228 4924 1360 4982 iacienda
1376 4924 1412 4980 ad
1430 4923 1561 4980 fiduciam
1579 4924 1608 4980 in
1626 4931 1738 4983 sanctos
1758 4933 1787 4983 et
1803 4929 1840 4983 sd
1857 4929 1935 4984 invo-

234 5015 342 5087 quiae
359 5017 487 5069 deutrum
504 5011 604 5068 Patris
621 5013 708 5080 redd,
726 5017 880 5076 terreatur,
898 5013 967 5082 quia
985 5015 1073 5083 judeo
1099 5014 1236 5070 munnam
1259 5013 1289 5067 in
1312 5016 1473 5068 sanctorum
1498 5011 1610 5068 nomine
1633 5012 1789 5069 faciendam
1809 5014 1935 5071 homines

235 5110 283 5169 est,
303 5109 420 5155 matrem
440 5101 540 5167 odeat,
558 5097 626 5168 quia
644 5096 785 5152 medicina
802 5105 887 5151 estet
904 5099 1072 5158 miserim.
1098 5096 1295 5156 abducantur?
1334 5105 1358 5154 5.
1379 5096 1414 5152 Id
1437 5097 1512 5169 quod
1542 5097 1635 5154 adhuc
1658 5098 1832 5156 manifestius
1855 5108 1936 5172 patet

88 5200 165 5250 mm
177 5207 224 5254 ιω,
234 5187 395 5245 Antoninus
411 5193 483 5258 part
499 5193 525 5243 4.
544 5201 615 5241 sum.
634 5183 675 5241 tic
691 5189 737 5241 15:
757 5182 888 5239 Christus
905 5203 962 5240 non
981 5187 1072 5242 solum
1097 5204 1132 5243 ex
1149 5203 1197 5252 ec,
1216 5185 1291 5259 quod
1308 5190 1427 5258 negant,
1445 5183 1499 5239 hac
1516 5185 1648 5255 precandi
1665 5185 1783 5242 formula
1800 5188 1935 5244 utendum

234 5278 390 5331 advocatus
409 5282 459 5340 est,
476 5276 529 5328 sed
545 5272 630 5327 etiam
640 5270 746 5341 judea,
764 5271 830 5326 ideo
845 5272 975 5341 prouidit
992 5274 1072 5329 nohis
1097 5291 1171 5330 asse:
1205 5272 1318 5328 Christe
1335 5289 1390 5327 ora
1403 5289 1462 5342 pro
1481 5271 1568 5327 noba.
1609 5270 1755 5327 Lindanus
1772 5273 1801 5327 in
1821 5274 1935 5345 scripto,

233 5364 315 5416 Deus
332 5363 368 5414 de
386 5364 539 5429 aduocata,
555 5373 629 5428 quae
647 5357 721 5411 mitis
738 5365 780 5412 cst
799 5365 825 5412 et
842 5358 945 5422 amris,
965 5359 995 5412 in
1014 5377 1072 5430 qua
1096 5359 1142 5415 cui
1160 5359 1273 5415 titulum
1289 5357 1358 5415 iecit
1382 5356 1543 5411 Concordia
1561 5357 1680 5426 discors,
1703 5375 1732 5429 p.
1762 5364 1819 5415 112.
1839 5359 1935 5431 dispu-

230 5447 456 5503 nihiiinoenitur
475 5461 614 5516 cepenam.
647 5442 724 5503 Neve
743 5442 890 5516 existimes,
907 5443 1071 5504 Pontificio·
1096 5451 1152 5517 tat,
1183 5462 1242 5503 esre
1270 5445 1424 5518 injuriam,
1461 5443 1656 5499 contumeliam
1684 5452 1709 5499 ei
1742 5446 1935 5516 irreliqiosum
