4104 6014
223 371 279 426 134
817 355 940 413 LOCUS
961 351 1164 411 VICESIMUS
1185 357 1332 414 SEXTUS

215 487 325 586 posset,
344 533 376 571 ex
397 531 452 585 quo
472 520 604 584 apparet,
635 517 772 582 qnantum
789 510 901 581 ipsimet
919 507 1060 563 confidant
1087 513 1226 566 duntaeat
1255 512 1346 565 maura
1369 517 1393 568 2.
1418 511 1508 566 Mace.
1536 515 1574 566 12.
1600 527 1651 580 pro
1677 509 1839 580 purgatorio
1864 513 1919 563 sta·

219 601 400 667 testimoniis,
434 616 505 669 quae
535 599 605 653 dicis
624 613 710 651 cansa
729 613 780 666 pro
807 596 975 650 adstruendo
994 612 1057 664 pur·
1086 597 1208 652 biliendo
1227 603 1335 652 exstare
1353 599 1467 662 asserit,
1498 596 1545 665 qui
1563 601 1659 666 aperte
1678 596 1791 663 doceat,
1818 611 1920 666 precer

219 688 326 759 gatorio
347 704 380 740 er
395 687 539 755 Scriptura
556 683 697 738 adducere
711 687 922 737 consueverunt.
956 679 1059 748 Tertia
1085 691 1116 736 et
1144 684 1289 747 sacrificia
1313 676 1451 752 prortmm
1480 683 1629 748 defunctis.
1678 681 1767 751 Atqui
1785 680 1855 736 liber
1872 681 1920 736 iile

220 792 252 828 ex
283 773 403 827 neminie
432 771 662 824 consideratione.
715 769 822 824 Nomen
849 766 1003 837 purgatorii
1030 765 1059 819 in
1085 773 1129 822 est
1148 768 1331 839 apocryphus,
1352 768 1428 840 quod
1448 773 1559 838 preater
1585 768 1641 821 alia
1657 766 1841 821 fundamenta
1857 784 1920 837 pro·

219 877 301 914 sensu
330 857 476 912 Pontificio
509 863 655 926 acceptum
690 854 818 924 nuspiam
852 853 880 906 in
910 851 1059 922 Scripturis
1087 853 1185 909 bamus
1211 872 1243 909 ex
1268 853 1423 909 testimonio
1441 853 1570 925 Gregorii
1598 853 1694 925 Magni
1718 854 1780 908 libr.
1807 860 1845 909 19.
1864 869 1919 907 mo-

219 946 304 1000 sacris
328 943 454 997 occurrit.
509 940 695 996 Bellarminns
721 940 824 1009 disput.
853 938 888 993 de
913 955 994 1008 purg.
1012 953 1057 991 ex·
1085 941 1183 995 ralium
1210 958 1234 995 c.
1255 946 1295 995 13.
1329 942 1375 995 De
1398 958 1454 1009 qua
1477 957 1522 1008 rc,
1558 939 1664 1010 inquit,
1681 958 1736 993 non
1757 942 1921 994 inordinata

142 1033 145 1039 ’
220 1048 331 1086 orsurus
351 1029 421 1083 libro
442 1035 464 1082 l.
484 1028 518 1081 de
539 1044 620 1097 purg.
641 1044 665 1081 c.
685 1031 708 1081 l.
734 1025 774 1079 sle
793 1023 909 1078 scribit:
939 1025 1009 1077 Tria
1029 1024 1059 1075 t‘n
1086 1029 1214 1096 opimus,
1244 1029 1271 1080 ai
1288 1044 1321 1080 ex
1339 1027 1421 1080 libris
1440 1044 1497 1078 non
1515 1026 1672 1094 canonicis,
1702 1027 1754 1078 red
1771 1033 1863 1078 tarnem
1881 1027 1923 1079 ad

196 1142 202 1150 ·
223 1117 379 1186 Scriptus-is
406 1113 602 1175 inveniantur,
638 1111 737 1180 quitiae
765 1110 900 1163 tribuitur
925 1109 1060 1178 purgatio
1086 1113 1311 1177 aedificationem
1344 1112 1477 1166 ccclesiae
1502 1113 1618 1180 scriptia
1642 1113 1830 1166 testimonium
1852 1129 1921 1180 pro·

219 1210 414 1273 peccatoram,
447 1207 472 1253 et
501 1199 675 1268 purpuraria
709 1197 770 1250 dici
787 1203 914 1265 possunt.
961 1195 1060 1247 Primo
1085 1200 1213 1268 ferimus,
1229 1202 1258 1252 et
1276 1205 1374 1268 postea
1391 1198 1507 1253 adducit
1534 1197 1625 1251 locum
1642 1214 1675 1252 ex
1697 1203 1720 1253 2.
1739 1197 1828 1256 Mace.
1872 1199 1922 1250 At·

223 1289 351 1343 Christus
370 1289 439 1356 qnae,
461 1287 496 1338 cte
515 1302 569 1354 qua
591 1283 696 1336 dicitur
715 1283 801 1357 Hetr.
823 1285 846 1337 1.
860 1282 1061 1352 purgationem
1087 1285 1135 1356 qni
1154 1283 1308 1355 Gregorius
1327 1282 1382 1338 suit
1400 1284 1546 1354 episeopus
1567 1284 1724 1352 Romanus,
1755 1300 1788 1337 ac
1807 1283 1922 1352 proinde

220 1382 399 1445 peccatorum
418 1372 541 1437 faciens,
562 1369 629 1436 Joi,
647 1372 676 1422 1:
696 1370 771 1422 Ecce
791 1385 882 1437 opnor
901 1367 973 1431 Dei,
1000 1382 1060 1419 cccc
1087 1387 1119 1424 ex
1150 1368 1298 1440 hypothesi
1317 1368 1527 1424 Pontificiornm
1561 1370 1622 1438 ejus
1652 1369 1790 1438 judicium
1817 1376 1860 1423 est
1882 1368 1922 1421 in·

223 1462 274 1531 qui
305 1460 383 1514 tollit
412 1465 529 1526 peccata
549 1455 654 1508 mundi.
707 1453 838 1507 &cundo
864 1451 1061 1506 tribulationes
1085 1454 1212 1512 fallibile,
1249 1456 1350 1509 Petrus
1382 1472 1399 1508 a
1433 1456 1499 1510 soto
1531 1455 1559 1509 in
1590 1461 1688 1511 assere,
1721 1454 1858 1510 catholica
1886 1453 1922 1509 nd

221 1545 409 1616 iujusoitae,
434 1546 469 1597 rte
487 1543 587 1611 quibem
606 1540 681 1595 Mal.
699 1542 733 1593 3:
757 1539 824 1609 Ipse
852 1538 959 1592 sedebit
979 1537 1062 1608 qrrass'
1087 1540 1175 1597 verbs
1206 1540 1323 1595 conces.
1353 1540 1492 1595 Wirtenb.
1531 1543 1608 1609 quart
1636 1542 1714 1594 dicta
1747 1540 1922 1609 scripturae,

222 1633 297 1701 ipsis
321 1632 446 1699 conflans
475 1637 500 1682 et
518 1627 602 1696 quasi
619 1626 704 1679 herda
720 1625 864 1690 sullanum
882 1633 908 1678 ct
924 1623 1061 1692 purpabit
1087 1644 1158 1696 qrrae
1180 1627 1222 1679 ad
1238 1627 1437 1680 stabiliendum
1455 1627 1658 1696 purpatorium
1675 1627 1761 1680 citari
1785 1626 1883 1694 solem,
1903 1643 1923 1679 a

221 1719 295 1783 filios
316 1716 386 1770 Laui
404 1719 457 1769 etc.
494 1712 558 1767 doh.
587 1718 632 1767 15:
659 1712 772 1764 Omnem
796 1708 945 1779 palmitem
970 1708 999 1760 in
1018 1723 1061 1760 mc
1088 1714 1208 1785 pennino
1225 1713 1494 1766 remundalicnum
1514 1721 1687 1781 torquentur,
1706 1731 1733 1781 p.
1753 1718 1795 1769 84.
1815 1712 1856 1766 sio
1874 1728 1922 1766 an·

222 1804 430 1870 conferentem
449 1802 588 1864 fructum,
614 1797 692 1852 tollet
710 1814 772 1850 eum
805 1804 832 1849 ct
867 1810 987 1861 omnem,
1013 1793 1063 1861 qui
1087 1803 1181 1853 notat:
1211 1799 1280 1852 Illis
1306 1797 1472 1869 Scripturas
1497 1798 1567 1852 locis
1593 1800 1718 1864 fatemur
1751 1816 1805 1850 non
1825 1806 1923 1868 aperte

221 1892 282 1955 sert
307 1890 432 1952 fructum
462 1885 612 1956 propedit,
641 1891 672 1936 ut
698 1885 824 1948 fructum
848 1882 917 1952 plue
951 1881 1061 1950 afferat.
1084 1885 1286 1953 purpatorium
1294 1883 1426 1953 probari,
1443 1885 1495 1936 scd
1509 1885 1629 1951 quocies
1648 1891 1724 1937 certo
1736 1884 1806 1948 fidei
1822 1883 1923 1951 reputa

230 1976 351 2029 Vocatur
371 1973 453 2026 tertio
475 1969 675 2041 purgatorium
698 1969 778 2022 locus
804 1967 934 2036 quidam,
952 1965 983 2018 in
1008 1982 1062 2032 quo
1089 1970 1242 2036 credimus,
1274 1970 1308 2022 id
1337 1969 1551 2022 auctoritatibus
1576 1969 1636 2023 silis
1660 1969 1832 2022 advertimus
1851 1970 1925 2022 indi·

226 2070 361 2129 tanquam
390 2061 419 2112 in
450 2072 563 2111 carcere
589 2064 653 2124 post
684 2055 757 2107 hanc
785 2053 873 2107 citam
899 2057 1061 2120 purpantur
1090 2056 1158 2110 cari,
1189 2054 1374 2110 Bellnrminnr
1391 2053 1440 2109 lib,
1456 2060 1477 2108 1.
1491 2055 1527 2109 dn
1545 2071 1626 2126 purg.
1646 2070 1670 2110 n,
1686 2061 1710 2111 3¹
1729 2051 1757 2128 ξ
1778 2054 1824 2109 Ad
1839 2057 1925 2124 septi.

227 2148 339 2201 onimae
361 2150 414 2200 etc.
454 2142 509 2197 Sed
536 2159 586 2211 pro
605 2139 659 2195 hac
676 2139 759 2194 tertia
784 2136 940 2209 purgatorii
959 2134 1063 2206 signifi·
1089 2160 1164 2197 mum
1182 2150 1235 2199 etc.
1255 2142 1374 2207 fatetur,
1395 2141 1489 2194 omnia
1514 2141 1542 2194 V.
1567 2142 1597 2196 Τ.
1621 2141 1687 2194 loca
1706 2150 1818 2210 eccepto
1843 2143 1925 2195 unico

230 2233 340 2288 catione
359 2228 509 2284 asserenda
528 2226 632 2281 nullum
651 2224 734 2279 affert
754 2224 913 2294 scripturae
938 2222 1062 2276 testimo·
1090 2231 1117 2285 2.
1142 2228 1272 2282 Maccad.
1300 2229 1343 2279 12.
1369 2226 1459 2281 solum
1484 2227 1672 2296 probabiliter
1688 2230 1826 2296 madere,
1850 2232 1927 2296 qrract

226 2319 318 2380 nium,
349 2331 440 2386 neque
459 2313 542 2368 etiarn
568 2311 667 2365 afferre
694 2310 799 2379 potuit,
831 2309 897 2380 qnia
920 2308 1063 2377 Scriptura
1088 2315 1125 2368 rit
1162 2314 1301 2383 eiusmodi
1328 2312 1533 2382 pnrpatom'nm.
1582 2312 1646 2367 Huc
1683 2313 1804 2383 pertinet
1841 2314 1926 2368 etism

227 2404 332 2459 nullam
361 2397 534 2471 purgationis
565 2401 740 2466 peccatorum
779 2400 843 2465 post
871 2392 944 2447 bane
977 2393 1062 2447 vitam
1090 2399 1172 2464 illud,
1201 2399 1276 2471 qnod
1304 2415 1376 2470 quae
1396 2398 1555 2467 Scripturas
1584 2399 1659 2452 dicta
1685 2415 1735 2468 pro
1755 2399 1926 2454 adstruendo

229 2486 434 2557 exspectandae
459 2481 624 2538 mentionem
643 2479 726 2547 feeit,
756 2488 788 2534 nt
804 2498 855 2535 suo
873 2480 934 2533 loeo
955 2478 1063 2549 plenius
1091 2484 1252 2556 purgatorio
1279 2500 1297 2537 a
1322 2483 1490 2555 quibusdam
1515 2482 1669 2537 Pontificiis
1694 2483 1860 2552 afferuntur,
1893 2502 1927 2539 aa

227 2570 488 2628 demonstrabimus.
536 2567 667 2632 Quamvis
691 2566 915 2637 V0r0q1¹⁸td8m
941 2566 970 2618 in
988 2564 1062 2620 Scri·
1091 2572 1127 2626 ab
1145 2571 1206 2626 aliis
1228 2569 1380 2625 Pontifieiis
1400 2569 1481 2624 alitor
1501 2570 1682 2640 explicantur,
1701 2576 1733 2625 ut
1758 2588 1790 2625 ex
1809 2571 1926 2640 speciali

225 2659 315 2732 pturis
353 2661 462 2713 exstent
498 2655 651 2708 secundum
689 2670 762 2715 rom,
808 2651 874 2707 lieet
910 2653 1063 2706 temdum
1091 2658 1264 2729 singulorum
1283 2655 1409 2711 examine
1427 2656 1573 2726 apparebit
1591 2656 1714 2711 inferius.
1761 2657 1873 2725 Quinto,
1892 2675 1925 2714 ex

227 2749 342 2802 literam
365 2749 507 2798 atrocem
527 2742 556 2794 in
577 2740 616 2795 eis
634 2757 689 2795 non
709 2739 872 2806 habeantur,
891 2754 924 2792 ac
945 2736 1061 2807 proinde
1092 2745 1259 2813 scripturae
1276 2742 1483 2811 praeteritione.
1526 2741 1671 2812 Scriptura
1695 2759 1774 2796 sacra
1802 2743 1837 2797 de
1861 2760 1925 2813 pur.

226 2852 244 2888 a
263 2828 505 2904 praetermissione
523 2826 643 2884 nominis
663 2826 700 2880 ad
725 2824 900 2897 negationem
917 2824 956 2879 rei
975 2823 1063 2895 ipsius
1089 2828 1197 2901 garario
1226 2828 1315 2881 tacuit
1345 2826 1374 2880 in
1393 2826 1448 2879 illis
1467 2826 1552 2892 locis,
1580 2827 1730 2898 inquibus
1756 2829 1923 2884 mentionem

224 2937 279 2975 non
296 2918 379 2973 hceat
396 2914 522 2971 absolute
541 2919 570 2966 st
590 2912 751 2983 simpliciter
768 2910 948 2979 concludere;
968 2914 1060 2964 tamen
1090 2916 1150 2985 ejus
1174 2913 1250 2977 fieri,
1279 2913 1302 2967 si
1325 2913 1461 2983 ejusmodi
1479 2912 1671 2984 purgatorium
1696 2918 1781 2980 esset,
1812 2915 1923 2969 omnino

226 3023 289 3059 eum
315 3008 343 3056 et
367 3018 480 3068 nomen,
512 3004 540 3053 et
562 3016 604 3053 res
629 2997 690 3068 ipsa
715 2995 868 3067 purgatorii
887 2993 1026 3050 Pontificii
1044 3012 1062 3048 s
1090 3000 1243 3071 oportebat.
1279 3000 1312 3054 ln
1333 2998 1435 3052 Genesi
1465 3004 1493 3052 et
1514 2998 1575 3053 aliis
1593 2998 1753 3068 Scripturas
1779 2999 1857 3054 libris
1877 3001 1921 3056 de·

228 3088 378 3159 Scriptnris
410 3084 532 3153 exsulet,
564 3088 596 3136 ut
625 3099 658 3136 cx
690 3079 871 3153 sequentibus
909 3078 1063 3151 apparebit,
1093 3086 1254 3141 scribuntur
1270 3084 1369 3138 funera
1387 3083 1495 3154 piorum
1513 3084 1745 3154 patriarcharum,
1774 3086 1921 3156 propbeta-

227 3175 290 3230 ideo
318 3173 415 3229 meritc
439 3171 512 3225 hanc
536 3168 654 3223 nominis
677 3165 947 3237 praetermissionem
965 3173 1062 3221 contra
1088 3190 1163 3241 mm,
1195 3188 1291 3242 regum
1312 3175 1341 3225 et
1358 3171 1473 3225 aliorum
1491 3176 1661 3236 sanctorum,
1692 3169 1741 3226 sed
1766 3170 1802 3224 (10
1818 3189 1921 3245 purga.

228 3259 390 3315 pontificios
409 3272 548 3327 urgemus.
599 3255 633 3307 ln
656 3244 943 3322 Germanics'lingus
960 3268 1061 3323 purga·
1087 3259 1173 3325 torio,
1193 3258 1221 3311 in
1242 3256 1316 3329 qaod
1336 3255 1442 3310 animae
1462 3257 1583 3325 ipsorum
1603 3256 1808 3323 descenderint,
1835 3257 1923 3312 altum

226 3345 327 3400 tarium
346 3347 460 3397 vocatur
479 3341 624 3411 nescisset,
644 3339 710 3410 qnia
730 3338 913 3393 communiter
928 3344 1062 3407 statuum,
1088 3344 1236 3399 silentium.
1275 3342 1308 3395 ln
1326 3341 1509 3411 descriptione
1529 3342 1728 3412 exsequiarum,
1747 3359 1817 3413 quas
1835 3345 1921 3398 sancti

228 3434 440 3487 instrumentum
463 3426 553 3495 illud,
588 3443 642 3494 ono
665 3426 859 3496 deindepost
887 3425 959 3477 hanc
976 3425 1061 3477 vitam
1089 3431 1223 3495 fecerunt,
1241 3435 1269 3483 et
1286 3427 1514 3482 intercessionum
1528 3427 1635 3498 piorum
1648 3444 1698 3497 pro
1711 3428 1771 3482 aliis
1784 3429 1921 3483 factarum

224 3523 399 3591 purpuratur,
434 3528 492 3566 esse
522 3513 630 3581 ipncm,
663 3520 689 3564 et
716 3512 829 3581 quidem
856 3511 1060 3564 elementarem.
1089 3516 1166 3570 nulla
1191 3531 1304 3585 prorsus
1328 3512 1361 3566 fit
1388 3513 1490 3567 mentio
1509 3514 1754 3584 supplicationum,
1782 3516 1921 3585 justorum

230 3602 270 3659 At
289 3603 310 3656 si
332 3618 374 3656 res
394 3601 434 3653 ita
450 3598 551 3662 habet,
576 3615 626 3650 cur
645 3596 784 3651 Roffsnsis
805 3602 833 3650 et
851 3594 897 3649 alii
917 3612 950 3649 ex
969 3595 1062 3649 Ponti·
1089 3601 1314 3674 septendialium,
1344 3599 1553 3669 trigesimalium
1572 3605 1622 3653 eut
1639 3600 1754 3655 eliorum
1778 3601 1924 3673 suffragio·

172 3700 173 3705 ’
228 3689 298 3744 ficiis
329 3704 380 3759 pro
411 3683 576 3739 stabiliendo
608 3682 767 3752 purgatorio
799 3681 945 3736 adducunt
971 3683 1061 3736 locum
1089 3706 1150 3742 rum
1176 3687 1205 3741 in
1223 3690 1328 3757 papatu
1346 3684 1429 3740 hodie
1457 3685 1628 3742 usitatorum.
1679 3686 1713 3741 ln
1731 3687 1856 3742 Levitico
1878 3687 1925 3744 de·

230 3775 333 3830 Psalm.
353 3777 395 3835 65,
412 3789 438 3827 1.
457 3777 502 3825 12:
526 3770 782 3837 Transirvirnasper
796 3784 899 3836 aquam
914 3768 1063 3835 erinnem-²
1092 3773 1252 3830 scribuntur
1269 3772 1346 3827 varia
1366 3770 1564 3827 sacrificiorum
1583 3789 1699 3843 genera,
1730 3773 1778 3828 sed
1798 3772 1924 3828 sacrificii

231 3880 281 3917 cur
300 3857 453 3929 Gregorius
473 3855 521 3909 lib.
542 3861 566 3911 l.
582 3855 754 3926 dialogorum
774 3872 796 3908 c.
811 3860 852 3909 to.
868 3861 896 3908 et
913 3860 954 3909 55.
969 3853 1064 3922 refert,
1089 3859 1235 3930 cujusdam
1261 3875 1311 3928 pro
1336 3857 1481 3912 animabus
1501 3857 1695 3914 defunctorum
1718 3858 1747 3912 in
1764 3860 1924 3930 purgatorio

229 3947 353 4002 animam
371 3942 523 3997 Parrhasis*
548 3949 573 3993 et
598 3942 747 4009 cujusdam
773 3940 891 3993 alterius
908 3940 938 3992 t'n
957 3940 1064 3993 balneis
1090 3944 1256 4001 sudantibus
1273 3943 1387 3998 verbum
1412 3943 1527 3999 nullum.
1574 3944 1639 3999 Lev.
1661 3951 1701 3999 26.
1728 3948 1757 3999 et
1778 3945 1860 3999 Dent.
1882 3950 1923 4001 28.

231 4034 398 4103 quibusdem
413 4029 577 4098 purpatas!
595 4044 644 4080 cnr
657 4026 756 4079 Petrus
765 4024 918 4080 Damianos
936 4025 964 4079 in
984 4026 1064 4096 epist.
1091 4036 1287 4088 enumerentur
1312 4045 1422 4098 poeitae
1449 4037 1631 4098 pcccatorum
1663 4031 1846 4099 tenrparater,
1876 4030 1925 4083 sed

231 4119 265 4174 de
297 4115 435 4171 miraculis
468 4113 510 4167 sui
547 4112 679 4182 temporis
709 4111 842 4166 describit
868 4110 1002 4165 visionem
1030 4114 1064 4165 dc
1091 4116 1170 4172 nulla
1185 4115 1219 4168 fit
1236 4117 1339 4170 mentio
1358 4130 1511 4185 poenarum
1530 4115 1692 4184 purgatorii.
1712 4114 1814 4185 quibus
1831 4121 1923 4170 tamen

227 4204 398 4274 perpetiere
421 4200 532 4253 animae
546 4198 576 4252 S.
594 4198 724 4251 Scaurini
741 4198 771 4250 in
792 4199 914 4266 mortam
928 4198 1066 4265 flumine!
1093 4203 1138 4257 vel
1168 4202 1286 4255 maxime
1315 4202 1435 4271 populns
1461 4200 1489 4253 in
1512 4200 1605 4255 officio
1628 4201 1763 4256 contineri
1782 4202 1926 4271 potuisset.

232 4306 281 4344 cur
300 4288 497 4342 Beneventum
528 4289 553 4339 4.
587 4288 657 4337 sent.
675 4281 738 4336 dist.
769 4287 810 4338 20.
844 4282 980 4353 disputat,
1010 4301 1065 4336 non
1093 4288 1245 4358 Apostolus
1273 4292 1295 4342 1.
1321 4286 1419 4340 Thess.
1446 4292 1470 4342 4,
1502 4288 1538 4339 rte
1566 4295 1642 4340 atatn
1668 4289 1865 4351 defunctorum
1893 4303 1927 4342 ex

231 4375 322 4428 solum
350 4374 457 4441 ignem,
497 4373 549 4423 scd
580 4371 665 4422 ctiam
698 4385 816 4436 aquam,
849 4368 904 4422 imo
939 4369 1065 4422 umbram
1093 4373 1217 4444 professo
1233 4371 1305 4443 agit,
1329 4372 1378 4426 sed
1398 4371 1553 4442 purgatorii
1572 4389 1608 4426 ne
1630 4373 1715 4427 verbo
1743 4372 1854 4442 quidem
1871 4389 1926 4428 me·

230 4478 289 4514 erae
316 4462 346 4513 in
366 4457 537 4527 purgatorio
557 4464 583 4510 et
603 4473 637 4509 ca
655 4456 794 4524 quasdam
818 4455 930 4507 animos
944 4455 1066 4524 puniri!
1093 4459 1180 4515 minit.
1236 4457 1342 4522 Quodsi
1379 4458 1571 4529 purgatorium
1611 4458 1724 4528 aliquod
1763 4464 1927 4529 superesset,

232 4563 282 4600 cur
300 4546 328 4599 in
347 4545 441 4598 Aurea
459 4543 578 4614 legenda
596 4548 776 4605 memoratur,
797 4540 989 4595 Theotaldnm
1009 4542 1066 4613 epr'·
1093 4544 1234 4616 apostolus
1254 4550 1433 4615 praepostere
1451 4544 1577 4613 iecisset,
1596 4546 1670 4615 quod
1689 4546 1875 4616 interrogatus
1893 4545 1927 4599 de

92 4639 215 4685 rsrl.tt.t.
229 4647 343 4700 scopum
374 4630 498 4680 animam
531 4630 561 4680 in
588 4629 683 4692 frrrcto
715 4629 837 4696 modam
864 4627 968 4696 placiei
1002 4636 1067 4681 ante
1093 4637 1168 4686 statu
1199 4631 1394 4687 defunctorum
1422 4630 1716 4686 Thessalonicensibus
1757 4649 1812 4685 non
1850 4648 1928 4700 prae-

226 4719 314 4787 pedes
327 4715 454 4783 jacentis
482 4715 639 4768 cruciatam
657 4714 892 4766 animadvertisse
911 4722 1017 4767 etcum
1037 4730 1066 4767 sc
1093 4716 1191 4771 scribit
1208 4717 1321 4781 missas,
1348 4716 1472 4786 vigilias,
1500 4718 1702 4787 eleemosynas,
1732 4717 1927 4789 indulgentias,

230 4803 416 4871 alloquentem
435 4801 597 4853 audivisse!
642 4798 806 4868 Ibidemque
824 4797 852 4851 in
870 4798 928 4852 vita
946 4798 1066 4855 conradi
1094 4802 1332 4874 peregrinationes
1352 4808 1404 4858 etc.
1424 4803 1525 4872 quibus
1545 4809 1727 4874 cognatorum
1738 4811 1767 4856 et
1778 4807 1926 4857 suricorum

231 4895 259 4943 et
276 4886 410 4953 Udnlrici,
428 4885 502 4938 otior
521 4887 550 4937 r'n
568 4887 680 4952 acibus,
698 4891 781 4954 anae
797 4886 828 4938 in
845 4901 984 4953 aptarum
1005 4903 1067 4939 cor·
1094 4889 1288 4944 defunctorum
1314 4888 1419 4942 animas
1443 4904 1476 4941 ex
1502 4887 1663 4959 purgatorio
1681 4888 1846 4950 liberarent,
1878 4889 1927 4942 sed

231 4977 283 5028 o'cc
303 4973 399 5026 crebra
418 4971 668 5040 immcrpciantur,
699 4971 901 5023 animcadum
920 4972 1066 5024 conclusas
1093 4975 1186 5045 potius
1206 4974 1278 5030 bono
1300 4974 1392 5028 animo
1413 4990 1459 5029 eos
1478 4991 1539 5030 esse
1553 4975 1636 5045 jubet
1657 4975 1691 5029 de
1708 4975 1849 5043 omnibus,
1879 4976 1927 5048 qui

230 5076 289 5113 aare
327 5058 497 5111 terretteesre
537 5066 562 5109 at
590 5075 638 5111 cas
664 5058 757 5111 miens
781 5056 938 5110 liberasse!
968 5058 1065 5111 curin
1093 5061 1121 5114 in
1139 5058 1249 5114 Christo
1273 5060 1483 5116 obdormierunt
1507 5080 1532 5116 1.
1553 5068 1592 5118 13.
1641 5060 1670 5115 Si
1695 5062 1836 5132 apostolus
1852 5061 1926 5132 judi·

230 5143 341 5214 speculo
373 5141 559 5212 exemplorum
591 5143 653 5198 dist.
684 5149 708 5198 3.
738 5142 863 5212 exemplo
888 5147 913 5200 3.
939 5141 1066 5211 refertur,
1092 5151 1199 5214 cesset,
1231 5146 1377 5201 maximam
1406 5165 1500 5202 eorum
1531 5148 1724 5203 defunctorum
1760 5155 1867 5218 partem
1898 5148 1927 5203 in

226 5231 417 5302 presbyter-um
448 5231 588 5298 wadum
620 5230 725 5284 victime
755 5231 785 5282 in
813 5235 915 5282 coctast
942 5231 1065 5284 carinam
1092 5232 1253 5304 purgatorio
1282 5233 1413 5299 detineri,
1444 5250 1614 5306 consequens
1637 5234 1735 5301 fuerit,
1767 5234 1857 5304 ipsum
1883 5234 1928 5290 vel

230 5318 374 5386 quandam
396 5315 601 5385 pauperculam
626 5316 657 5368 in
676 5316 826 5368 stillicidio
851 5316 949 5368 domus
968 5333 1065 5370 nouem
1092 5336 1165 5373 vana
1183 5335 1217 5373 ac
1235 5320 1362 5374 mendaci
1382 5337 1432 5390 spe
1443 5319 1702 5374 Thessalonicenses
1715 5319 1843 5386 lactasse,
1862 5321 1928 5375 dnm

230 5417 319 5456 annos
337 5402 433 5465 centn,
447 5401 555 5471 pluuiis
573 5409 599 5454 et
617 5402 763 5469 alporibus
783 5403 932 5455 aeratam?
951 5401 1065 5472 Quarto,
1090 5404 1182 5476 jubet,
1202 5421 1248 5460 eos
1267 5405 1339 5460 bono
1357 5406 1448 5459 animo
1463 5421 1524 5460 esse
1541 5404 1577 5458 ob
1596 5404 1751 5473 defunctos,
1769 5407 1817 5476 qui
1834 5413 1928 5461 nmen

231 5504 264 5541 ca
277 5488 495 5542 testimoniorum
503 5505 559 5558 pro
570 5489 741 5558 purpatorio
754 5489 942 5542 adductorum
954 5492 1065 5558 ponde-
1091 5490 1181 5545 missis
1199 5497 1228 5546 et
1244 5492 1384 5563 suffragiis
1404 5492 1441 5546 ad
1459 5492 1501 5545 sui
1519 5490 1713 5546 liberationem
1748 5492 1792 5546 vel
1809 5492 1927 5549 maxime

230 5574 351 5629 ratione.
399 5573 542 5628 Perianins
573 5574 602 5628 iu
636 5571 736 5643 topicis
776 5570 923 5644 theologie.
954 5575 1065 5630 unicum
1095 5576 1275 5648 indigebant,
1304 5576 1349 5632 rel
1372 5575 1537 5633 obliviosum
1564 5576 1712 5632 admodum
1732 5577 1833 5648 fnisse,
1864 5594 1928 5634 cum
