4104 6014
904 180 957 239 De
975 177 1113 239 MORTE.
1795 184 1856 245 ³05

162 346 271 395 rantur.
307 340 348 394 Et
365 338 417 395 hoc
435 340 541 411 ipsum,
561 342 638 412 quod
653 339 769 408 anpeiur
789 339 950 394 Iohannem
966 343 997 390 ut
1024 351 1049 389 v.
1070 341 1095 392 8.
1131 342 1156 393 5.
1175 336 1248 404 Quia
1273 336 1364 392 cultus
1383 336 1545 409 angelornm
1571 336 1608 393 ab
1630 334 1747 392 ethnicis
1771 335 1855 391 intro-

161 443 194 481 se
213 427 351 480 adoraret
365 427 518 497 proiibmt,
547 428 631 482 tacite
650 427 765 481 innuere
784 426 905 496 uidetur,
928 427 1000 495 fiori
1025 420 1125 476 ductus
1142 428 1191 478 est
1227 421 1308 479 Plato
1326 422 1512 478 constituebat
1528 425 1698 493 damnans,
1722 439 1791 495 qnos
1809 437 1854 476 ro·
1934 444 1937 451 ·

162 513 199 571 id
219 514 360 584 potur'sse,
385 513 445 567 nisi
466 512 549 567 alind
574 514 645 583 quiri
661 531 762 568 nouum
786 521 850 567 tunc
867 514 996 568 intercer-
1023 507 1106 564 sabat
1122 509 1194 580 ipse,
1220 526 1270 564 nos
1290 511 1421 583 angelos,
1447 509 1612 565 mediatores
1630 510 1702 565 inter
1718 508 1809 564 Βιιιιιι
1827 514 1855 566 et
1965 568 1972 581 ,

162 599 259 668 meet,
281 601 359 669 pund
379 598 487 653 scilicet
511 600 629 669 anpeins
651 599 703 654 :ste
728 617 876 655 conseram
900 603 996 667 factus
1022 594 1161 660 homines,
1186 601 1217 650 ut
1241 603 1359 667 apparet
1384 597 1525 668 exipsius
1543 595 1635 651 verbis
1654 596 1682 650 in
1700 595 1854 667 Symposio,

163 685 365 749 sssJotannr'r,
385 686 480 754 pomis
499 693 582 740 antea
602 704 657 740 non
669 687 774 754 fuerat
789 694 911 756 tempore
923 687 996 742 aiio·
1023 679 1071 735 ubi
1089 681 1214 738 Dictima
1231 682 1351 738 instituit
1364 683 1512 740 Socratem.
1551 685 1737 748 Daemonum,
1754 682 1854 756 inquit,

158 790 227 826 runs
249 772 388 826 euenum
408 771 467 826 Dei
484 772 534 825 neh
552 772 639 827 retas·
655 779 827 827 nocumento.
863 772 909 828 Sic
929 789 995 844 ergo
1021 776 1125 821 natura
1159 769 1328 823 intermedia
1361 778 1402 824 est
1431 771 1504 825 inter
1534 773 1617 825 desan
1649 777 1676 823 et
1698 770 1852 825 mantem.

163 864 223 913 tam
247 856 402 927 Pontificii,
431 874 513 928 quam
531 857 692 913 Photiniani
721 864 860 924 statuunt,
884 858 995 914 licuisse
1020 855 1189 924 interpretis
1213 865 1305 911 cunm
1330 865 1357 911 et
1372 857 1525 929 portitoris
1551 873 1663 912 munere
1686 858 1853 927 sunpuntur,

162 944 216 1000 snb
247 943 333 1000 reteri
363 949 526 999 usamenta
556 944 670 1015 angelos
695 945 820 1000 adorare.
868 944 995 1010 Causam,
1021 950 1051 996 ut
1073 942 1196 997 humana
1218 945 1260 997 ad
1283 946 1365 1016 deos,
1389 944 1488 999 diuina
1505 947 1548 999 ad
1564 945 1688 999 homines
1710 944 1854 999 transmit·

162 1046 252 1104 quare
270 1030 363 1101 angeli
380 1037 508 1085 recusent
528 1029 647 1093 adorari,
663 1029 801 1085 Pontificii
820 1029 944 1086 referunt
957 1031 994 1086 ad
1019 1035 1092 1099 tant,
1114 1029 1213 1084 horum
1232 1046 1332 1099 precer
1355 1040 1383 1084 et
1400 1032 1557 1101 samflcia,
1583 1032 1699 1087 iliorum
1716 1031 1854 1085 mandata

164 1117 241 1172 Filii
252 1116 312 1171 Dei
329 1117 559 1185 incensationem,
573 1114 733 1170 Photiniani
750 1117 786 1170 ad
800 1115 907 1171 Christi
919 1118 993 1172 exal·
1020 1120 1047 1167 et
1061 1117 1300 1171 remunerationes
1319 1134 1353 1171 ac
1367 1120 1499 1187 praemia
1516 1120 1645 1184 referant
1662 1120 1704 1172 ad
1721 1117 1852 1174 homines,

162 1205 310 1273 temonem,
337 1219 399 1257 cum
425 1202 528 1258 metim
555 1202 689 1256 referatur
713 1202 750 1257 sd
778 1204 893 1257 diurnae
923 1204 993 1272 lepis
1020 1199 1097 1254 ldem
1124 1201 1224 1257 docent
1250 1202 1420 1273 Porphyrius
1444 1203 1493 1260 lib.
1519 1211 1542 1260 2.
1570 1203 1603 1259 de
1624 1203 1792 1259 abshnentia
1814 1203 1852 1259 ab

161 1289 396 1361 prohibitionem:
415 1291 480 1343 Non
498 1289 612 1342 habebis
631 1289 820 1344 arcadianon
833 1308 929 1345 eornm
942 1307 993 1359 me,
1019 1286 1185 1342 animalibus
1207 1292 1236 1344 et
1257 1288 1414 1360 Appulejus
1442 1288 1502 1348 libr.
1525 1291 1560 1345 de
1585 1288 1763 1359 dogmatibus
1788 1290 1852 1346 Pla·

162 1375 199 1431 ad
224 1392 308 1446 quam
328 1373 388 1445 ipse
407 1374 522 1445 angelus
543 1374 595 1429 hoc
614 1374 674 1431 loco
692 1391 743 1429 nos
760 1376 889 1431 remittit:
923 1376 993 1431 Vide
1018 1372 1091 1427 tonis
1116 1380 1144 1428 et
1172 1374 1224 1429 deo
1250 1374 1377 1431 Socratis.
1415 1375 1504 1442 Quam
1523 1376 1725 1432 Platonicorum
1747 1376 1851 1447 opinio·

161 1461 324 1532 assereris,
335 1478 483 1515 conservus
494 1469 557 1515 tuus
573 1479 642 1531 rum,
658 1464 748 1516 Deum
760 1465 859 1519 adora
886 1469 925 1519 12.
942 1462 992 1519 Co·
1019 1476 1081 1514 nem
1107 1459 1201 1514 multis
1224 1460 1327 1516 refellit
1344 1461 1518 1534 Augustinus
1536 1463 1584 1520 lib.
1602 1469 1625 1520 0.
1644 1470 1673 1518 et
1692 1468 1732 1519 10.
1749 1463 1783 1520 de
1798 1463 1849 1520 cir.

161 1549 267 1604 ronidis
292 1548 352 1603 loco
379 1548 468 1603 notari
495 1554 586 1619 potest
610 1548 695 1615 illud,
722 1550 797 1620 quod
815 1549 945 1605 costerus
963 1550 992 1605 in
1018 1544 1071 1600 Dei
1089 1551 1118 1600 et
1134 1545 1251 1601 confess.
1271 1545 1318 1601 lib.
1343 1552 1379 1603 10.
1398 1564 1458 1618 cap.
1480 1553 1522 1608 42.
1558 1555 1582 1606 ti.
1601 1549 1673 1615 Quia
1692 1549 1784 1604 cultus
1802 1565 1849 1604 an·

162 1634 348 1705 explicatione
359 1634 442 1705 hujus
456 1634 612 1706 argumenti
619 1633 775 1691 iohannem
784 1634 992 1707 Evangelistam
1018 1631 1143 1703 gelorum
1162 1631 1198 1686 ab
1215 1631 1361 1687 haereticis
1380 1642 1580 1706 propugnatne,
1597 1636 1633 1690 ab
1651 1635 1849 1707 antiquissimis

162 1738 226 1777 cum
250 1720 378 1777 Johanne
396 1720 522 1793 Baptista
548 1721 647 1777 inscite
669 1722 828 1777 confundat.
865 1725 992 1793 Anystus
1018 1734 1083 1772 vero
1107 1718 1240 1773 ecclesiae
1262 1719 1418 1789 primitivae
1436 1720 1594 1776 doctoribus
1616 1726 1659 1777 est
1679 1722 1849 1792 repudiatus,

162 1808 264 1880 (inquit
280 1815 350 1878 part.
370 1813 394 1862 2.
412 1807 536 1865 concion.
555 1826 581 1878 p.
603 1810 655 1877 10.)
675 1826 694 1862 a
711 1809 843 1863 Jnhnnne
856 1811 991 1882 Baptista
1018 1809 1049 1859 ut
1067 1812 1162 1872 postea
1179 1805 1419 1862 demonstrabitur.
1517 1816 1521 1823 '

161 1912 218 1949 non
235 1894 367 1948 sustinuit
387 1894 510 1948 adorari
525 1895 681 1963 suspiciens
699 1895 729 1948 in
747 1912 780 1949 eo
797 1897 905 1950 eulmen
923 1913 990 1965 apo·
1051 1897 1109 1947 401.
1140 1891 1250 1962 Excipit
1268 1892 1452 1948 Bellarminus
1475 1894 1511 1949 de
1528 1900 1614 1950 sanct.
1632 1895 1706 1951 beat,
1723 1913 1785 1969 cap.
1805 1902 1847 1952 20.
1861 1900 1969 1950 excepero

160 1982 290 2036 muium
309 1988 335 2034 θ’
352 1981 509 2050 “flidffflm
526 1981 689 2052 Pssfiiflifm·
1018 1994 1088 2048 resp.
1104 1979 1140 2032 ad
1151 1985 1173 2035 2.
1186 1996 1244 2051 arg.
1257 1980 1415 2048 apostolum
1432 1981 1489 2037 Coi.
1512 1983 1538 2034 2.
1559 1983 1697 2035 damnare
1716 1983 1847 2038 haeresin
1861 1953 1990 2043 fppstscto-

62 2088 129 2138 unsa
194 2074 253 2125 400.
290 2072 313 2123 8.
345 2066 418 2130 Quia
445 2069 609 2122 sanctinon
628 2068 740 2122 suntin
759 2068 990 2139 honorepruese-
1019 2054 1142 2119 Simonis
1161 2066 1253 2135 Magi,
1274 2067 1324 2137 qui
1340 2066 1503 2122 Platonicos
1520 2075 1629 2122 reamur
1647 2070 1749 2138 docuit,
1767 2089 1847 2141 quos·
1859 2059 1972 2150 {2322

62 2141 148 2230 ’,Ἠ
159 2155 246 2209 rendi
270 2154 365 2208 alecus
388 2153 509 2222 anpelis,
535 2171 605 2222 quos
627 2153 757 2221 relipiose
782 2155 914 2207 invocare
935 2173 990 2209 non
1016 2152 1082 2204 dam
1106 2152 1223 2220 angelos
1242 2153 1410 2206 adorandos
1428 2154 1513 2222 puna
1535 2156 1657 2209 minores
1675 2157 1758 2226 deos,
1798 2159 1849 2228 qui

62 2241 237 2333 '‘flu-iicet,
266 2240 313 2295 ubi
339 2240 379 2296 sic
402 2240 606 2295 concludimus:
644 2241 731 2304 Quem
751 2239 882 2295 bonorem
901 2240 990 2295 beatis
1016 2244 1041 2290 et
1060 2239 1192 2290 mundum
1204 2237 1391 2307 fabricarunt
1409 2242 1845 2316 etperpropieetasioentieunt,

72 2307 94 2334 '‘
158 2327 266 2399 angelis
293 2326 400 2382 deferre
425 2344 479 2382 non
504 2326 653 2393 debemus,
681 2327 704 2379 ie
722 2327 805 2380 eham
825 2327 926 2380 sanctis
944 2326 990 2382 de·
1015 2342 1066 2379 nec
1087 2342 1169 2394 passe
1191 2326 1280 2379 mlum
1300 2327 1418 2396 placare
1436 2345 1571 2382 sumnmm
1588 2330 1685 2396 deum,
1709 2330 1758 2398 qui
1775 2330 1845 2385 inri-

158 2414 261 2469 functis
290 2431 345 2467 non
364 2420 406 2467 est
427 2412 604 2469 tribuendus:
631 2411 804 2482 Epiphanius
823 2412 927 2469 haeres.
950 2417 988 2469 79.
1015 2411 1106 2465 sitite
1135 2419 1187 2478 est,
1213 2413 1272 2466 nisi
1293 2431 1348 2483 per
1375 2415 1425 2468 tos
1454 2417 1579 2485 anpelos.
1622 2416 1845 2487 Respondemus:

159 2509 255 2556 conus
281 2498 430 2569 Collyrid.:
462 2498 498 2552 Si
523 2500 603 2552 Deus
634 2499 751 2568 onpctos
783 2500 906 2554 adorari
934 2518 990 2553 non
1019 2505 1040 2554 1.
1060 2498 1219 2568 religiosum
1238 2500 1398 2570 angelorum
1418 2503 1522 2555 cultum
1540 2501 1682 2573 spostolus
1700 2502 1784 2557 refert
1804 2503 1845 2556 in·

158 2588 225 2656 uult,
251 2594 357 2656 quanto
381 2586 471 2639 minus
495 2601 565 2650 mm,
591 2602 663 2654 quae
679 2585 773 2655 pensio
793 2594 833 2639 est
849 2586 885 2639 ab
904 2587 990 2640 Anna
1015 2590 1057 2639 ter
1084 2585 1325 2654 ιθελοθρησκειας,
1354 2593 1385 2640 ιιι
1412 2593 1490 2657 patet
1512 2605 1545 2643 ex
1569 2594 1655 2644 textu.
1694 2589 1760 2645 dam
1782 2607 1845 2644 vero

160 2673 306 2745 (Marinum
344 2672 410 2725 dam
436 2687 501 2737 sero
526 2671 657 2726 honorem
675 2671 821 2742 religiosae
840 2672 988 2729 invocatio·
1014 2672 1106 2726 cultus
1135 2671 1201 2736 ille,
1230 2690 1312 2743 quem
1336 2672 1476 2728 Pontificii
1500 2674 1607 2746 angelis
1635 2675 1777 2741 deferunt,
1805 2680 1847 2731 est

158 2762 201 2815 nis
221 2760 323 2814 sanctis
341 2758 447 2830 angelis
465 2757 572 2813 deferre
590 2775 645 2812 uon
663 2758 803 2813 debemus.
843 2758 918 2831 Ergo
937 2777 987 2815 nec
1015 2758 1244 2828 luriotpnonstu,
1276 2757 1434 2814 destituitur
1457 2761 1528 2814 enim
1556 2761 1650 2817 divino
1669 2763 1799 2818 mandato
1818 2768 1847 2819 et

158 2846 261 2901 sanctis
288 2845 434 2901 defunctis.
486 2845 622 2914 Majorem
652 2843 792 2900 Pontificii
824 2846 988 2915 concedunt,
1015 2843 1194 2914 praescripto.
1228 2849 1251 2898 2.
1275 2844 1412 2900 Concedit
1429 2845 1628 2916 Bellarminus,
1652 2850 1786 2904 damnari
1810 2850 1846 2904 ab

157 2933 209 2988 nisi
236 2932 311 3003 quod
337 2931 500 2998 existiment,
531 2929 636 2986 Mariae
669 2929 763 2986 deberi
796 2931 902 2986 cultum
935 2936 988 3004 hy·
1015 2931 1145 3002 apostolo
1166 2930 1248 2985 diam
1273 2933 1437 3000 nupciarum
1463 2935 1680 3005 oenmmionem,
1711 2952 1782 3004 quae
1805 2944 1846 2990 est

157 3019 310 3091 perdulias,
336 3036 400 3073 cum
419 3018 527 3088 angelis
545 3017 636 3098 duliae
653 3024 762 3072 tantum
781 3018 869 3073 honor
888 3020 988 3076 debes·
1015 3020 1079 3072 Deo
1099 3017 1231 3088 propria.
1273 3017 1360 3090 Atqui
1385 3016 1473 3074 honor
1497 3019 1643 3091 religiosae
1665 3021 1847 3078 invocationis

156 3114 208 3163 tur.
229 3104 413 3160 confirmatur
432 3119 495 3158 vero
515 3103 627 3174 majoris
647 3103 891 3167 connexionum,
912 3110 989 3177 qnod
1014 3108 1057 3158 est
1081 3104 1224 3159 veneratio
1247 3103 1309 3159 Deo
1336 3105 1455 3175 propria.
1499 3105 1581 3177 Ergo.
1608 3112 1632 3161 3.
1656 3107 1792 3163 Platonici
1818 3116 1847 3166 et
1899 3155 1908 3166 .

157 3193 254 3261 unpeii
274 3193 354 3246 nobis
380 3192 496 3260 adsint,·
521 3193 598 3260 quod
616 3192 647 3243 in
666 3192 794 3244 nonnitus
810 3210 861 3246 nos
879 3203 987 3264 peram,
1013 3206 1060 3245 ecs
1079 3191 1166 3245 secuti
1187 3189 1321 3245 haeretici
1339 3207 1397 3245 non
1417 3192 1561 3248 coluerunt
1580 3193 1693 3264 angelos
1712 3194 1772 3249 loco
1792 3194 1846 3249 Dei

157 3282 234 3351 puori
256 3286 352 3333 caetra
376 3279 453 3330 circa
476 3295 528 3332 nos
551 3284 686 3331 utaentur
706 3284 757 3332 etc.
793 3278 899 3345 Quodsi
921 3296 988 3353 ergo
1014 3277 1127 3345 summi,
1151 3277 1200 3332 sed
1223 3277 1301 3332 velut
1318 3276 1436 3333 minores
1455 3279 1589 3350 quosdam
1607 3282 1688 3345 deos,
1711 3297 1761 3351 per
1777 3298 1845 3352 qnos

157 3367 218 3421 illos
252 3365 379 3437 religiose
407 3365 536 3418 invocare
564 3380 619 3417 non
646 3362 725 3429 licet,
763 3371 867 3434 quanto
897 3367 987 3421 miuus
1014 3381 1137 3418 summus
1162 3363 1239 3419 Deus
1262 3364 1299 3417 sit
1324 3364 1484 3434 placandus.
1523 3366 1601 3421 Idem
1626 3366 1733 3421 fuciunt
1751 3367 1845 3422 Ponti·

157 3459 274 3512 motor.
294 3450 388 3523 quiin
407 3449 483 3504 coelo
501 3455 566 3504 sunt
583 3457 612 3504 et
628 3465 673 3503 res
693 3456 801 3505 nostras
819 3452 848 3507 in
865 3453 986 3523 particu-
1014 3450 1077 3514 ficii,
1097 3450 1162 3522 quis
1181 3451 1295 3521 angelos
1316 3457 1344 3505 et
1363 3456 1471 3505 sanctos
1490 3452 1620 3507 invocant
1638 3458 1670 3507 ut
1681 3454 1845 3510 mediatores

156 3542 207 3596 lari
233 3540 370 3611 ignorant
415 3535 494 3599 Quae
519 3545 560 3589 est
584 3538 660 3591 ratio
686 3540 720 3591 de
745 3540 867 3606 anpeir's,
896 3540 988 3611 inquit
1014 3543 1043 3590 et
1065 3536 1265 3591 intercessores.
1301 3535 1376 3607 Ergo
1400 3537 1435 3590 sd
1463 3536 1537 3607 ipsos
1566 3554 1675 3609 quoque
1692 3541 1846 3610 apostolica

156 3626 257 3682 Eccius
278 3626 306 3679 in
325 3623 475 3680 enchiridio
493 3640 553 3693 cap.
584 3630 622 3678 15.
643 3628 742 3679 eadem
761 3634 801 3678 est
818 3628 854 3680 de
872 3629 986 3696 narsetis,
1014 3621 1194 3693 praemonitio
1211 3623 1339 3692 pertinet.
1373 3620 1585 3693 Chrysostomus
1603 3623 1631 3678 in
1651 3642 1745 3682 comm.
1765 3626 1793 3681 h.
1812 3627 1845 3682 l.:

159 3715 209 3783 qni
230 3715 260 3766 in
279 3728 366 3781 repno
386 3710 526 3764 coelorum
552 3710 622 3780 ipsis
639 3719 703 3764 ment
722 3712 865 3781 aeqrrales.
902 3711 988 3768 Mino·
1015 3710 1086 3763 Sunt
1105 3709 1249 3770 nonnulii,
1274 3710 1323 3780 qui
1339 3709 1452 3777 dicunt,
1476 3728 1532 3764 non
1552 3719 1679 3783 oportere
1692 3729 1748 3782 per
1766 3715 1845 3770 Chri·

159 3817 216 3855 rem
242 3799 390 3870 probamus
409 3804 429 3853 l.
456 3796 521 3867 quia
539 3797 670 3868 religiosa
696 3798 858 3867 angelorum
876 3799 986 3853 invoca·
1013 3804 1085 3849 stum
1109 3795 1295 3850 reconciliari
1314 3803 1339 3848 et
1358 3796 1400 3849 ad
1418 3797 1533 3851 Patrem
1553 3800 1699 3864 condere,
1726 3803 1778 3855 sed
1792 3818 1846 3871 per

158 3888 197 3942 tio
224 3892 267 3940 est
290 3885 381 3940 cultus
405 3882 547 3955 ἄγραφος,
572 3883 732 3938 destituitur
758 3885 830 3938 enim
856 3886 987 3940 mandato
1015 3882 1138 3949 anpelos.
1180 3882 1337 3951 Propterea
1362 3880 1488 3951 (Paulus)
1516 3902 1626 3938 sursum
1650 3903 1684 3939 ac
1708 3887 1845 3955 deorsum,

62 3981 143 4025 ιιιιο.
157 3973 261 4037 divino,
289 3970 473 4026 exauditionis
507 3968 639 4040 promisso
670 3976 698 4024 et
728 3970 851 4040 probatis
880 3973 987 4042 piorum
1014 3985 1085 4038 quae
1104 3970 1140 4023 de
1161 3968 1272 4022 Christo
1290 3977 1371 4038 sunt,
1401 3976 1503 4024 uersat.
1538 3969 1644 4025 Eodem
1662 3972 1743 4025 modo
1760 3988 1845 4044 expo-

157 4059 299 4129 exemplis.
346 4057 424 4124 Quae
455 4057 484 4112 in
508 4057 675 4111 contrarium
702 4074 719 4111 a
743 4057 897 4113 Pontificiis
926 4077 987 4129 pro·
1013 4060 1083 4108 nunt
1103 4054 1287 4110 Oecumenius
1304 4060 1333 4110 et
1346 4053 1582 4126 'lbeophylsctus
1615 4056 1680 4112 dans
1697 4073 1763 4113 vero
1781 4074 1844 4114 con·

157 4147 298 4209 feruntur,
323 4161 373 4199 suo
400 4143 460 4199 loco
482 4143 662 4199 excutientur.
698 4149 720 4199 2.
747 4142 820 4209 Quia
838 4153 880 4200 est
896 4145 988 4201 cultus
1013 4148 1083 4208 stat,
1105 4140 1265 4196 Pontificius
1285 4142 1381 4197 itidem
1399 4141 1515 4208 docere,
1538 4142 1613 4213 quod
1630 4143 1667 4197 sd
1687 4142 1777 4198 Deum
1794 4162 1844 4216 per

157 4232 337 4307 ἀντίγραφοι.
376 4230 520 4300 Scriptura
546 4231 618 4286 enim
641 4231 691 4285 uni
714 4247 748 4285 ac
773 4231 823 4286 soli
842 4249 907 4287 vero
925 4231 987 4287 Deo
1013 4228 1127 4298 angelos
1152 4233 1181 4282 et
1198 4234 1307 4282 sanctos
1325 4233 1458 4298 tanquam
1475 4227 1640 4283 mediatores
1657 4229 1843 4285 accedendum

158 4320 303 4391 religiosae
316 4316 485 4372 adorationis
497 4317 604 4371 cultum
623 4316 744 4372 exbiberi
757 4316 861 4386 jubens
875 4334 907 4372 eo
927 4319 988 4387 ipso
1013 4315 1057 4369 sit.
1093 4315 1168 4384 Ergo
1187 4314 1319 4369 hactenus
1339 4322 1367 4369 et
1385 4315 1437 4369 hoc
1456 4323 1583 4384 respectu
1601 4332 1663 4369 cum
1682 4315 1753 4380 illis,
1773 4334 1843 4388 quos

157 4408 193 4462 ab
221 4406 331 4477 objecto
357 4402 502 4473 religiosae
527 4402 696 4457 adorationis
716 4402 830 4474 angelos
857 4404 987 4472 excludit,
1012 4401 1114 4456 refellit
1131 4401 1282 4470 apostolus,
1304 4401 1488 4456 consentiunt.
1520 4408 1544 4456 4.
1563 4401 1626 4456 Νοιι
1644 4410 1685 4458 est
1698 4403 1843 4463 verisimile

156 4493 230 4549 unde
254 4489 395 4561 spostolus
416 4488 517 4544 Coloss.
537 4495 567 4557 2,
589 4507 615 4543 r.
638 4494 676 4546 18.
697 4490 803 4543 cultum
824 4490 986 4556 anpeiornrn
1013 4504 1103 4558 neque
1122 4504 1156 4541 ex
1174 4486 1344 4557 Epiphanio,
1369 4486 1544 4542 Theodoreto
1564 4493 1593 4543 et
1608 4488 1669 4542 aliis
1687 4489 1759 4545 bunc
1777 4492 1841 4547 hae·

156 4579 241 4634 refert
266 4577 338 4632 inter
360 4577 589 4645 itriotpnmrstnc
620 4576 788 4631 seductrices
809 4591 842 4629 ac
859 4575 920 4631 Deo
937 4575 987 4628 mi·
1012 4573 1085 4628 resin
1111 4571 1333 4627 describentibus
1357 4572 1452 4644 colligi
1476 4578 1581 4643 potest,
1609 4574 1684 4643 quod
1710 4575 1842 4633 haeretici

157 4682 209 4720 nus
228 4670 332 4736 gratas.
370 4667 394 4716 3.
425 4660 498 4725 Quia
516 4661 610 4734 angeli
632 4661 818 4716 destituuntur
837 4660 985 4725 attributis,
1011 4660 1052 4714 illi
1080 4658 1189 4714 disertis
1214 4666 1242 4714 et
1260 4659 1374 4714 exsertis
1393 4659 1485 4714 serbis
1505 4658 1643 4716 Christum
1663 4662 1745 4732 plane
1761 4681 1841 4735 repu-

157 4768 228 4823 quae
251 4750 280 4805 in
304 4747 449 4819 religiosae
475 4747 642 4803 waradonis
667 4747 776 4819 objecto
800 4747 986 4818 requiruntur,
1012 4745 1158 4812 disverint,
1179 4744 1244 4815 quia
1263 4745 1331 4800 alias
1350 4762 1406 4800 non
1421 4746 1537 4815 amphus
1552 4747 1669 4803 fuissent
1682 4748 1840 4818 Christiani,

156 4836 333 4909 nequeenim
352 4834 699 4900 suntomnisciiMarc.13,
726 4838 799 4889 ι.32.
817 4849 908 4905 neque
920 4840 985 4889 sunt
1011 4833 1060 4887 sed
1079 4831 1225 4887 voluerunt
1236 4830 1346 4887 Christo
1366 4832 1509 4887 mediatori
1527 4833 1596 4888 alios
1615 4834 1767 4906 adjungere
1786 4854 1840 4892 me·

158 4924 369 4993 omnipotentes,
388 4920 436 4974 sed
456 4924 562 4974 tantum
582 4925 708 4989 potentes
727 4919 800 4976 Pssl.
822 4926 878 4992 103,
898 4940 923 4978 v.
944 4926 984 4976 20.
1010 4919 1138 4979 dismres.
1157 4922 1267 4972 sanctos
1286 4917 1393 4973 scilicet
1413 4919 1607 4991 angelumque
1627 4921 1736 4976 nomine
1755 4922 1839 4977 etiam

158 5028 247 5082 neque
270 5016 334 5063 sunt
352 5006 598 5077 omnipraesentes,
615 5005 664 5059 sed
682 5022 698 5060 e
717 5007 794 5060 coelo
814 5007 850 5060 ad
869 5023 919 5061 nos
939 5005 985 5062 de·
1009 5006 1046 5060 ab
1072 5004 1198 5076 apostolo
1224 5002 1470 5073 reprehenduntur.
1518 5005 1595 5062 idem
1616 5006 1724 5062 faciunt
1744 5007 1838 5063 Ponti·

157 5098 294 5153 scendunt
312 5099 341 5150 et
359 5090 546 5156 adscendunt,
569 5106 659 5161 neque
677 5097 742 5146 sunt
761 5096 886 5146 auctores
905 5093 985 5148 bene·
1009 5092 1073 5147 ficii.
1098 5090 1173 5163 Ergo
1193 5095 1222 5146 et
1239 5090 1289 5145 hos
1306 5092 1447 5160 apostolus
1465 5093 1651 5166 perstringere
1664 5095 1762 5151 memte
1776 5110 1838 5150 cen-

156 5185 281 5241 ticiorum
299 5178 484 5252 spiritualium
505 5188 534 5233 et
551 5175 728 5238 coelestium,
752 5191 843 5247 neque
862 5176 891 5231 in
911 5178 985 5248 ipsos
1010 5189 1092 5234 satur.
1131 5183 1153 5233 5.
1178 5175 1374 5243 Concedimus,
1398 5176 1556 5234 Pontificios
1583 5179 1613 5234 in
1637 5196 1669 5234 eo
1691 5197 1747 5236 non
1766 5183 1837 5237 tueri
1852 5191 1931 5233 tvm.
1944 5190 1990 5236 ltu.

157 5270 247 5326 cordis
274 5267 361 5324 nostri
385 5263 489 5320 fiducia
509 5260 637 5317 collocari
660 5267 751 5332 potest
768 5267 820 5316 etc.
856 5268 882 5317 4.
911 5263 986 5328 Quia
1010 5265 1127 5322 Simonis
1147 5263 1223 5334 Magi
1245 5262 1382 5330 haeresin,
1410 5265 1485 5335 quod
1502 5264 1712 5320 fabricationem
1732 5267 1836 5336 mundi,

157 5357 267 5428 ipsimet
285 5353 377 5425 angeli
394 5351 499 5406 cultum
514 5346 682 5404 ademtimis
700 5346 754 5401 sibi
771 5346 893 5403 delatum
904 5365 984 5420 repn-
1009 5351 1175 5407 locutionem
1202 5365 1252 5419 per
1280 5348 1430 5419 prophetas
1453 5358 1481 5406 et
1504 5350 1698 5407 redemtionem
1724 5352 1836 5410 humani

157 5445 243 5509 diunt,
261 5446 293 5495 ut
310 5437 486 5511 probavimus
504 5448 536 5487 ex
547 5434 636 5505 Apoc.
659 5439 699 5504 tt,
719 5452 743 5489 r.
766 5440 805 5491 10.
823 5441 851 5490 et
868 5451 928 5506 esp.
943 5441 985 5502 22,
1011 5437 1120 5511 generis
1136 5443 1270 5507 tanquam
1288 5452 1357 5507 opus
1371 5436 1445 5492 Filio
1464 5436 1532 5506 Dei,
1550 5444 1582 5493 ut
1599 5437 1726 5509 putabat,
1746 5440 1835 5514 indig-

209 5534 311 5578 annuet
322 5533 371 5577 lost.
388 5528 445 5576 t'lll·
1464 5543 1497 5595 20
