4104 6014
219 252 281 309 eoo
512 320 513 323 p
811 239 933 298 nocua
952 237 1321 298 memmaaasmus

220 397 254 452 de
280 395 419 466 baptismo
460 395 572 465 proprie
606 395 694 463 dicto,
727 395 758 450 id
786 401 829 450 est
857 394 892 449 de
924 391 1055 462 baptismi
1081 400 1164 464 μεθα.
1214 395 1361 449 Praeterea
1390 400 1535 449 contextus
1566 393 1694 464 requirit,
1725 397 1757 446 ut
1783 391 1812 446 iu
1832 392 1918 448 tertia

220 489 410 548 sacramento,
440 480 582 551 apostolus
608 481 745 553 loquatur.
793 479 980 536 Bellarminus
1005 494 1055 548 pro
1083 496 1200 549 persona
1220 481 1329 552 legatur
1350 486 1542 550 βαπτίζονται,
1570 479 1637 551 quia
1661 479 1690 533 in
1708 495 1785 550 seqq.
1804 479 1918 534 damam

221 586 273 624 sua
293 567 520 637 interpretatione
540 567 670 636 producit
688 566 866 638 Ephremum,
884 565 934 621 sed
954 564 1055 620 Salme·
1083 565 1118 621 de
1136 566 1193 620 suis
1212 566 1343 637 periculis
1362 567 1504 636 apostolus
1523 566 1657 620 disserere
1673 565 1786 634 incipit,
1806 565 1919 635 quaudo

208 668 280 712 ,rom
305 653 331 706 d.
345 652 361 708 l.
380 671 407 721 p.
427 657 484 707 111.
498 669 628 722 expresse
641 653 717 719 dicit,
738 654 910 721 Ephremum
927 651 999 704 nihil
1021 652 1056 702 de
1082 668 1184 706 norum
1214 669 1265 722 pro
1294 652 1466 707 adstruenda
1493 651 1693 708 resurrectione
1723 656 1919 720 argumentum

223 737 392 806 baptismate
409 739 491 790 unius
508 756 565 809 pro
583 739 674 792 altero
693 738 783 806 loqui,
803 738 877 791 uude
897 737 979 792 etiam
998 733 1056 789 Sal·
1083 738 1195 808 profert.
1236 744 1260 792 7.
1278 738 1321 792 Ex
1339 755 1388 808 eo,
1415 738 1490 809 quod
1510 738 1624 808 quidam
1642 740 1722 790 orant
1739 753 1772 790 ac
1787 737 1922 806 jejunant

222 839 324 878 maron.
344 839 377 875 er
390 822 557 893 antiquitate
571 822 636 876 huic
647 823 810 892 expositioni
824 822 910 877 robur
922 836 1056 893 quaerens
1082 839 1132 893 pro
1157 824 1285 893 mortuis,
1318 840 1373 878 uon
1398 832 1492 895 posset
1522 823 1663 894 apostolus
1688 824 1808 892 probare
1829 839 1920 877 resur·

221 924 278 963 non
297 908 418 978 assurgit
438 909 522 963 altius
542 926 625 979 quam
643 909 680 962 ad
693 908 885 964 Bernhardum
904 907 1056 963 etPetrum
1082 909 1239 976 rectionem,
1258 909 1324 980 quia
1344 916 1440 964 oratur
1458 926 1490 964 ac
1504 911 1655 981 jejunatur,
1675 924 1731 961 non
1751 915 1783 962 ut
1801 924 1920 978 corpora

222 993 449 1057 cluniacensem,
479 1010 548 1064 quos
574 994 677 1062 primos
707 995 789 1065 hujus
824 992 1056 1064 interpretationis
1082 1001 1244 1064 resurgant,
1270 995 1318 1048 sed
1336 1002 1368 1049 at
1385 994 1494 1049 animae
1511 1012 1544 1049 er
1562 993 1717 1065 purgatorii
1735 994 1832 1063 poenis
1850 994 1919 1049 libe·

221 1080 320 1134 laudat
349 1085 481 1134 auctores.
523 1078 611 1150 Atqui
646 1087 764 1147 constat,
793 1080 903 1134 illorum
933 1086 1056 1148 tempore
1082 1086 1184 1133 rentur.
1220 1079 1337 1149 Regerit
1362 1080 1546 1135 Bellarminus
1572 1081 1748 1149 qrmestsbnes
1771 1082 1808 1133 de
1824 1097 1919 1134 resur-

222 1166 322 1220 multas
352 1164 560 1234 superstitiones
587 1166 615 1219 in
643 1166 788 1221 ecclesiam
814 1166 940 1236 jamdum
970 1163 1057 1218 fuisse
1082 1165 1203 1218 rectione
1221 1173 1248 1217 et
1271 1165 1383 1218 anirnue
1400 1166 1613 1219 immortalitate
1638 1174 1759 1236 tempore
1777 1167 1919 1234 apostolo-

119 1284 125 1295 =
221 1260 355 1322 receptas.
399 1257 422 1306 3.
445 1251 488 1307 Ne
512 1251 565 1321 ipsi
589 1253 701 1322 quidem
718 1252 860 1307 Pontificii
885 1252 974 1307 eidem
992 1266 1055 1303 cou-
1081 1268 1143 1302 rum
1162 1251 1203 1302 ita
1214 1251 1312 1317 fassae
1331 1252 1509 1318 conjunctas,
1537 1259 1567 1304 ut
1589 1270 1643 1319 pro
1661 1269 1718 1304 una
1739 1251 1917 1306 habeantur.

222 1345 328 1392 stanter
344 1337 483 1391 insistunt.
519 1337 664 1393 Cornelius
682 1355 700 1392 a
717 1339 826 1408 Lapide
844 1338 872 1392 iu
891 1355 989 1393 comm.
1004 1335 1055 1390 hoe
1082 1334 1137 1390 Sed
1156 1352 1211 1389 uon
1230 1343 1272 1389 est
1301 1336 1463 1401 verisimile,
1492 1337 1636 1391 distinctas
1659 1337 1721 1390 illas
1742 1337 1919 1409 quaestiones

221 1425 283 1480 laco
303 1423 426 1478 omnium
449 1424 688 1491 simplicissimam
713 1432 739 1478 et
751 1425 954 1493 planissimam
971 1424 1055 1475 inter·
1081 1436 1132 1490 pro
1150 1435 1207 1474 una
1224 1421 1389 1490 simpliciter
1408 1422 1494 1475 fuisse
1517 1421 1640 1490 habitas,
1665 1439 1728 1475 cum
1755 1421 1817 1477 aliis
1835 1439 1918 1493 argn-

149 1532 155 1539 ·
214 1509 406 1579 pretationem
438 1525 498 1563 esse
529 1508 596 1562 dicit
624 1526 701 1573 eam,
732 1525 816 1579 quam
845 1507 1055 1578 chrysostomus
1081 1505 1180 1560 mentis
1200 1506 1308 1561 animae
1327 1507 1529 1570 immortalitas,
1550 1508 1611 1562 aliis
1630 1524 1695 1562 vero
1713 1525 1858 1577 corporum
1875 1526 1918 1564 rs·

219 1593 342 1665 profert,
373 1602 402 1646 at
439 1594 511 1661 quid
537 1595 658 1664 proprie
701 1595 866 1663 baptismum
899 1593 1055 1664 resupinat
1081 1592 1214 1646 surrectio
1233 1592 1443 1649 demonstretur.
1480 1599 1503 1649 8.
1523 1593 1564 1646 Ex
1585 1609 1627 1659 eo,
1647 1593 1848 1662 quodquidam
1866 1611 1918 1664 pro

219 1696 313 1734 omnes
332 1680 431 1743 fideles
446 1697 503 1747 pro
521 1695 570 1748 epe
591 1679 804 1734 resurrectionis
823 1696 858 1733 eu
875 1679 992 1732 mortuis
1011 1678 1055 1730 vel
1082 1677 1195 1731 mortuis
1210 1693 1241 1731 se
1254 1678 1390 1749 affligant,
1404 1695 1459 1732 non
1481 1684 1575 1748 posset
1588 1678 1729 1747 apostolus
1741 1680 1918 1734 resurrectio·

215 1772 367 1834 praetuta
391 1772 579 1832 mortuorum,
604 1773 634 1817 ut
663 1766 693 1818 in
721 1782 753 1818 eo
771 1765 832 1818 iliis
856 1771 1055 1834 postmortem
1082 1779 1145 1818 nem
1160 1764 1286 1833 probare.
1321 1764 1375 1828 Qui
1395 1764 1469 1817 euim
1483 1782 1538 1817 non
1552 1764 1918 1820 credideruntresurrectio-
1982 1802 1996 1810 -

219 1853 258 1905 sit
279 1852 354 1916 bene,
373 1852 400 1902 ai
416 1851 521 1904 mortui
538 1869 594 1904 non
614 1853 785 1920 resurpunti
826 1851 925 1920 Utique
941 1852 1056 1914 fnestra
1081 1864 1157 1911 nem,
1188 1848 1229 1902 illi
1258 1850 1302 1904 vel
1329 1849 1447 1904 maxime
1471 1867 1522 1919 pro
1551 1849 1665 1902 mortuis
1690 1865 1721 1903 se
1750 1849 1918 1914 afflixerunt,

220 1937 271 1990 hoe
285 1936 411 2002 faciunt.
456 1941 481 1990 4.
502 1935 687 1990 Bellarminus
712 1936 817 2006 primae
835 1933 1055 2005 interpretationi
1082 1933 1249 2005 eosdemque
1279 1935 1442 2006 gravissime
1480 1935 1624 2002 luxerunt,
1666 1935 1740 1989 unde
1775 1937 1918 2005 apostolus

221 2021 337 2092 opponit
346 2021 398 2076 hoe
409 2026 612 2093 argumentum,
622 2024 698 2092 quad
707 2022 929 2074 nullusoeterum
941 2021 1053 2074 1111111-
1086 2026 1106 2075 1.
1124 2019 1221 2074 Thess.
1242 2027 1274 2084 1,
1300 2039 1326 2076 v.
1351 2026 1387 2075 13.
1405 2020 1576 2074 Christianos
1597 2021 1742 2086 admonet,
1757 2037 1793 2074 ne
1812 2025 1918 2076 contri·

222 2125 319 2162 aarum
338 2109 443 2177 tradat,
463 2116 585 2177 tempore
599 2108 791 2177 apostolorum
802 2107 937 2161 nudatum
955 2106 1054 2172 111111,
1082 2114 1191 2160 utentur
1209 2124 1244 2161 ae
1256 2109 1369 2175 tepeant
1386 2108 1457 2160 sieut
1471 2107 1576 2176 reliqui
1593 2125 1671 2176 spem
1684 2109 1917 2177 (resurrectionis)

221 2195 297 2264 quod
320 2194 427 2263 aliquia
451 2195 562 2247 nornine
585 2194 671 2245 amici
695 2195 740 2246 sui
763 2194 824 2245 sine
844 2193 982 2260 baptismo
1009 2194 1054 2245 de·
1082 2210 1138 2246 non
1190 2194 1328 2250 habentes.
1402 2195 1482 2256 Quae
1536 2195 1630 2249 omnia
1672 2192 1916 2250 Bellarmiuianam

222 2281 318 2346 functi
337 2280 504 2348 baptismum
523 2280 684 2347 susceperit.
721 2277 827 2333 Eodem
846 2278 927 2332 modo
945 2277 1055 2332 conclu·
1081 2277 1164 2348 hujus
1204 2279 1270 2333 dicti
1308 2279 1536 2348 depravationem
1572 2279 1702 2334 salsitatis
1737 2280 1918 2337 convincunt

225 2367 316 2421 dimus
351 2371 448 2420 contra
482 2364 643 2418 Bellarmini
678 2363 943 2434 interpretationem,
978 2363 1053 2434 quod
1082 2362 1232 2419 Salmeron.
1262 2365 1350 2419 latum
1381 2365 1440 2419 luto
1464 2383 1587 2436 purgans
1618 2372 1647 2420 et
1676 2381 1795 2419 errorem
1826 2384 1920 2423 errore

220 2452 314 2507 nullas
348 2450 541 2504 historicorum
576 2449 676 2514 madet,
711 2457 835 2518 tempore
868 2450 1054 2520 apostolorum
1082 2450 1226 2503 cumulans
1244 2450 1280 2504 ad
1302 2467 1403 2520 aquam
1423 2451 1565 2505 lustralem
1587 2451 1721 2519 confugit.
1759 2453 1861 2520 Adde,
1877 2453 1918 2506 in·

221 2539 354 2593 usitatum
372 2536 474 2598 luisse,
494 2539 526 2588 ut
548 2533 717 2604 baptismum
740 2536 926 2605 laerymarum
944 2543 974 2590 et
989 2552 1054 2605 poe·
1082 2535 1157 2606 quit,
1194 2537 1272 2604 quod
1300 2553 1375 2604 aqua
1407 2536 1551 2590 benedicta
1589 2538 1646 2591 sive
1677 2539 1807 2605 lustrali,
1845 2557 1918 2608 quae

221 2622 353 2678 nitentiae
383 2636 434 2691 pro
463 2618 601 2673 defunctis
634 2637 668 2674 ex
705 2620 866 2691 purgatorio
905 2620 1055 2676 liberandis
1082 2621 1214 2690 baptismi
1230 2622 1382 2690 symbolum
1407 2631 1461 2688 est,
1484 2630 1510 2674 et
1532 2640 1590 2690 qua
1614 2622 1644 2676 in
1673 2624 1801 2692 inpressu
1818 2627 1919 2695 templi

220 2707 400 2778 susciperent.
426 2704 600 2761 Contranum
614 2705 706 2775 potius
722 2705 863 2776 colligitur
876 2723 909 2761 ex
925 2707 1054 2762 1.Thess.
1081 2709 1179 2772 fideles
1197 2725 1290 2762 omnes
1314 2711 1439 2773 frontem
1457 2710 1564 2779 tinpere
1587 2719 1800 2776 consueuerant,
1825 2712 1917 2767 solent

220 2800 250 2862 4,
278 2810 304 2850 r.
327 2797 367 2848 13.
387 2791 498 2864 quoda
521 2790 618 2863 gentili
645 2792 844 2847 consuetudine
861 2792 1006 2863 affligendi
1025 2810 1055 2848 se
1081 2793 1166 2846 etiam
1185 2794 1316 2859 defuncti
1338 2794 1475 2864 adsperpi
1499 2802 1525 2849 et
1548 2803 1725 2848 monueranta
1744 2805 1918 2852 neomuernm

219 2896 270 2951 pro
289 2878 404 2933 mortuis
422 2877 540 2948 apostoli
559 2876 731 2932 Christianos
755 2879 952 2936 revocaverint.
987 2881 1054 2934 Pro·
1076 2879 1175 2948 perlui
1193 2887 1218 2932 et
1235 2881 1369 2947 lustrari,
1392 2888 1422 2932 ut
1447 2881 1488 2933 ita
1515 2881 1614 2949 aliqua
1632 2881 1743 2934 ratione
1763 2897 1809 2936 eos
1826 2883 1917 2951 bapti·

221 2964 298 3021 ducit
321 2964 507 3021 Bellarminus
535 2963 678 3019 historiam
707 2965 742 3020 de
773 2964 907 3020 sacrificio
932 2982 982 3036 pro
1006 2966 1051 3021 de·
1080 2966 1313 3033 aareeideamar,
1331 2973 1381 3018 aut
1394 2967 1493 3034 potius
1510 2967 1781 3037 neumasensium
1796 2971 1917 3037 adsper-

218 3053 321 3109 fuuetis
346 3069 379 3107 ex
399 3051 531 3107 111111.
550 3057 590 3107 12.
609 3051 658 3106 sed
678 3052 714 3106 de
734 3050 788 3105 boa
812 3051 873 3106 loco
890 3049 1053 3123 apocrypho
1079 3052 1179 3119 piruur.
1225 3051 1282 3105 Sed
1310 3051 1345 3105 de
1368 3068 1444 3121 aqua
1467 3051 1576 3107 lustrali
1597 3052 1727 3107 hocloco
1746 3069 1830 3125 agere
1848 3071 1915 3124 apo·

220 3141 341 3194 diximus
359 3138 494 3208 superius.
531 3144 554 3192 5.
568 3136 726 3207 Baptismus
744 3136 948 3207 metaphoricae
967 3139 1052 3194 Marc.
1080 3137 1149 3191 stolo
1180 3154 1215 3190 ue
1233 3136 1262 3190 iu
1281 3142 1401 3191 mentem
1419 3137 1532 3208 quidem
1559 3138 1648 3202 venit,
1681 3156 1715 3193 ac
1739 3141 1913 3196 consuetudo

223 3233 262 3290 10,
282 3245 308 3280 v.
325 3231 366 3280 38.
388 3224 454 3279 Luc.
478 3230 522 3292 12,
543 3240 570 3279 v.
591 3231 632 3280 50.
652 3223 845 3294 complectitur
862 3224 946 3279 etiam
964 3225 1053 3293 ipsam
1079 3223 1128 3277 illa
1155 3223 1299 3277 defunctos
1324 3240 1398 3294 aqua
1427 3224 1534 3278 lustrali
1570 3225 1755 3294 adspergeadi
1795 3242 1851 3280 nou
1879 3243 1914 3281 ex

219 3318 349 3375 mortem,
372 3327 405 3364 ac
428 3328 494 3364 num
521 3311 605 3364 etiam
632 3327 682 3381 pro
700 3310 839 3365 defunctis
857 3328 873 3365 e
889 3311 1052 3380 purgatorio
1081 3310 1223 3378 Scriptura
1241 3328 1263 3364 s.
1289 3309 1338 3363 sed
1367 3327 1400 3364 ex
1427 3309 1573 3380 gentilium
1597 3311 1798 3366 cousuetudine
1814 3317 1843 3367 et
1860 3329 1907 3367 ue·

219 3397 370 3452 liberandis
387 3397 482 3451 licebit
497 3395 549 3451 sibi
569 3397 622 3468 ipsi
634 3402 749 3451 mortem
764 3397 953 3451 consciscere?
984 3403 1008 3451 6.
1023 3397 1051 3454 Si
1080 3395 1266 3466 erobaptismo
1286 3395 1511 3450 Marcionitarum
1531 3396 1667 3467 originem
1687 3397 1773 3452 duxit.

219 3482 343 3553 apostolo
371 3482 541 3554 propositum
571 3482 671 3536 fuisset
701 3483 736 3537 de
766 3482 965 3537 afflictionibus
1002 3499 1052 3552 pro
1115 3487 1173 3538 269.
1209 3488 1232 3538 1.
1252 3481 1349 3538 Matth.
1369 3489 1399 3550 5,
1420 3500 1446 3535 v.
1466 3488 1507 3537 25.
1526 3489 1554 3538 et
1571 3483 1641 3536 Luc.
1660 3488 1707 3550 12,
1725 3501 1750 3537 v.
1770 3488 1818 3538 58:
1838 3485 1944 3538 Estol-
1959 3491 1993 3530 1³¹

222 3568 360 3625 defunctis
383 3577 481 3639 sponte
508 3569 642 3638 susceptis
669 3586 766 3640 agere,
798 3586 854 3623 uon
882 3568 998 3623 dixisset
1024 3569 1052 3623 in
1078 3568 1251 3622 consentiens
1270 3568 1438 3622 aduersario
1458 3577 1505 3622 tuo
1524 3556 1682 3636 eito,'dnm
1700 3584 1730 3621 es
1748 3585 1860 3622 cumea
1881 3542 2041 3634 inlfiss'fft'

220 3671 339 3726 persona
363 3654 459 3719 tertia,
495 3655 565 3723 quid
574 3655 705 3721 sacient,
730 3657 779 3723 qui
796 3655 975 3723 baptizantur
994 3671 1052 3724 pro
1077 3655 1141 3722 uia,
1159 3670 1194 3706 ne
1211 3654 1289 3718 sorte
1310 3656 1408 3706 tradat
1425 3662 1451 3707 te
1470 3654 1654 3706 aduersarius
1665 3653 1765 3722 judici
1782 3663 1809 3707 et
1818 3656 1912 3723 judea
1925 3644 2030 3737 {⁴⁰le

221 3741 360 3794 marteris?
379 3740 427 3792 sed
446 3740 475 3793 in
493 3740 583 3809 prima
600 3757 733 3810 persona,
760 3740 826 3811 quid
845 3741 985 3803 faciemus,
1004 3741 1052 3811 qui
1078 3740 1183 3794 tortori
1209 3745 1235 3791 et
1260 3739 1384 3792 mittaris
1403 3740 1433 3792 in
1455 3755 1605 3794 carcerem.
1651 3744 1738 3794 Arnen
1762 3741 1827 3794 dieo
1852 3742 1912 3805 tibi,
1926 3723 1977 3786 rs‘on
1991 3725 2031 3788 ‹3¹-

219 3825 397 3896 baptizamur
416 3843 465 3895 pro
489 3827 618 3892 mortuis,
648 3826 715 3896 quia
740 3843 834 3881 ornnes
852 3825 1000 3880 Christiani
1019 3840 1051 3879 ex
1079 3843 1134 3879 non
1152 3826 1238 3879 exibis
1252 3826 1326 3889 inde,
1345 3827 1434 3879 donee
1452 3826 1558 3878 reddas
1575 3825 1755 3878 nutrierimum
1769 3799 2044 3893 quariran·{1¹'„⁸,'„¹,udo

220 3911 368 3983 hypothesi
391 3909 600 3966 Pontificiorum
626 3929 704 3966 orare
728 3912 832 3967 debent
855 3929 906 3982 pro
928 3912 1049 3966 mortuis.
1078 3920 1141 3979 tem,
1160 3911 1277 3986 uliper
1294 3911 1368 3963 uiam
1381 3909 1514 3979 intelliqit
1526 3910 1598 3963 itane
1612 3910 1704 3979 eitam,
1723 3926 1778 3978 per
1783 3912 1913 3981 judicem
1926 3903 2005 3943 '⁰¹¹⁸'

220 3998 539 4072 RegeritBellarmiuas,
558 3987 1051 4068 apostolumerprcmeutarioalaisae
1079 3997 1235 4064 Cirristurn,
1259 4014 1314 4067 per
1344 3995 1540 4049 aduersarium
1565 3996 1626 4048 Dei
1655 3996 1743 4062 lepem
1767 4000 1913 4053 cornaria
1926 3956 2050 4056 ln⁰nll⁸llre

218 4105 273 4142 nen
300 4105 317 4138 α
336 4085 534 4140 amusaetndine
562 4085 800 4154 Christianorum,
826 4102 897 4154 quae
919 4094 1052 4153 tauquam
1078 4083 1161 4136 carni
1182 4082 1405 4151 praecipientem
1432 4082 1490 4135 siue
1518 4081 1728 4146 conscientiam,
1757 4099 1829 4152 quae
1852 4087 1915 4140 Dei
1926 4058 2036 4099 ‘mm‘

219 4190 293 4225 noea
309 4172 395 4238 rejici
410 4171 544 4239 potuisset
561 4171 596 4223 ab
615 4171 783 4236 incredulis,
802 4173 854 4224 sed
872 4189 890 4223 a
911 4178 1052 4224 coresuetu·
1079 4171 1165 4238 lupam
1183 4186 1290 4237 semper
1304 4168 1400 4235 adiicit
1415 4168 1555 4237 peccanti,
1569 4184 1624 4236 per
1640 4168 1783 4222 ministros
1797 4172 1915 4240 anpelos

220 4259 286 4312 dine
315 4259 509 4324 Jrrdaearum,
547 4258 596 4326 qui
624 4273 700 4309 more
731 4257 818 4310 ueteri
847 4264 872 4309 et
900 4258 1052 4309 seeundum
1078 4257 1135 4310 sive
1154 4256 1247 4322 bonos,
1266 4255 1323 4309 siue
1343 4254 1441 4319 mulos,
1457 4269 1514 4322 per
1532 4270 1673 4308 aaronem
1692 4255 1844 4321 infernum,
1858 4274 1914 4327 per

220 4343 435 4412 Scripturarum
464 4343 591 4411 exempla
619 4342 738 4395 orabant
761 4349 787 4394 et
806 4341 979 4410 jejunabant
995 4359 1052 4410 pro
1079 4341 1256 4396 rrouiesimum
1276 4343 1465 4409 quadrantem
1490 4339 1677 4393 minutissima
1697 4350 1832 4409 peecata,
1856 4361 1911 4411 pro

219 4429 344 4483 mortuis.
392 4427 617 4499 Respondemus:
654 4427 731 4498 apud
765 4428 896 4483 iudaeos
921 4427 1050 4481 usitatum
1079 4428 1177 4496 qrrilus
1201 4429 1232 4481 in
1255 4427 1427 4496 perpeteris
1444 4425 1616 4490 solvendum,
1634 4426 1803 4495 priusquam
1827 4444 1861 4480 en
1879 4445 1912 4482 eo

219 4511 305 4567 fuisse
322 4529 401 4568 orare
420 4519 449 4568 et
462 4515 591 4583 jejunare
613 4531 663 4584 pro
681 4512 821 4567 defunctis
840 4531 872 4569 er
891 4514 1052 4584 purgatorio
1079 4515 1141 4582 quis
1159 4513 1300 4567 liberetur.
1335 4511 1560 4581 Respondemus:
1589 4518 1611 4568 1.
1633 4511 1716 4566 etiam
1735 4512 1780 4566 hic
1801 4512 1913 4569 locusa

220 4597 379 4662 liberandis,
398 4598 583 4653 Bellarminus
602 4600 689 4671 gratis
701 4599 808 4666 asserit,
828 4615 862 4653 ec
882 4600 906 4653 si
921 4600 1052 4670 posterio·
1079 4599 1205 4671 patribus
1247 4599 1434 4652 diversimode
1481 4597 1634 4667 exponitur.
1695 4598 1912 4668 Chrysostcmus

221 4682 298 4737 ribus
318 4683 489 4752 temporibus
509 4687 642 4739 usitatum
661 4703 720 4741 esse
735 4684 833 4755 coepit,
850 4702 963 4740 normae
982 4686 1052 4756 legis
1078 4685 1170 4740 homil.
1202 4691 1242 4741 16.
1271 4686 1300 4740 in
1330 4701 1390 4754 cap.
1414 4690 1439 4739 5.
1468 4683 1579 4752 statuit,
1612 4684 1764 4738 Dominum
1790 4686 1913 4741 uoluisse

220 4768 330 4823 divinae
362 4767 391 4822 id
423 4769 515 4839 ipsum
551 4770 637 4826 fuisse
672 4788 839 4842 congruum,
871 4772 1052 4826 demonstrari
1079 4781 1183 4827 terrere
1209 4772 1376 4827 dissidentes
1403 4771 1614 4825 commiuatione
1639 4771 1755 4825 humani
1778 4773 1912 4842 perieali,

220 4855 325 4925 nequit.
362 4855 532 4923 Jejunarunt
552 4857 680 4928 quidem,
706 4857 755 4912 sed
775 4857 866 4912 luctas
886 4857 1052 4913 testificandi
1079 4868 1109 4913 at
1128 4861 1170 4914 sie
1186 4877 1239 4928 per
1254 4860 1384 4928 judicem
1404 4857 1579 4925 intellipatur
1596 4859 1690 4926 homo,
1710 4875 1762 4927 per
1780 4865 1913 4912 tortorem

220 4956 318 5007 musa,
348 4957 403 4993 uon
437 4947 531 4994 autem
560 4942 652 4997 animo
677 4943 823 4998 defunctos
842 4961 875 4998 ex
893 4944 1053 5014 purgatorio
1078 4946 1175 4998 itidem
1194 4946 1289 5010 borno,
1301 4960 1358 5013 per
1376 4960 1517 4997 carcerem
1536 4943 1696 4998 materialis
1714 4959 1811 4996 career
1828 4944 1914 5012 buius

221 5026 367 5082 liberandi.
410 5025 561 5082 Salmcron.
597 5030 711 5098 regerit,
753 5031 880 5084 Graecos
916 5007 1159 5100 quosdamleitue,
1176 5049 1231 5100 per·
1251 5032 1439 5100 qrsadrantem
1454 5047 1535 5085 cerus
1552 5047 1679 5085 nummus
1698 5046 1807 5083 aereus.
1837 5032 1916 5085 triti

220 5114 331 5180 codices
359 5113 389 5166 in
415 5113 512 5182 prima
526 5113 651 5181 persoua
668 5116 771 5185 lepere,
796 5125 827 5170 ut
844 5117 914 5186 quid
932 5094 1188 5186 laptr‘ea-ltinquit)
1207 5120 1243 5172 de
1261 5117 1312 5183 his,
1331 5117 1380 5186 qui
1395 5117 1580 5185 inpraesenti
1595 5115 1794 5176 enutriantur
1808 5117 1915 5172 diuisae

219 5217 283 5252 mur
306 5217 363 5268 pro
389 5200 528 5252 mortuis!
575 5197 631 5253 Sed
657 5199 873 5270 Compluteusis,
901 5202 995 5273 regius
1025 5208 1054 5256 ct
1079 5204 1221 5270 jndicibus
1241 5220 1276 5257 ue
1302 5204 1338 5256 de
1362 5203 1416 5257 illa
1432 5204 1494 5273 uia,
1521 5216 1594 5273 qaae
1614 5202 1655 5253 ad
1677 5217 1818 5255 carcerem
1836 5205 1916 5258 ducit

220 5284 332 5355 probati
352 5285 462 5341 codices
494 5284 544 5338 alii-
561 5289 721 5341 constanter
750 5286 849 5358 legunt
866 5293 1053 5357 βαπτίζονται,
1079 5307 1217 5360 superque
1236 5291 1290 5343 isto
1315 5290 1420 5344 adleta
1446 5304 1559 5344 earcere
1586 5286 1754 5355 disputasse.
1793 5288 1913 5360 Chryso-

221 5386 273 5424 nec
290 5369 364 5425 iuter
382 5370 473 5425 varias
492 5368 623 5424 lectiones
641 5369 678 5423 ad
695 5371 903 5443 ealeemoperis
916 5373 986 5445 regii
1002 5374 1054 5428 ad·
1080 5380 1199 5429 atomum
1236 5381 1389 5446 sequuntur
1419 5373 1646 5445 Theophylaatus
1679 5378 1709 5428 et
1735 5374 1914 5445 Euthymius.

82 5461 148 5506 ¹V11·
161 5460 208 5504 ³¹²·
222 5455 295 5512 ditas
311 5454 443 5526 habetur,
475 5455 684 5529 quodquidam
708 5457 790 5515 codd.
816 5459 913 5533 legant
929 5459 1053 5533 ransart·
1081 5460 1272 5534 Hieronymus
1294 5461 1322 5518 iu
1345 5479 1444 5518 comm.
1468 5475 1531 5531 cap.
1550 5466 1579 5516 t:
1609 5460 1656 5514 En
1678 5463 1914 5533 praecedentibus
