4104 6014
293 372 331 427 56
885 366 1006 424 LOCUS
1024 363 1226 423 vrcusmms
1246 365 1392 423 SEXTUS

294 519 369 573 tiora
403 521 482 573 nacti
515 519 705 586 condidimus,
746 521 795 574 ubi
835 522 868 575 id
903 522 968 585 iteri
1002 523 1125 578 decebat.
1153 512 1343 595 suffraganeos
1355 523 1464 594 magnis
1483 521 1618 578 sumtibus
1632 521 1668 575 sd
1681 519 1868 575 consecranda
1883 535 1989 574 coeme-

184 624 191 637 ·
293 605 463 660 Prudentius
480 604 509 660 in
527 605 649 678 hymni]
1153 608 1224 664 teria
1241 616 1269 664 et
1292 609 1355 664 loca
1378 609 1539 678 sepulturae
1563 607 1680 662 conduci
1707 612 1735 661 et
1755 606 1892 660 advocari.
1931 604 1988 660 Sed

1153 694 1264 750 fraudes
1288 695 1349 749 illas
1370 711 1404 749 sc
1427 695 1560 766 figmenta
1590 694 1625 748 de
1641 698 1861 748 consecratorum
1882 707 1989 747 coeme-

1155 782 1286 836 teriorum
1318 781 1443 838 efficacia
1476 783 1536 852 J'sm
1575 780 1640 835 olim
1671 779 1837 838 Waldenses
1875 778 1988 849 publice

1154 873 1298 938 taxarunt,
1327 869 1401 923 unde
1427 868 1463 923 ab
1492 869 1589 923 Aenea
1614 865 1709 939 Sylvio
1740 865 1768 919 in
1793 865 1889 922 histor.
1917 863 1988 921 Boh.

1153 955 1225 1008 inter
1256 956 1388 1027 dogmata
1428 955 1620 1010 waldensium
1656 952 1739 1008 etiam
1771 952 1824 1007 hoc
1860 951 1989 1020 refertur,

1153 1042 1343 1095 coemeterium
1354 1043 1465 1095 inanem
1482 1058 1571 1108 usum,
1592 1046 1723 1110 quamtus
1736 1056 1824 1091 causo
1835 1045 1989 1107 repertam,

398 729 481 781 Nunc
501 729 610 800 nsscrpe
631 736 707 782 terra
723 730 878 794 fovendum

401 813 569 884 Gremioqus
587 815 659 868 bunc
676 816 786 885 suscipe
804 817 893 885 molli,

399 900 530 954 Hominis
547 902 598 954 tibi
614 902 736 955 membro
756 911 909 971 sequestro,

401 986 546 1040 Generosa
563 996 590 1040 st
606 988 755 1055 frapmina
772 991 867 1044 credo

296 1130 319 1179 8.
341 1123 413 1188 Quin
450 1130 479 1178 et
514 1125 636 1180 saniores
672 1125 790 1198 gentiles
822 1131 1006 1198 agnoverunt,
1042 1125 1125 1180 ritum
1152 1144 1317 1198 qriucunque
1336 1135 1491 1199 tanpantur
1508 1129 1607 1182 tellure
1626 1128 1749 1180 humana
1768 1143 1898 1195 corpora
1914 1125 1991 1178 nihil

294 1210 427 1265 humandi
457 1228 574 1283 corpora
603 1212 796 1267 defunctorum
820 1229 879 1269 esse
904 1212 1125 1283 antiquissimum
1153 1213 1269 1268 distare.
1314 1212 1474 1284 Superfluos
1495 1218 1614 1279 sumtus,
1640 1214 1688 1285 qui
1714 1212 1743 1266 in
1762 1211 1989 1266 coemeteriorum

295 1304 323 1352 et
341 1296 573 1367 probatissimum.
616 1299 702 1369 Apud
727 1298 939 1370 Xenophontem
965 1298 1013 1352 lib.
1040 1304 1064 1353 8.
1090 1297 1125 1351 de
1153 1300 1358 1356 consecratione
1383 1299 1565 1370 adhibentur,
1593 1315 1718 1370 proceres
1742 1298 1860 1353 Romani
1877 1297 1989 1368 imperii

167 1386 232 1429 ml·
248 1385 281 1428 ⁸&
294 1384 395 1455 paedia
424 1383 513 1456 Cyrus
540 1385 579 1439 sic
604 1385 754 1455 alloquitur
779 1384 863 1440 lilios:
891 1388 986 1440 Meum
1015 1400 1124 1452 corpus,
1151 1384 1179 1440 in
1194 1386 1400 1456 gravminibus
1416 1404 1488 1441 anno
1501 1391 1574 1441 1522.
1584 1389 1721 1454 taxarunt,
1736 1384 1775 1438 sic
1785 1385 1857 1439 enim
1870 1384 1988 1455 loquun-

294 1489 355 1526 cum
385 1472 506 1538 moriar,
539 1488 628 1541 neque
655 1472 685 1524 in
724 1490 795 1526 auro
824 1473 949 1536 condite,
978 1487 1065 1539 nsque
1095 1470 1125 1522 in
1151 1479 1197 1526 tur
1214 1489 1335 1544 gravam.
1356 1479 1402 1528 50:
1424 1472 1457 1526 Si
1473 1473 1551 1539 forte
1569 1473 1628 1525 sine
1645 1472 1741 1536 aroris,
1756 1472 1861 1541 pugnis·
1879 1479 1988 1525 tantum

294 1567 426 1626 arpenta,
452 1575 540 1630 nepte
559 1559 588 1611 in
607 1561 668 1614 alia
686 1577 718 1614 re
736 1578 857 1630 prorsus
874 1561 951 1627 ulla,
978 1560 1029 1612 sed
1052 1557 1127 1610 illud
1151 1565 1176 1611 et
1194 1559 1309 1627 cupillis
1327 1560 1357 1612 in
1381 1559 1544 1612 coemeterio
1568 1560 1624 1611 duo
1640 1559 1773 1626 pluresve
1800 1575 1899 1611 atarneo
1918 1576 1984 1611 con·

294 1653 387 1699 terrae
416 1645 527 1698 reddite
555 1646 774 1716 quamprimum,
806 1648 876 1716 quid
909 1645 981 1699 enim
1008 1645 1063 1698 bac
1093 1660 1124 1696 re
1150 1653 1245 1697 serant
1265 1651 1313 1698 aut
1329 1645 1422 1698 risam
1440 1643 1559 1697 habeant
1576 1645 1618 1696 ad
1637 1644 1783 1712 sanguinis
1795 1660 1880 1712 usque
1897 1661 1985 1713 quau

293 1732 401 1786 beatius
422 1749 504 1801 quam
532 1739 625 1786 terrae
649 1733 775 1801 misceri,
802 1749 874 1802 quae
888 1731 1011 1801 pulchro
1031 1730 1123 1784 omnia
1151 1729 1250 1783 tumuis
1284 1731 1389 1785 modici
1418 1730 1592 1800 effusionem,
1621 1737 1678 1783 tum
1707 1732 1748 1782 acl
1772 1729 1987 1783 interdictorum

292 1819 365 1871 bona
388 1818 476 1888 piarat
506 1826 532 1872 et
557 1819 666 1872 nutrit?
707 1818 939 1890 Antiquissimum
966 1818 1124 1888 sepulturae
1150 1817 1323 1870 seueritatem
1340 1824 1489 1872 recurrunt
1502 1817 1690 1885 ecclesiastici,
1709 1835 1758 1870 noc
1775 1818 1855 1886 prius
1867 1818 1987 1890 publica

292 1920 380 1976 genus
419 1904 515 1959 statuit
543 1904 652 1959 Tullius
690 1905 739 1962 lib.
768 1911 792 1960 2.
824 1905 858 1960 de
895 1904 969 1976 legg.
1009 1920 1036 1974 p.
1062 1908 1123 1959 418,
1151 1901 1375 1957 Christianorum
1403 1903 1597 1971 redinteprant
1625 1902 1738 1968 officia,
1768 1921 1851 1972 quam
1882 1904 1985 1957 civium

294 2007 348 2060 quo
368 1990 444 2062 apud
462 1990 674 2060 Xenophontem
692 1993 780 2046 utitur
798 1990 896 2062 Cyrus,
918 2009 971 2061 qino
991 1991 1123 2044 redditur
1149 1990 1316 2045 universitas
1333 1990 1525 2044 coemeterium
1537 1993 1627 2043 clearco
1646 2008 1749 2059 mapna
1765 2007 1871 2059 pompa
1885 1991 1979 2060 praei-

292 2083 384 2130 tcrrae
402 2094 504 2147 corpus
521 2085 547 2130 et
564 2078 647 2146 quasi
662 2079 762 2131 matris
782 2078 951 2147 operimento
967 2077 1122 2141 obducitur,
1150 2077 1252 2146 busque
1273 2094 1321 2131 nec
1344 2079 1476 2146 profecto
1498 2076 1653 2129 minoribus
1672 2076 1804 2145 inpones
1823 2078 1987 2130 consecrari

291 2182 345 2234 quo
363 2165 422 2217 ritu
445 2164 571 2232 sepultus
597 2165 634 2218 sit
660 2165 756 2219 Numa
779 2180 845 2232 reu,
876 2164 987 2234 sepulta
1011 2171 1038 2217 et
1055 2179 1122 2232 pens
1149 2165 1304 2232 curaverit,
1330 2181 1414 2232 quom
1440 2164 1562 2232 primum
1586 2180 1618 2216 ee
1638 2164 1766 2234 profano
1795 2165 1924 2217 redditus
1945 2166 1983 2218 sit

293 2250 439 2317 Cornelia,
461 2251 548 2304 donec
567 2250 730 2319 epatriciis
748 2249 896 2304 Cornelius
909 2251 1020 2319 primus
1039 2249 1122 2318 Sylla
1150 2251 1312 2320 sepulturae
1329 2251 1354 2304 is
1371 2251 1450 2305 locres
1468 2269 1563 2320 aneu,
1582 2267 1654 2319 quae
1673 2251 1767 2303 omnia
1787 2253 1898 2305 tandem
1917 2254 1983 2307 red-

292 2337 413 2391 cremari
447 2336 543 2391 velud.
599 2335 706 2391 Plinius
740 2335 788 2391 lib.
809 2342 831 2392 t.
861 2343 910 2391 nat
940 2335 1003 2393 hist.
1035 2354 1057 2392 c.
1075 2342 1122 2392 54:
1149 2338 1258 2390 undant
1277 2338 1306 2391 in
1329 2345 1414 2406 caput
1434 2337 1581 2392 laicorum.
1628 2335 1698 2390 Inde
1720 2336 1803 2390 etiam
1823 2337 1870 2407 jus
1889 2338 1982 2408 sepul·

296 2423 504 2478 Vetustissimos
530 2441 589 2477 mos
605 2425 669 2492 fuit
694 2425 773 2494 apud
788 2424 934 2477 Romanus
952 2430 1075 2477 mortuos
1093 2424 1123 2486 in
1150 2430 1228 2476 turae
1257 2423 1286 2476 in
1322 2423 1489 2477 consecratis
1523 2421 1578 2476 illis
1614 2422 1784 2476 coemeteriis
1814 2423 1983 2494 quibusdam

290 2520 369 2564 terra
382 2510 560 2564 abscondere.
591 2509 728 2565 Stobseus
745 2527 824 2565 serm
842 2508 1010 2565 mareotae
1028 2525 1123 2564 versos
1149 2525 1251 2579 magno
1269 2525 1332 2563 aere
1351 2508 1555 2575 redimendum,
1577 2509 1652 2579 qnod
1679 2516 1787 2579 pugnat
1804 2526 1866 2563 cum
1883 2510 1985 2564 consti·

291 2595 475 2651 Moschionis:
1151 2594 1303 2650 tutionibus
1321 2611 1458 2649 canonum
1479 2611 1501 2650 c.
1520 2595 1625 2661 Questa
1645 2602 1687 2650 est
1709 2599 1746 2650 13.
1768 2614 1795 2665 q.
1815 2600 1838 2652 2.
1858 2613 1881 2651 c.
1903 2595 1986 2651 Post-

1150 2698 1240 2752 quam.
1261 2698 1285 2736 c.
1309 2681 1338 2736 in
1356 2681 1540 2745 ecclesiastico
1567 2698 1590 2736 c.
1611 2681 1843 2752 Praecipiendum
1861 2700 1937 2740 caus.
1957 2691 1985 2739 et

1150 2774 1255 2839 quaest.
1275 2767 1335 2823 iisd.
1361 2784 1384 2821 c.
1409 2767 1562 2823 abolendae
1581 2774 1648 2822 extr.
1674 2768 1709 2822 de
1726 2768 1884 2838 sepulturis.
1922 2769 1986 2834 Qua

1150 2856 1185 2908 de
1215 2871 1245 2910 re
1274 2871 1402 2928 proceres
1437 2853 1543 2926 imperii
1574 2871 1651 2926 grau
1682 2860 1722 2910 89.
1752 2855 1793 2909 sic
1819 2856 1984 2927 loquuntur:

1149 2942 1309 3011 Papalibus
1328 2949 1461 2995 statutum
1485 2949 1525 2994 cst
1543 2942 1707 3008 canonibus,
1736 2949 1766 2994 ut
1782 2942 1826 3009 his
1846 2945 1983 2997 denotarat

1146 3028 1257 3098 publici
1267 3028 1343 3096 iuris
1356 3028 1545 3082 ecclesiastica
1564 3030 1714 3097 denegetur
1733 3029 1893 3098 sepultura,
1914 3048 1984 3099 quos

291 3115 373 3168 sinite
387 3114 448 3181 jam
468 3119 547 3165 terra
570 3118 693 3165 mortuos
718 3111 838 3181 operiri,
861 3120 886 3165 et
910 3117 1123 3185 unumquodque
1151 3115 1180 3167 in
1198 3115 1357 3177 manifestis
1380 3123 1406 3168 et
1427 3115 1514 3184 plane
1540 3117 1660 3169 notoriis
1678 3115 1841 3171 martialibus
1856 3118 1984 3188 peccatos

291 3203 365 3256 unde
384 3200 414 3253 in
432 3217 534 3271 corpus
553 3198 637 3263 uenit,
655 3197 723 3251 illuc
734 3198 830 3252 redire
836 3218 847 3267 ,·
868 3199 997 3268 spiritum
1011 3201 1124 3269 quidem
1151 3217 1184 3254 ee
1201 3203 1340 3255 commnni
1359 3201 1412 3254 buc
1439 3201 1599 3255 mortalium
1624 3211 1698 3256 sorte
1717 3203 1820 3272 absque
1839 3204 1987 3258 Dominics'

293 3289 334 3342 ad
348 3286 473 3353 aethera,
494 3302 595 3355 corpus
615 3301 679 3337 oero
698 3284 857 3339 interram.
1151 3288 1280 3357 corporis
1305 3288 1484 3356 conquinisce
1507 3289 1728 3358 participatione
1752 3291 1886 3358 migrasse
1911 3309 1982 3345 com·

395 2713 485 2770 ἐάσατ’
506 2712 558 2783 ἤδη
576 2718 612 2786 γῇ
625 2717 805 2785 καλυφθῆναι
823 2711 946 2788 νεκρούς,

393 2799 499 2858 dtevd'
516 2802 631 2856 ἕκαστον
644 2805 681 2861 εἰς
694 2800 724 2855 τὸ
743 2801 809 2876 σῶμ’
833 2801 958 2876 ἀφίκετο,

397 2888 505 2942 ἐνταῦθ’
527 2886 660 2942 ἀπελθεῖν
679 2889 790 2962 πνεῦμα
810 2889 863 2960 μὲν
882 2888 952 2960 πρὸς
970 2894 1077 2961 αἰθέρα,

393 2973 424 3029 τὸ
444 2974 569 3045 culpari
592 2979 704 3043 εἰςγῆν,

329 3380 370 3430 et.
406 3370 537 3436 Quamvis
564 3387 629 3426 vero
661 3370 805 3425 honestam
829 3375 857 3424 st
876 3370 1062 3427 Christianam
1081 3390 1124 3428 se·
1147 3381 1259 3445 per-tum
1280 3376 1324 3431 sit.
1374 3374 1473 3428 Verum
1498 3374 1681 3428 ecclesiastici
1703 3393 1757 3429 non
1778 3375 1985 3430 animaduersis

293 3462 433 3533 pulturam
464 3464 577 3529 propter
615 3475 693 3528 spem
727 3458 934 3513 resurrectionis
971 3457 1124 3514 adhibitam
1151 3460 1254 3514 talibus
1270 3460 1433 3530 pontificum
1457 3461 1577 3514 decretis
1595 3463 1672 3527 sorte
1691 3462 1810 3524 fortuna
1832 3479 1906 3532 aqua
1925 3470 1985 3533 arry·

294 3561 460 3618 magnopere
478 3544 713 3612 commendemus,
742 3543 859 3614 probare
877 3549 970 3598 tamen
987 3562 1042 3599 non
1064 3563 1124 3615 pos·
1145 3549 1273 3617 focatos,
1291 3546 1400 3614 plodio,
1419 3547 1504 3599 risina
1521 3546 1565 3600 sel
1583 3547 1713 3600 inccndio
1732 3548 1852 3613 occisos,
1866 3548 1984 3619 jupnla-

293 3649 388 3686 sumus
408 3634 431 3689 1.
449 3630 672 3700 superstitionem
697 3630 912 3698 Pontificiorum
935 3630 1010 3684 circa
1029 3632 1124 3702 sepul·
1153 3641 1195 3687 tos
1214 3641 1296 3701 atque
1317 3632 1374 3685 vita
1387 3635 1515 3702 sanctos,
1534 3633 1648 3685 etiamsi
1665 3650 1720 3685 non
1737 3642 1843 3703 pateat,
1860 3638 1984 3704 peccatis

294 3735 342 3772 cra
371 3723 400 3773 et
436 3715 588 3787 sepeliendi
620 3715 689 3769 ritus
728 3714 832 3770 varim
871 3733 904 3770 ac
937 3716 1124 3788 multiplicem.
1152 3718 1318 3773 niortolibus
1338 3718 1451 3771 obnoxii
1467 3718 1637 3771 &cesserint
1655 3734 1747 3783 necne,
1767 3721 1796 3772 in
1816 3722 1983 3776 ecclesiasti-

293 3804 387 3859 Primo
419 3802 490 3857 enim
522 3803 685 3856 coemeteria
726 3801 809 3872 (quae
841 3801 990 3856 Durandus
1020 3803 1066 3859 lib.
1102 3812 1124 3860 1.
1151 3823 1212 3859 cam
1227 3805 1366 3858 tunsulore
1386 3805 1560 3873 sepulturam
1580 3823 1633 3858 non
1651 3807 1822 3874 permittunt,
1842 3825 1983 3877 quoiusque

293 3890 389 3945 ration
410 3889 496 3945 divin.
517 3886 669 3943 officiorum
689 3903 751 3958 cap.
770 3893 792 3941 5.
813 3904 860 3942 nu.
874 3893 899 3942 4.
918 3905 968 3958 per
988 3888 1123 3959 insignem
1151 3901 1208 3946 tam
1227 3893 1322 3960 iuiqrro
1340 3892 1405 3957 sato
1423 3900 1596 3945 mortuorum
1623 3909 1736 3961 mores,
1761 3892 1847 3948 liberi
1868 3897 1983 3949 annicius

292 3976 492 4032 absurditatem
524 3991 557 4028 sc
590 3974 739 4029 ruditatem
769 3973 844 4028 dicta
870 3980 951 4046 putat
979 3994 998 4028 a
1025 3978 1121 4042 cimen,
1151 3980 1187 4032 ab
1216 3979 1287 4048 ipsis
1314 3979 1505 4032 coemeterium
1528 3997 1584 4032 non
1608 3979 1718 4031 marlico
1745 3998 1811 4033 aere
1837 3999 1982 4050 compara·

292 4064 370 4132 quod
381 4071 421 4116 est
439 4062 528 4127 dulce,
549 4068 575 4114 et
591 4061 711 4125 sterion,
740 4063 818 4129 quod
832 4063 976 4131 eststatio,
990 4070 1122 4132 propter·
1149 4067 1247 4122 verint.
1296 4065 1329 4119 In
1350 4065 1413 4135 jure
1432 4065 1564 4119 canonico
1591 4081 1664 4119 caus.
1686 4070 1724 4120 13.
1745 4084 1770 4138 q.
1791 4073 1814 4122 2.
1834 4067 1983 4123 adducitur

292 4168 326 4204 ea
345 4151 422 4222 quod
446 4149 486 4202 ibi
517 4149 713 4214 defunctorum
740 4165 804 4202 osso
836 4149 955 4203 dulciter
980 4151 1122 4218 quiescunt
1148 4152 1245 4207 fabula
1262 4151 1382 4206 Judsica
1402 4169 1435 4205 ex
1454 4152 1631 4222 Hieronymo,
1651 4154 1735 4221 quasi
1751 4171 1848 4207 narnien
1868 4155 1978 4224 Ephro-

291 4245 319 4291 et
350 4236 508 4291 Sduatoris
534 4236 684 4287 adrentum
710 4241 888 4303 suspectant,
918 4236 961 4288 uel
989 4237 1057 4305 quia
1084 4238 1124 4290 ibi
1148 4239 1192 4291 nis
1213 4237 1283 4293 Gen.
1305 4242 1346 4302 23,
1368 4256 1392 4290 v.
1414 4244 1453 4294 16.
1479 4239 1542 4291 ideo
1565 4239 1698 4307 scriptum
1719 4242 1755 4293 sit
1773 4240 1876 4308 absque
1894 4241 1979 4296 litera

291 4330 355 4376 sunt
373 4324 492 4390 cimices,
510 4322 544 4374 id
560 4329 602 4374 est
620 4337 726 4374 ammes
740 4320 941 4375 ultramodum
958 4324 1121 4392 foetentes),
1147 4343 1216 4394 vau,
1243 4342 1325 4393 quem
1351 4326 1480 4394 alioquin
1499 4325 1662 4379 uocabulum
1682 4326 1764 4380 habet
1785 4328 1979 4398 penultimam,

292 4409 375 4464 certis
408 4407 507 4464 ritibus
547 4423 581 4462 ac
623 4405 810 4477 peculiaribus
844 4423 957 4477 precum
997 4407 1122 4464 formulis
1147 4418 1178 4462 ut
1202 4411 1345 4480 scripturn
1368 4411 1556 4480 siquitem-et,
1584 4430 1644 4464 sum
1672 4431 1726 4466 non
1744 4414 1834 4477 fuisso
1854 4431 1979 4468 consoni·

295 4503 457 4549 consecrant
481 4494 635 4566 iisdemque
656 4493 708 4547 hoc
738 4492 819 4546 modo
839 4495 1006 4550 consecratis
1029 4496 1120 4567 singu-
1147 4504 1238 4550 uentae
1272 4498 1400 4560 virtutis,
1439 4499 1515 4566 quod
1545 4498 1737 4567 sepulcrorum
1768 4499 1830 4552 loca
1861 4504 1980 4556 rendae

292 4580 377 4635 larem
395 4580 533 4651 quandem
551 4580 606 4634 vim
627 4586 655 4634 ct
672 4576 824 4633 efficaciam
845 4578 979 4649 tribuunt,
998 4598 1068 4651 quae
1087 4583 1122 4636 ad
1149 4585 1237 4645 fucrit
1254 4602 1349 4641 anesus.
1389 4583 1520 4650 Quamvis
1540 4601 1604 4639 vero
1631 4586 1700 4639 haec
1724 4585 1760 4639 sit
1783 4585 1892 4652 fabula,
1917 4605 1980 4643 cum

294 4666 437 4722 defunctos
455 4666 484 4719 in
504 4666 536 4720 iis
555 4667 677 4736 sepultos
695 4665 842 4722 redundet.
872 4665 1023 4721 Durandus
1034 4669 1083 4727 lib.
1101 4677 1122 4725 1.
1148 4687 1230 4724 versu
1244 4687 1305 4724 mox
1324 4676 1457 4743 sequente
1481 4686 1579 4725 nomen
1598 4670 1736 4742 Ephronis
1761 4688 1824 4725 cum
1843 4689 1897 4727 vau
1915 4674 1980 4728 scri·

294 4753 393 4809 ration.
421 4769 480 4822 cap.
508 4756 533 4808 8.
565 4770 611 4806 nu.
631 4758 678 4807 26:
712 4750 897 4805 Benedicitur
926 4756 1123 4825 coemeterium,
1151 4755 1232 4809 batur
1267 4761 1294 4810 et
1320 4756 1444 4827 alioquin
1463 4762 1474 4806 1
1493 4756 1537 4812 vel
1557 4757 1681 4828 exprimi,
1706 4757 1750 4811 vel
1775 4757 1864 4813 omitti
1885 4761 1982 4829 possit,

294 4847 324 4892 ut
353 4839 473 4892 ulterius
512 4839 622 4892 desinat
652 4838 712 4892 illic
740 4838 945 4893 immundorum
973 4842 1121 4910 spirituum
1152 4847 1243 4894 tamen
1260 4857 1293 4896 ex
1315 4858 1348 4896 ea
1366 4841 1519 4912 colligitur,
1545 4841 1657 4898 rabinos
1679 4842 1872 4898 avenditione
1889 4845 1980 4915 sepul·

167 4928 232 4972 svn.
244 4925 276 4973 tt.
295 4925 431 4980 humectio
452 4931 544 4978 esseet
551 4926 681 4993 fidelium
701 4942 822 4994 corpora
834 4926 874 4978 idi
890 4944 975 4994 usqrce
993 4930 1034 4981 nd
1050 4930 1124 4983 diem
1150 4943 1257 4982 crorum
1291 4927 1386 4982 itidem
1411 4928 1568 4987 abhorrere.
1608 4934 1631 4983 2.
1658 4927 1776 4992 Quando
1806 4948 1906 5002 corpus
1935 4933 1981 4987 de·

293 5013 400 5081 judicii
415 5012 589 5081 requiescant
608 5012 638 5064 in
646 5028 727 5081 pace,
747 5014 804 5067 nisi
819 5030 1007 5083 papensium,
1026 5016 1070 5069 nel
1083 5017 1123 5070 in·
1150 5011 1239 5067 functi
1258 5029 1273 5067 e
1293 5013 1374 5069 domo
1393 5015 1429 5069 ad
1447 5015 1710 5087 locumsepulturae
1728 5021 1936 5086 portinianum
1953 5021 1981 5072 in

294 5100 433 5165 fidelium,
457 5098 600 5152 ueletiam
625 5100 921 5154 excommunicatorum
945 5119 1065 5171 corporo
1086 5104 1125 5159 ibi
1150 5101 1197 5152 uia
1224 5101 1358 5154 stationes
1383 5103 1535 5166 faciendas
1558 5119 1617 5155 esse
1643 5107 1769 5157 statuunt
1794 5110 1907 5174 propter
1926 5112 1981 5160 tres

292 5187 401 5251 fuerint
419 5185 548 5254 humato,
577 5185 663 5237 donec
689 5185 756 5239 inde
772 5185 888 5255 suerint
906 5187 1002 5255 ejecto.
1042 5177 1255 5244 Inoo-lesurae.
1291 5185 1384 5242 Primo
1408 5188 1442 5241 ad
1462 5187 1691 5260 significandum,
1717 5189 1791 5259 quod
1806 5191 1866 5260 ipse
1883 5190 1911 5244 in
1929 5191 1982 5246 hac

293 5272 400 5327 centius
435 5287 458 5325 c.
492 5269 661 5325 consuluisti.
689 5277 755 5325 extr.
788 5271 823 5325 de
854 5281 1005 5329 consecrat.
1040 5277 1123 5333 ecel:
1150 5271 1208 5326 vita
1225 5271 1369 5342 exsistens,
1395 5281 1427 5329 ut
1449 5281 1543 5347 posset
1562 5273 1646 5346 digne
1663 5275 1781 5331 Domino
1802 5279 1982 5349 praesentari,

296 5359 480 5427 Coemeteria,
505 5358 535 5411 in
554 5357 651 5426 quidm
680 5359 976 5413 excommunicatorum
1002 5379 1124 5434 corpora
1144 5357 1178 5428 ‚in
1198 5358 1285 5413 tribus
1311 5360 1466 5430 specialiter
1490 5377 1521 5416 se
1546 5361 1637 5431 ipsum
1662 5364 1828 5428 exercuerit,
1852 5365 1982 5420 videlicet

292 5445 409 5513 sepeliri
426 5444 572 5512 continpit,
597 5443 811 5498 reconcilianda
834 5452 914 5499 erunt
932 5449 1122 5517 adspersioni-
1150 5446 1180 5496 in
1200 5446 1259 5498 Dei
1276 5447 1432 5517 dilectione,
1451 5449 1482 5500 in
1497 5449 1616 5503 caritate
1634 5451 1758 5520 proeirni
1769 5459 1796 5505 et
1808 5451 1838 5505 in
1852 5454 1981 5507 custodia

293 5530 342 5582 hus
363 5547 454 5600 aquae
473 5530 624 5585 solenniter
643 5531 947 5599 sensumsensurn
967 5535 1120 5590 dedicatio·
1149 5532 1207 5599 sui,
1231 5529 1274 5586 vel
1293 5533 1365 5603 qnod
1392 5535 1422 5587 in
1439 5535 1495 5598 fide
1518 5535 1666 5590 Trinitatis
1683 5537 1768 5590 oitam
1778 5539 1898 5605 finierit.
1935 5539 1982 5596 Se·

291 5615 372 5669 nitus
402 5616 581 5671 ecclesiarum
611 5617 677 5684 fieri
705 5617 852 5675 consueuit.
898 5618 995 5673 Prsxis
1030 5620 1118 5691 docet,
1150 5617 1242 5672 cundo
1267 5620 1304 5675 sd
1331 5621 1610 5693 repraesentandum,
1634 5622 1709 5695 quod
1732 5621 1868 5680 Dominus
1891 5625 1982 5682 triduo
