4104 6014
256 244 318 304 432
437 276 441 285 ·
884 225 1116 290 mauretus
1135 224 1334 289 SECUNDUS

257 399 386 461 quatuor,
406 408 478 461 quae
495 392 578 459 eirea
598 390 684 445 arida
702 391 831 461 corporis
850 390 943 444 metri
959 389 989 442 in
1002 404 1096 441 resur·
1123 385 1169 439 liic
1196 387 1276 443 nodis
1299 387 1422 459 proponi
1450 388 1480 441 in
1504 387 1598 456 Jona,
1629 385 1684 456 qui
1705 386 1826 441 moru'tur
1855 381 1967 456 triplici

257 478 379 533 rectione
394 479 571 546 perminebit.
603 476 757 548 Gregorius
768 476 816 533 lib.
828 482 868 533 lt.
879 474 973 531 moral.
984 477 1095 545 capet.
1122 480 1222 541 morte,
1247 473 1310 528 seii.
1329 491 1419 543 aque,
1442 473 1524 528 belua
1547 473 1638 527 stira
1657 473 1728 538 Dei,
1754 481 1848 527 tamen
1870 488 1906 526 ne
1922 472 1964 526 sie

258 564 287 618 in
306 564 392 635 princ.
419 563 456 619 sd
475 562 576 618 Christi
593 563 824 618 resurrectionem
842 562 1044 630 accommodet,
1062 576 1096 615 ex
1123 558 1235 627 quidem
1255 561 1389 629 moritur,
1416 562 1469 614 sed
1486 560 1546 614 rite
1563 567 1679 613 cetuna
1697 559 1773 614 uicit.
1813 563 1851 614 15.
1870 557 1962 613 Maca·

258 666 316 720 qua
333 658 453 705 nostram
471 649 699 705 resurrectionem
714 648 866 704 efficaciter
879 647 991 719 probari
1005 653 1095 702 osten·
1121 644 1180 698 rius
1206 644 1278 700 hom.
1305 652 1346 702 10.
1372 663 1407 701 ex
1432 645 1510 700 libris
1533 644 1702 717 apocryphis
1724 643 1840 699 adducit
1863 649 1964 715 typum

258 735 350 789 dimus
369 735 502 806 superius.
543 734 620 797 Quid
637 736 689 788 ior
703 734 930 803 sipnoinnuitur,
948 732 1008 786 uisi
1020 732 1097 801 quod
1122 730 1196 798 ienis
1210 731 1464 800 Hierosolymitani
1481 736 1531 785 sub
1553 735 1627 786 terra
1643 731 1785 786 asservati.
1824 730 1964 793 Quemad-

258 837 367 890 cmnes,
400 822 451 891 qui
478 838 564 890 reque
598 823 639 874 ad
669 823 752 887 finem
783 822 883 874 mundi
905 821 1034 889 jacemus
1066 817 1097 868 ia
1122 818 1235 870 modum
1254 816 1366 889 (inquit)
1383 818 1466 888 ipnis,
1485 819 1534 886 qui
1551 817 1757 886 Hierosolymis
1772 816 1963 870 meremini

257 913 359 970 morte,
384 907 469 975 quasi
492 908 590 976 uirpae
612 906 738 975 reliquae
765 908 793 960 in
812 905 948 959 ariditate
969 917 1095 956 remune-
1122 900 1220 967 altari,
1241 911 1365 973 tempore
1383 904 1556 974 captivitatis
1575 905 1706 967 defossus
1725 910 1788 956 erat
1807 903 1838 956 in
1850 904 1962 965 seusam

257 994 339 1046 musi
363 994 417 1045 sed
442 994 549 1045 manetis
575 991 663 1059 vireis
687 992 717 1044 in
736 992 872 1045 ariditate
888 988 1095 1044 remanentilus
1122 996 1148 1041 et
1174 989 1250 1042 idem
1265 990 1339 1043 inita
1354 1006 1427 1060 pace
1445 991 1618 1059 reversisque
1641 989 1761 1060 captiuis
1781 988 1866 1058 quasi
1881 1005 1960 1042 rene·

256 1079 339 1146 eirea
362 1078 433 1131 Leni
454 1079 496 1130 ad
514 1079 617 1146 florem
638 1078 739 1148 rediit,
766 1079 835 1145 quia
858 1093 960 1145 corpus
978 1073 1098 1128 Domini
1121 1076 1240 1128 uebatur
1269 1083 1295 1128 et
1321 1094 1378 1147 pro
1407 1094 1484 1131 mors
1505 1077 1668 1146 -seruiebat;
1705 1076 1746 1128 ita
1774 1092 1879 1143 corpus
1908 1075 1959 1127 itur

257 1165 325 1229 seri,
345 1164 407 1229 scii.
427 1163 584 1217 eacmdotis
603 1165 702 1230 nostri,
723 1164 753 1216 s’n
772 1164 870 1217 mortis
890 1162 1026 1215 ariditate
1042 1176 1095 1229 po·
1121 1163 1205 1215 inodo
1229 1162 1309 1215 notri
1333 1163 1500 1231 familiare,
1534 1164 1611 1232 pssod
1635 1162 1686 1215 ubi
1713 1161 1883 1215 dissolutum
1912 1167 1961 1223 ert,

257 1251 342 1303 mum
373 1249 403 1302 in
431 1250 535 1318 florem
555 1249 770 1303 resurrectionis
794 1249 894 1320 arripit.
943 1246 1002 1309 Quo
1021 1247 1096 1314 flore
1122 1250 1239 1302 uertitur
1264 1247 1293 1301 ia
1317 1248 1422 1317 imum,
1447 1248 1604 1302 restituitur
1628 1257 1654 1301 et
1670 1256 1824 1302 renouetur
1840 1246 1878 1299 ed
1898 1246 1962 1314 ipae

258 1333 358 1389 Aaron
377 1343 451 1388 recte
468 1336 602 1388 secudos
619 1350 677 1387 esse
696 1335 881 1404 connascitur,
901 1332 969 1402 quia
987 1332 1097 1385 harre·
1123 1334 1249 1398 eoelmti,
1277 1333 1327 1405 qui
1349 1335 1467 1387 maritat
1496 1350 1619 1402 corpora
1645 1341 1793 1404 corrupta,
1822 1332 1961 1400 siquidem

257 1420 441 1474 correctionis
463 1420 558 1488 pieria
586 1421 728 1473 redemtor
753 1427 861 1485 aestu,
891 1420 940 1489 qui
964 1420 999 1472 de
1023 1416 1098 1470 tribu
1123 1419 1212 1489 ipris,
1233 1421 1284 1490 qui
1299 1437 1372 1474 nune
1391 1421 1465 1473 intus
1484 1419 1554 1473 latet
1572 1421 1601 1472 in
1622 1421 1720 1487 rords,
1743 1426 1801 1471 tum
1817 1419 1919 1487 patefit
1936 1425 1962 1470 et

258 1508 340 1560 Judu
361 1525 395 1561 ae
411 1507 482 1560 Leni
504 1514 581 1559 ortus
603 1513 658 1573 est,
684 1505 851 1559 intercessor
864 1522 920 1574 pro
941 1505 1021 1559 uobis
1040 1520 1098 1557 esse
1124 1506 1275 1560 remueitet
1292 1523 1421 1575 corpora.

258 1601 437 1648 monstratur.
494 1594 568 1645 Eece
600 1610 667 1661 erpo
694 1593 760 1659 jem
790 1593 873 1661 rirpa
906 1592 1007 1644 Aaron
1032 1597 1099 1660 post
1160 1596 1201 1646 30.
1235 1593 1281 1645 Ee
1306 1600 1411 1646 natura
1434 1609 1490 1646 non
1513 1591 1605 1646 minus
1630 1591 1699 1646 rarii
1723 1590 1879 1646 afferuntur
1898 1590 1961 1661 typi
1972 1584 2045 1676 ᾖξε·

258 1680 422 1734 ariditatem
440 1680 537 1749 floret,
564 1682 616 1731 sed
641 1678 740 1746 oirpae
764 1679 912 1732 duodecim
930 1679 1052 1731 tribuum
1070 1676 1099 1728 iu
1125 1693 1158 1731 ac
1184 1677 1378 1733 similitudines
1409 1678 1580 1748 complures,
1611 1678 1647 1732 dc
1677 1677 1778 1750 quibus
1806 1677 1836 1731 in
1859 1687 2045 1748 generetur

259 1766 395 1819 ariditate
420 1772 580 1829 remanent,
605 1764 673 1833 quia
696 1764 758 1832 jem
783 1764 896 1832 quidem
921 1781 1022 1833 remiss
1039 1764 1097 1815 Do·
1125 1763 1165 1816 sic
1183 1763 1294 1819 disserit
1308 1763 1496 1820 Tertullianus
1514 1762 1562 1818 lib.
1582 1763 1619 1817 de
1636 1779 1736 1822 resurr.
1755 1777 1904 1832 esrn.cap.
1921 1766 1960 1818 tr.
1975 1741 2045 1831 {2222

259 1851 331 1904 mirri
349 1858 416 1921 post
438 1858 553 1904 mortem
571 1851 652 1919 uiuit,
676 1851 728 1904 sed
746 1857 844 1903 nostra
863 1851 957 1903 adhuc
976 1864 1098 1917 corpora
1124 1868 1150 1921 p.
1176 1855 1239 1907 319:
1267 1855 1352 1905 Totru
1374 1851 1419 1903 iic
1443 1852 1515 1904 ordo
1540 1849 1704 1903 reuolubilis
1728 1866 1824 1903 rerum
1851 1849 1962 1902 metatio
1975 1841 2025 1882 '’⁰⁸-

259 1954 347 2008 usque
367 1938 408 1989 ad
432 1939 514 2001 finem
543 1936 644 1989 mundi
662 1954 681 1988 a
697 1936 911 1990 resurrectionis
927 1935 1022 2003 pluria
1040 1932 1098 1995 dis·
1124 1943 1164 1989 eat
1188 1936 1403 1990 resurrectionis
1428 1943 1610 1991 mortuorum.
1648 1935 1784 2004 Operibus
1801 1952 1863 1988 eum
1875 1950 1963 2003 pree·

258 2024 402 2087 feramur.
438 2022 541 2077 Confer
560 2021 748 2093 Epiphsninm
768 2021 823 2077 d.l.
862 2027 900 2077 11,
919 2021 998 2091 Apes
1015 2025 1097 2073 natae
1125 2022 1337 2090 arripennem
1354 2030 1420 2075 aute
1437 2039 1521 2091 quam
1540 2022 1640 2089 literis,
1658 2021 1765 2073 viribus
1780 2020 1963 2091 praedicarit

259 2110 288 2164 in
307 2110 442 2165 cadavere
462 2108 550 2163 leonis
568 2109 635 2163 Jud.
659 2115 696 2174 14,
714 2127 740 2164 v.
754 2114 779 2164 8.
799 2113 865 2162 sunt
883 2113 969 2179 typus
986 2111 1097 2160 nostres
1125 2116 1190 2162 aute
1212 2125 1294 2177 queam
1319 2109 1440 2166 verium.
1489 2108 1642 2162 Praemisit
1670 2107 1723 2160 tibi
1746 2115 1881 2161 naturam
1904 2125 1964 2160 ma·

259 2195 482 2264 resurrectionis,
510 2211 592 2266 quam
618 2195 664 2248 leo
691 2196 727 2247 de
745 2193 821 2246 tribu
838 2193 921 2246 Juda
937 2196 1026 2246 morte
1047 2206 1098 2245 sus
1123 2196 1256 2263 pistram,
1284 2195 1471 2248 mimisaurus
1497 2204 1523 2248 et
1540 2194 1732 2264 propridiam,
1760 2211 1815 2263 quo
1835 2193 1964 2262 seritius

259 2281 340 2336 nobis
357 2282 474 2353 peperit.
517 2286 557 2339 12.
576 2281 650 2334 Jodo
671 2286 734 2350 post
751 2286 895 2350 superatas
913 2277 1097 2333 adversitates
1124 2281 1225 2332 eredm
1247 2280 1427 2350 prophetiae,
1455 2279 1611 2349 disciputus
1638 2287 1772 2349 murae,
1798 2297 1852 2348 quo
1869 2281 1964 2332 rtatim

259 2373 288 2423 et
305 2368 427 2423 omnium
445 2367 581 2422 bonorum
599 2365 745 2437 dispendis
761 2365 891 2419 reddidit
904 2368 983 2419 Deus
1002 2363 1096 2417 omniu
1124 2365 1272 2430 aderitus,
1300 2383 1361 2418 cum
1386 2365 1529 2434 arcessis,
1557 2367 1634 2434 quod
1651 2366 1751 2434 udipue
1763 2365 1829 2435 jem
1846 2365 1965 2434 uideris,

261 2454 400 2522 duplicia,
424 2452 528 2508 liberos
546 2468 612 2506 vero
630 2457 728 2524 postes
745 2458 826 2506 natos
845 2468 908 2506 cum
927 2450 1005 2521 prius
1023 2448 1096 2503 natis
1123 2468 1174 2506 ner
1203 2452 1329 2520 dubites,
1358 2454 1452 2505 Deum
1482 2452 1578 2506 carreis
1610 2453 1694 2506 etiam
1726 2452 1964 2516 ressuscitaturus,

259 2555 316 2593 una
340 2538 549 2594 connumeravit
565 2537 629 2596 Job.
650 2545 696 2608 tr,
721 2557 747 2596 s.
769 2544 807 2593 10.
833 2543 862 2591 et
889 2540 928 2590 13.
955 2535 1022 2604 quis
1039 2533 1095 2588 scil.
1123 2552 1202 2606 quem
1230 2538 1352 2590 omnium
1380 2538 1459 2591 noris
1488 2537 1684 2591 restitutorem.
1722 2539 1761 2591 Et
1792 2537 1909 2607 adimes,
1936 2538 1967 2590 si

259 2625 319 2680 rita
342 2624 466 2680 defuncti
491 2625 551 2680 Deo
576 2624 669 2680 adhuc
693 2624 833 2681 vivebant.
871 2622 1020 2689 Gregorius
1045 2620 1095 2675 lib.
1124 2624 1219 2677 omnia
1238 2624 1344 2677 domiui
1361 2630 1527 2690 resurpunt,
1545 2623 1593 2675 cui
1605 2631 1765 2691 moserata
1782 2631 1854 2691 erem,
1869 2639 1964 2691 porro

260 2716 303 2768 35.
324 2710 419 2768 moral.
444 2725 505 2780 csp.
536 2715 582 2764 ll:
609 2710 693 2773 Quod
717 2718 822 2779 septem
844 2709 939 2763 millia
956 2709 1047 2762 orium
1069 2713 1097 2758 et
1123 2728 1179 2765 non
1199 2709 1313 2774 domini,
1329 2710 1388 2763 nisi
1404 2709 1537 2778 cinerei,
1557 2708 1642 2777 areale
1661 2715 1712 2775 est,
1731 2716 1762 2762 ut
1781 2710 1848 2779 epse
1863 2711 1964 2778 depes·-

259 2798 317 2851 tria
340 2797 435 2852 millia
461 2796 630 2850 camelorum
655 2805 682 2850 et
701 2798 854 2866 quingente
867 2795 944 2865 juya
965 2796 1046 2849 boum
1070 2800 1096 2846 et
1123 2803 1168 2849 eet
1191 2796 1221 2849 in
1244 2803 1347 2863 totum,
1369 2801 1489 2864 propter
1513 2811 1596 2864 msam
1620 2802 1646 2849 et
1669 2796 1715 2847 cui
1737 2794 1812 2847 sitit
1831 2795 1966 2866 deperit!

259 2885 425 2953 qsdnyentas
454 2884 552 2937 asinas
585 2891 650 2937 arete
685 2883 881 2953 probationem
906 2881 1097 2951 permissionis
1123 2882 1312 2953 Hieronymus
1329 2882 1409 2952 epist.
1429 2887 1477 2936 st:
1507 2882 1655 2934 Tantumne
1673 2881 1798 2944 ammas,
1823 2897 1896 2950 quae
1915 2884 1965 2935 ds·

261 2969 409 3038 induerit,
438 2970 502 3039 ipsa
525 2970 649 3039 ejusdem
673 2968 809 3023 historiae
831 2967 979 3038 praefatio
1008 2974 1097 3021 osten·
1123 2970 1221 3033 ficiunt
1249 2970 1279 3022 iu
1305 2969 1383 3038 side,
1413 2967 1595 3021 naturalibus
1625 2967 1783 3021 rationibus
1812 2969 1964 3037 adjuvare.

263 3056 318 3119 dit,
346 3072 417 3123 quae
435 3072 492 3125 per
512 3056 660 3125 stapedium
681 3056 799 3124 perdita
815 3054 874 3122 ipsi
892 3069 966 3106 nune
982 3052 1098 3106 reddita
1124 3055 1258 3109 Paulinus
1278 3054 1425 3125 episcopus
1444 3053 1568 3112 Nolanus
1587 3053 1628 3108 its
1644 3053 1730 3108 canit:

257 3149 322 3195 suist
351 3141 495 3210 dupiicia,
519 3141 582 3209 filii
609 3148 703 3195 eutem
736 3141 852 3194 totidem
883 3145 948 3193 sunt
981 3139 1097 3199 redditi,

258 3233 325 3295 quot
352 3227 455 3281 emisit.
499 3227 612 3297 Septem
641 3227 745 3296 quippe
767 3225 850 3292 filios
880 3231 905 3277 st
935 3231 992 3278 tres
1020 3224 1098 3287 filias

258 3312 368 3381 habuit,
398 3321 504 3383 septem
529 3321 621 3367 autem
644 3330 719 3366 nunc
746 3311 823 3376 filios
841 3317 867 3365 st
884 3319 941 3364 tres
952 3310 1037 3378 silias
1052 3328 1096 3363 re·

218 3393 222 3400 ⁴
258 3399 366 3468 cepisse
388 3399 574 3462 describitur,
598 3405 628 3450 ut
656 3405 682 3451 et
705 3398 736 3452 ii
758 3398 808 3466 qui
832 3397 959 3452 restincti
974 3397 1098 3461 sueram,
1125 3397 1288 3452 Ambrosius
1306 3397 1335 3451 in
1356 3404 1425 3454 orat.
1444 3398 1683 3457 tenderemus
1711 3398 1815 3451 Tribus
1832 3399 1887 3453 uiis
1905 3399 1964 3453 eol-

258 3486 350 3539 sisere
373 3486 603 3539 deumuuemur.
642 3485 721 3537 Dum
744 3483 817 3536 euim
837 3483 958 3549 dieitur,
981 3482 1098 3534 eddidit
1124 3487 1224 3555 liyitur
1247 3485 1463 3539 resurrectionis
1482 3486 1572 3554 fides,
1598 3485 1697 3554 quibem
1721 3485 1815 3538 omnia
1840 3503 1963 3556 compre·

259 3571 402 3624 Dominus
420 3585 598 3640 quaerunque
614 3570 734 3635 fueram
749 3568 824 3622 Joio
842 3567 986 3638 dupiicia,
1012 3575 1038 3621 et
1056 3574 1096 3621 ta·
1124 3571 1290 3640 tenduntur,
1307 3570 1419 3624 ratione
1436 3571 1636 3634 uniuersitatis,
1651 3570 1787 3642 exemplo,
1805 3572 1962 3626 testimonie

259 3673 322 3710 men
340 3657 455 3710 tetidem
474 3655 550 3719 filios
567 3655 595 3708 ei
605 3654 738 3723 restituit,
757 3661 822 3722 pros
834 3652 936 3719 amisit,
955 3660 981 3706 et
993 3653 1097 3708 liberos
1123 3658 1167 3711 rei
1188 3664 1299 3726 pectas,
1322 3656 1390 3725 quie
1406 3656 1526 3726 patrimi
1543 3663 1763 3712 resurrexerunt.
1799 3658 1857 3710 Per
1874 3659 1962 3712 ratio·

259 3741 413 3810 dupliciter
433 3742 565 3806 addidit,
595 3740 644 3794 ersi
659 3741 754 3793 decem
770 3741 948 3810 postmodum
965 3739 996 3792 iu
1013 3756 1097 3794 carne
1124 3760 1185 3797 nem
1207 3743 1400 3796 uniuersitatis
1423 3743 1557 3812 iutellipit
1582 3750 1663 3812 typos
1687 3743 1903 3797 resurrectionis
1931 3745 1960 3796 in

258 3828 389 3894 restituit,
410 3830 595 3889 decennem,
615 3828 666 3897 qui
684 3827 783 3881 amissi
792 3827 925 3894 fremant,
945 3826 975 3878 in
987 3826 1097 3881 occultu
1123 3838 1183 3883 tote
1211 3845 1306 3883 rorum
1336 3829 1519 3882 universitate
1545 3828 1625 3882 nobis
1647 3828 1816 3899 propositos.
1851 3829 1960 3897 Prima,

260 3915 419 3967 animarum
442 3915 502 3967 uite
521 3912 682 3967 reservarit.
721 3916 765 3970 13.
793 3914 838 3967 De
856 3912 961 3966 visione
974 3913 1096 3982 proplie-
1122 3915 1227 3988 iuquit,
1251 3914 1466 3969 resurrectionis
1483 3916 1554 3978 fides
1570 3933 1638 3968 usus
1664 3922 1706 3968 est
1730 3915 1831 3969 meandi
1852 3931 1958 3969 rerum

260 4001 319 4054 tiea
334 3998 435 4054 Erech.
454 4002 496 4052 37.
514 3998 742 4053 resurrectionem
767 3997 974 4069 praefigurante
992 3999 1096 4054 dictum
1123 4019 1175 4071 que
1199 4000 1321 4055 omnium
1345 4007 1446 4068 status,
1467 3999 1676 4067 uenerationem
1696 4002 1790 4070 series,
1810 4002 1958 4055 neccessr'o·

107 4085 314 4141 xvr1r.·mt.fuit
331 4084 465 4156 superius.
506 4089 546 4142 14.
563 4085 670 4138 Jonam
688 4083 717 4136 in
737 4088 833 4138 ventre
845 4083 899 4138 ceti
911 4100 961 4154 per
974 4083 1096 4139 triduum
1122 4107 1188 4142 uum
1205 4089 1287 4148 sines,
1307 4093 1387 4140 ortus
1405 4086 1549 4155 editusque
1567 4087 1720 4157 siynorum,
1742 4086 1804 4140 diei
1820 4104 1854 4139 ae
1871 4088 1959 4140 nortis

261 4171 468 4227 delitescentem
492 4187 525 4225 ac
550 4176 647 4241 postes
668 4170 704 4224 ad
729 4169 807 4225 littus
831 4170 913 4225 meris
944 4171 1097 4227 abalaens
1123 4191 1239 4229 ocenum
1274 4188 1421 4240 eorumque
1459 4172 1584 4240 qrsotidie
1615 4180 1751 4241 tunquam
1775 4174 1821 4227 rei
1848 4175 1961 4227 diuinas

260 4264 407 4327 exsputum
430 4255 638 4310 resurrectionis
654 4261 752 4326 mum
772 4254 865 4322 fuisse,
890 4256 971 4311 docet
988 4255 1096 4312 Tertul-
1123 4261 1269 4315 sacerdo.
1309 4257 1449 4313 Minucius
1485 4257 1564 4312 Felix
1592 4257 1619 4312 in
1653 4257 1769 4314 Ocnus
1798 4275 1864 4332 pag.
1897 4266 1960 4315 395:

259 4343 350 4397 lienus
369 4342 417 4398 lib.
436 4341 471 4397 de
487 4357 587 4400 resurr.
606 4340 697 4395 camis
715 4357 775 4412 cap
789 4346 831 4397 32.
844 4358 908 4414 pag.
922 4346 981 4397 329.
1012 4343 1097 4411 Puto,
1128 4348 1199 4401 Vide
1217 4347 1297 4409 deleo,
1316 4362 1399 4413 arram
1416 4345 1446 4396 iu
1464 4344 1595 4397 solatium
1616 4346 1709 4398 nostri
1727 4348 1959 4400 resurrectionem

259 4428 358 4497 inquit,
378 4429 462 4496 liujus
480 4444 586 4496 meque
605 4427 720 4481 diuinae
735 4428 884 4496 potestatis
901 4431 1097 4482 documentum
1123 4434 1252 4495 futurem
1277 4431 1366 4485 omnis
1391 4438 1494 4482 netssra
1512 4430 1670 4485 meditetur.
1709 4430 1761 4485 Sel
1780 4433 1917 4501 demeryit
1935 4439 1960 4484 et

261 4515 391 4566 idoneum
409 4514 532 4578 donam,
558 4531 621 4566 crem
639 4513 820 4582 incorruptus
836 4518 955 4585 utraque
971 4516 1096 4569 substen-
1123 4518 1264 4585 nascitur,
1282 4525 1362 4570 astra
1380 4516 1513 4570 labuntur
1529 4522 1556 4568 et
1574 4518 1704 4586 redeunt,
1725 4517 1814 4585 flores
1832 4519 1962 4572 occidunt

259 4599 303 4652 tia
322 4615 408 4651 earne
427 4605 511 4668 atquae
531 4600 625 4653 animo
648 4600 684 4652 de
702 4599 767 4652 aive
782 4598 872 4668 piscis
890 4600 1042 4665 euoluitur,
1072 4609 1097 4654 et
1124 4612 1149 4658 et
1166 4602 1346 4670 reviviscunt,
1367 4608 1434 4670 post
1451 4600 1558 4654 senium
1576 4602 1692 4654 erbresta
1708 4603 1903 4668 frondescunt,
1919 4621 1961 4658 se·

260 4684 357 4753 werse
391 4684 487 4737 triduo
521 4686 735 4754 concoquendae
773 4685 856 4738 carni
892 4687 1003 4741 uisam
1044 4688 1098 4741 ceti
1123 4689 1200 4742 mina
1225 4705 1283 4740 uon
1306 4687 1363 4740 nisi
1380 4691 1515 4754 corrupte
1533 4686 1720 4756 reuirescunt;
1747 4687 1790 4740 ita
1809 4706 1913 4759 eorpus
1930 4690 1962 4743 ia

260 4771 445 4841 suffecissent,
485 4787 570 4838 paam
614 4771 760 4839 capulum,
804 4787 889 4839 msam
927 4773 1095 4842 sepulerum,
1122 4775 1225 4837 seculo,
1242 4782 1273 4826 ut
1293 4773 1409 4827 arbores
1427 4773 1456 4825 in
1474 4773 1589 4825 hiberno
1606 4773 1745 4826 ocaeltant
1762 4774 1885 4829 virorem
1901 4777 1959 4829 ari·

203 4860 205 4864 '
259 4874 344 4927 quum
384 4856 491 4911 senium
533 4858 676 4926 requietas
717 4864 801 4926 atque
843 4859 1006 4912 reconditae
1040 4861 1094 4913 ali·
1123 4862 1211 4915 ditate
1229 4861 1350 4914 mentita.
1389 4860 1618 4927 Euspeataudum
1636 4859 1856 4930 undiscorpom's
1868 4863 1961 4915 nostr-i

257 4944 338 5011 euius
366 4942 536 5012 repulimus.
579 4941 653 4996 Mors
681 4942 758 4998 velut
783 4944 909 4998 immanis
937 4950 1014 4999 cetus
1038 4961 1093 4999 om·
1121 4965 1178 5006 uer.
1224 4945 1353 5000 Ceterum
1377 4945 1513 5016 quaedem
1539 4943 1648 4998 illarum
1673 4945 1883 5001 similitudinum
1911 4947 1962 5002 du·

1161 3178 1264 3230 Cuncta
1282 3176 1452 3243 resuryeudi
1463 3176 1576 3241 faeiem
1594 3176 1768 3229 meditantur
1785 3175 1816 3229 in
1834 3176 1912 3229 omni

1194 3260 1321 3329 Corpore
1338 3267 1366 3314 et
1385 3261 1516 3315 interris
1533 3262 1661 3331 permina
1681 3269 1706 3315 et
1723 3268 1802 3314 asma
1819 3262 1898 3330 polo.

258 5046 308 5085 nes
326 5029 450 5086 homines
470 5027 599 5098 deglutit,
616 5029 665 5083 sed
679 5032 760 5096 jussu
779 5029 832 5086 Dei
850 5029 1094 5100 aliquandoevivos
1122 5037 1222 5086 cuntur
1239 5049 1272 5086 ex
1291 5031 1457 5103 corporibus
1481 5031 1659 5095 oodmiibus,
1685 5031 1823 5103 quaedam
1843 5050 1907 5088 vero
1926 5049 1962 5087 ea

258 5121 394 5170 evenus
417 5115 629 5171 transiturum
658 5124 774 5186 cogetur
794 5115 917 5172 reddere.
956 5114 1095 5171 Lutherue
1122 5119 1240 5171 terrenis
1263 5125 1288 5170 et
1310 5117 1517 5171 sublunaridus.
1560 5118 1604 5169 Ea
1629 5134 1780 5187 eorpormn
1800 5118 1962 5174 coelestium
1976 5117 2045 5159 ΧῊΠ

258 5207 324 5256 tom.
344 5207 369 5259 4.
396 5202 460 5260 Lat.
485 5217 550 5272 pag.
571 5205 634 5256 ³57:
661 5200 717 5263 Qui
741 5202 814 5256 uolet
832 5201 980 5257 historiam
1001 5203 1095 5257 Jonas
1122 5210 1198 5256 motu
1226 5201 1352 5256 oriuntur
1380 5201 1586 5257 vicissitudines
1617 5201 1686 5257 lucis
1712 5218 1746 5256 ac
1775 5202 1961 5272 tenebrarum,

258 5294 383 5341 uastare
411 5295 438 5340 et
461 5285 647 5350 rhetoricari,
673 5287 756 5340 iudet
778 5288 915 5356 insinuem
944 5287 1036 5341 locum
1061 5290 1096 5342 de
1123 5288 1229 5343 dierum
1249 5303 1282 5341 sc
1300 5287 1437 5355 noctium,
1464 5289 1578 5342 emistis
1598 5294 1627 5343 et
1645 5287 1758 5352 hiemis,
1783 5306 1853 5360 quas
1870 5306 1961 5346 resur·

254 5373 315 5441 fids
332 5374 547 5428 resurrectionis
567 5391 586 5425 a
605 5373 737 5440 mortuis,
755 5390 805 5427 seu
823 5375 860 5427 de
875 5373 934 5426 sita
953 5374 983 5425 in
1000 5373 1096 5427 media
1123 5374 1252 5429 rectionis
1278 5373 1418 5444 quoddam
1442 5373 1598 5444 symbolum
1622 5391 1682 5429 esse
1708 5372 1813 5432 volunt.
1847 5376 1962 5432 Tertul-

259 5449 363 5527 morts,
382 5467 411 5513 ut
439 5461 592 5525 disenmm,
619 5458 788 5515 mirandum
808 5467 835 5513 et
854 5460 1013 5530 potentium
1038 5462 1098 5515 Dei
1124 5460 1213 5516 mnus
1238 5459 1267 5514 in
1288 5460 1361 5532 apol.
1385 5477 1448 5531 cap.
1472 5466 1513 5516 48.
1533 5477 1599 5532 pag.
1617 5464 1664 5516 80:
1690 5460 1770 5515 Deus
1787 5479 1890 5532 σοφεν
1909 5463 1964 5521 too
