4104 6014
872 308 924 367 DE
947 307 1087 365 MORTE.
1656 311 1660 320 '
1775 318 1814 379 tt

117 464 261 537 liberavit,
285 485 339 524 non
364 470 430 542 quia
457 470 640 526 substantiam
664 468 769 527 diaboli
788 469 818 525 in
836 466 953 524 nibilum
979 471 1113 536 γυναῖκα,
1144 465 1194 521 sed
1218 466 1321 522 rectius
1347 465 1466 523 refertur
1489 466 1525 522 ad
1545 465 1699 543 ἁμαρτίαν)
1723 482 1817 524 omnes

117 551 234 624 redegit.
268 555 310 610 Ex
331 556 432 628 quibus
448 556 575 614 omnibns
593 561 716 624 constat,
744 554 849 612 diaboli
872 554 952 610 sedn-
965 602 967 627 ,
981 551 1120 607 morimur.
1160 550 1264 608 Confer
1283 552 1335 608 loc.
1358 553 1393 608 de
1412 552 1495 626 imag.
1517 552 1572 609 Dei
1589 549 1618 629 ξ.
1638 558 1678 610 82.

118 639 207 694 centis
225 642 358 697 malitiam
377 651 453 700 recte
469 644 555 700 statui
573 643 731 715 primariam
754 660 787 699 ac
810 630 968 759 principa,
1016 643 1056 693 32.
1092 637 1135 692 Ex
1152 637 1206 692 hoc
1224 637 1404 694 fundamento
1419 639 1539 695 deducta
1557 645 1621 695 sunt
1637 636 1817 712 pronuntiata

116 726 172 782 lem
204 728 300 784 mortis
331 746 458 800 causam,
487 749 521 787 aa
551 730 666 802 proinde
702 729 842 786 diabolum
878 735 953 784 recte
979 723 1141 794 apostoliea
1187 724 1268 780 Rom.
1295 732 1326 794 5,
1355 743 1381 781 v.
1412 730 1458 782 rt:
1491 728 1550 780 Per
1574 744 1660 781 anam
1678 726 1816 781 bominem

117 813 209 868 vocari
241 822 352 885 patrem
383 817 495 886 martia,
528 816 602 872 sicut
619 815 745 872 Christus
777 832 841 871 eum
871 818 1122 880 vocatpeccctsm
1151 810 1181 865 in
1213 814 1348 866 mundam
1380 813 1510 878 intrauit,
1546 822 1572 868 et
1590 831 1647 884 per
1668 820 1817 885 peccatam

112 907 226 970 patrem
244 902 387 957 mendacii
405 902 469 959 dob.
490 909 519 973 8,
545 920 571 958 v.
588 908 630 959 44.
665 902 710 956 Pii
726 908 833 958 veteres
851 883 1068 967 vocantimore‚
1096 905 1122 950 et
1147 899 1188 952 sic
1216 899 1246 952 in
1272 916 1366 954 omnea
1390 900 1514 954 tornines
1542 918 1619 957 more
1634 900 1814 971 pertransiit,

117 985 256 1041 diabolum
285 988 384 1042 mortis
414 988 633 1044 conciliatorem.
681 987 828 1059 Topiarins
856 985 904 1041 lib.
930 990 950 1040 1.
981 983 1016 1053 dp
1043 971 1073 1053 ᾧ,
1104 987 1241 1054 eoquod,
1273 1002 1368 1039 omnee
1382 995 1577 1057 peccauerunt.
1612 987 1749 1043 Mundum
1769 985 1815 1042 bic

61 1109 65 1116 -
116 1071 152 1127 de
169 1088 232 1131 nov.
251 1091 274 1130 c.
294 1080 325 1131 4:
353 1076 471 1129 Invidia
490 1076 602 1131 diaboli
617 1083 737 1146 operata
757 1082 797 1128 est
815 1072 952 1142 deceptio·
979 1069 1131 1140 appellavit
1163 1072 1305 1142 apostolus
1339 1073 1498 1130 universnm
1535 1091 1625 1148 genas
1654 1074 1815 1143 humanum,

117 1176 190 1224 nem,
209 1162 335 1231 deceptio
353 1163 621 1233 tranepreseionem,
651 1161 841 1232 tranepreerio
859 1159 951 1213 inobe·
979 1157 1096 1212 docente
1124 1158 1280 1232 Augustino
1304 1161 1334 1215 in
1359 1160 1435 1216 ench.
1465 1177 1490 1216 c.
1507 1167 1548 1220 26.
1572 1161 1602 1217 in
1629 1160 1699 1217 iilud
1717 1175 1814 1232 pecca·

116 1245 263 1317 diantiom,
282 1248 471 1303 inobedientia
485 1257 646 1320 peccatam,
659 1256 805 1318 peccatam
825 1253 950 1301 mortem.
978 1249 1038 1298 tum
1055 1261 1105 1314 per
1130 1263 1215 1299 anam
1234 1247 1386 1316 bominem,
1409 1264 1460 1318 per
1484 1247 1604 1320 primum
1633 1247 1741 1304 scilicet
1764 1263 1813 1318 pa-

115 1333 256 1389 Antonins
292 1333 414 1407 Margar.
449 1334 478 1390 in
513 1334 561 1392 lib.
599 1334 633 1391 de
671 1334 719 1392 fid.
756 1333 821 1390 dud.
857 1331 951 1398 refert,
978 1335 1085 1386 rentem
1118 1337 1214 1402 utpote
1238 1338 1325 1404 caput
1350 1339 1379 1390 et
1401 1334 1523 1390 radicem
1554 1333 1670 1390 humani
1695 1332 1814 1409 generis,

115 1418 233 1475 ludaeis
257 1420 286 1475 in
308 1436 385 1476 more
407 1421 529 1492 positum
552 1437 626 1494 esse,
660 1432 692 1475 nt
716 1420 827 1493 quando
851 1419 951 1491 aliquis
979 1418 1102 1487 intrarit,
1120 1422 1149 1473 et
1158 1434 1214 1490 per
1225 1421 1371 1488 peccatam
1388 1439 1481 1485 mors,
1499 1428 1632 1494 tanquam
1647 1419 1814 1492 ejusimme·

116 1512 240 1561 mortuus
264 1513 323 1578 est,
354 1507 447 1563 omnia
472 1524 540 1563 vasa
563 1507 643 1580 aquis
668 1507 774 1579 repleta
799 1506 951 1576 effundant,
978 1503 1083 1558 dietum
1113 1519 1285 1576 consequens
1312 1513 1340 1562 et
1354 1507 1510 1577 justissima
1532 1523 1638 1579 poena,
1660 1508 1755 1578 eicqne
1782 1506 1814 1561 in

115 1593 213 1649 dicunt
232 1592 314 1658 anim,
332 1595 464 1650 Seianam
485 1593 514 1649 in
533 1594 586 1650 illis
604 1593 719 1650 abluere
736 1596 870 1664 cultrum,
896 1611 950 1665 quo
978 1607 1071 1644 omnee
1100 1591 1225 1646 bominac
1254 1610 1329 1646 mors
1353 1594 1538 1663 pertransiit,
1564 1592 1612 1649 ubi
1640 1591 1813 1649 observanda

114 1679 253 1736 interiecit
283 1685 435 1746 mortuum,
468 1680 541 1752 quod
576 1699 609 1737 ex
638 1687 663 1736 2.
688 1681 756 1754 Reg.
792 1686 833 1738 25.
864 1685 892 1735 et
928 1685 950 1736 1.
978 1676 1091 1751 elegans
1107 1677 1300 1748 paronomasia
1319 1679 1347 1733 in
1366 1679 1458 1735 verbis
1475 1683 1646 1747 sinitensi
1664 1680 1760 1747 dritta
1778 1695 1812 1734 ac

112 1765 205 1821 Paral.
223 1772 264 1823 tr.
282 1766 401 1839 probare
418 1767 552 1825 nituntur.
587 1767 668 1834 Quod
693 1769 811 1839 maj0res
838 1765 949 1838 symbo-
977 1762 1099 1819 notanda
1128 1764 1276 1835 peculiaris
1302 1765 1440 1837 emphasis
1467 1765 1627 1838 posterioria
1652 1764 1742 1830 verbi,
1770 1770 1813 1822 est

114 1851 167 1908 lice
193 1852 362 1921 docuerant,
389 1853 418 1908 id
436 1853 477 1909 illi
495 1861 627 1927 tanquam
654 1855 766 1927 proprie
783 1853 888 1908 dietum
905 1869 950 1907 ac·
977 1849 1049 1904 enim
1067 1851 1164 1918 διῆλθε
1189 1853 1332 1922 panant,
1363 1870 1395 1909 eo
1422 1853 1520 1922 modo,
1548 1870 1603 1926 quo
1637 1851 1696 1909 luae
1722 1858 1812 1910 totum

115 1938 229 2011 cipiunt.
976 1953 1090 2009 gregem
1101 1938 1230 2009 pervadit
1241 1943 1325 2010 atque
1338 1938 1433 1995 inficit.
1453 1939 1627 2012 Augustinus
1640 1956 1721 1995 serm.
1735 1946 1759 1996 i.
1773 1940 1812 1997 de

10 2033 101 2125 ἢεί·
151 2033 193 2083 et.
229 2023 329 2082 Altera
353 2024 513 2098 principalis
541 2027 637 2082 mortis
663 2043 747 2082 causa
770 2030 813 2081 est
830 2026 950 2081 hominia
976 2021 1051 2078 verb.
1062 2027 1151 2094 apost.
1160 2025 1479 2080 PertraneiitrVerbum
1487 2027 1632 2094 attendite,
1643 2029 1721 2096 qaod
1729 2027 1811 2081 audi·

10 2145 102 2239 :eta
123 2112 627 2255 iittttttiit²323¹3it
642 2111 951 2267 iittiifbi:
976 2112 1268 2266 :stiterit
1296 2112 1550 2272 ,iiiiii
1567 2120 1813 2270 titt-'itt

118 2285 176 2339 dita
196 2285 292 2341 mortis
313 2285 540 2356 comminatione,
564 2286 612 2341 sed
636 2287 702 2359 quia
725 2286 846 2341 divinam
872 2285 948 2339 iliam
976 2283 1078 2348 creuit,
1096 2284 1195 2337 etenim
1213 2294 1359 2354 peccatum
1382 2286 1459 2341 iliad
1477 2287 1507 2340 in
1525 2288 1604 2350 fonte
1621 2305 1678 2340 non
1698 2286 1811 2352 maneit,

114 2371 353 2428 comminationem
383 2388 484 2444 susque
520 2372 610 2444 deque
649 2372 747 2428 babuit
790 2389 824 2427 ac
858 2372 949 2426 Deum
975 2372 1028 2423 sect
1043 2371 1226 2439 pertransiit,
1253 2373 1355 2425 nonin
1375 2373 1456 2426 iilum
1474 2382 1524 2427 act
1543 2374 1573 2427 in
1590 2374 1686 2443 iilum,
1711 2376 1763 2428 aed
1780 2373 1811 2426 in

113 2462 265 2514 creatorem
282 2475 363 2514 sunm
380 2456 523 2530 praecepti
540 2457 614 2513 iliius
627 2457 844 2530 transgressione
862 2459 951 2513 offen·
976 2473 1069 2510 omnes
1087 2457 1212 2511 hominen
1227 2459 1406 2527 pertramiit.
1438 2459 1610 2515 Particuiam
1622 2458 1666 2534 ἐφ’
1687 2448 1708 2531 ᾧ
1726 2460 1810 2532 pleri·

115 2545 180 2600 dere
202 2560 258 2600 non
281 2543 432 2613 dubitavit,
450 2543 513 2599 ideo
540 2558 595 2599 non
619 2543 738 2601 iaciente
757 2561 854 2615 servo,
873 2544 949 2615 quod
976 2560 1031 2616 que
1060 2549 1202 2614 exponunt
1233 2545 1485 2615 pronominotiter,
1521 2547 1551 2600 in
1587 2565 1659 2618 pso,
1695 2548 1810 2613 eciticet,

116 2638 175 2688 erat
195 2637 385 2704 praeceptum,
404 2631 471 2687 iecit
490 2630 580 2699 Deus,
607 2631 680 2704 quod
700 2649 778 2687 servo
798 2638 858 2687 erat
876 2648 949 2686 com·
976 2630 1086 2688 Adamo
1098 2631 1188 2703 primo
1199 2631 1320 2701 bomine,
1333 2650 1426 2688 omnes
1440 2642 1639 2704 peccauerunt,
1660 2633 1726 2706 quia
1738 2632 1810 2689 scili·

117 2718 244 2774 minatus.
280 2717 488 2790 Aequissimum
505 2723 562 2786 est,
593 2725 625 2774 ut
647 2735 710 2773 cum
733 2719 841 2773 animus
856 2724 949 2774 noster
976 2723 1021 2774 cet
1040 2735 1134 2774 omnes
1152 2724 1232 2775 erent
1258 2718 1288 2774 in
1311 2719 1371 2792 ejus
1391 2718 1509 2786 lumbis,
1539 2720 1611 2776 sicut
1641 2721 1670 2775 in
1697 2719 1810 2773 Adomo

114 2822 165 2860 sua
182 2805 323 2861 voluntate
341 2804 498 2860 discesserit
515 2822 533 2859 a
551 2803 611 2860 Deo
627 2846 633 2870 ,
652 2805 748 2860 nolens
766 2811 794 2860 et
812 2804 916 2859 invitus
932 2821 950 2861 a
977 2806 1110 2861 dicantar
1130 2822 1223 2861 omnes
1243 2807 1361 2875 mortui,
1392 2807 1422 2862 id
1447 2813 1489 2863 est
1514 2806 1594 2863 morti
1616 2806 1683 2863 faeti
1700 2805 1812 2863 obnoxii

116 2907 231 2964 corpore
249 2908 301 2948 sno
320 2893 497 2964 sejungatur,
522 2909 556 2948 ac
573 2893 638 2963 jure
663 2892 745 2949 bomo
761 2891 891 2963 delapsus
907 2897 949 2947 est
979 2897 1000 2948 1.
1020 2891 1083 2948 (ior.
1105 2897 1149 2962 15,
1173 2911 1198 2947 ν.
1218 2897 1260 2950 22.
1278 2909 1312 2949 00
1329 2893 1403 2949 sicut
1419 2894 1489 2950 Levi
1507 2894 1535 2949 in
1552 2894 1717 2949 Abrabamo
1737 2891 1810 2947 dcci·

113 2979 142 3034 in
159 2984 283 3049 mortem,
300 2978 347 3051 qni
365 2985 394 3035 et
416 2979 518 3048 Deum,
537 2985 677 3034 auctorem
695 2979 776 3045 vitae,
795 2977 949 3047 contemsit,
976 2987 1068 3035 matres
1088 2979 1209 3050 dicitur,
1236 2980 1265 3034 in
1282 2980 1364 3048 cuiae
1382 2980 1481 3035 lumbis
1499 2988 1561 3035 erat
1579 2979 1662 3036 Hebr.
1684 2986 1713 3049 7,
1739 2997 1765 3033 v.
1784 2985 1808 3037 9.

115 3072 144 3121 et
161 3064 280 3135 diabolo,
301 3065 396 3120 mortis
416 3065 534 3137 parenti,
552 3065 698 3121 consensit.
727 3064 781 3119 Hic
798 3064 948 3136 primorum
975 3067 1020 3122 vel
1037 3072 1190 3138 peccarunt
1202 3066 1232 3121 in
1247 3065 1356 3121 Adamo
1374 3071 1507 3139 tauquam
1519 3065 1548 3120 in
1563 3066 1701 3122 communi
1714 3066 1809 3137 stirpe,
1880 3077 1883 3081 ’

112 3156 259 3224 parentum
273 3151 367 3224 lapsus
386 3158 428 3207 est
445 3150 613 3222 amplissima
624 3151 672 3206 illa
685 3152 781 3222 janua,
797 3168 846 3221 per
865 3167 947 3222 quam
975 3170 990 3209 e
1016 3168 1073 3224 qua
1098 3167 1192 3207 omnes
1219 3157 1352 3224 tanquam
1379 3153 1449 3207 rami
1472 3152 1618 3224 prodeunt.
1667 3150 1722 3209 Sed
1743 3150 1809 3225 quia

113 3253 186 3293 mors
215 3237 244 3292 in
272 3242 360 3292 totum
384 3238 516 3293 mundum
535 3237 703 3310 penetravit;
722 3242 766 3292 eet
790 3237 872 3308 pyris
898 3237 947 3291 illa
974 3239 1023 3292 tut
1040 3238 1092 3294 boc
1111 3254 1194 3293 sensu
1214 3254 1277 3293 raro
1298 3245 1462 3310 usurpatur,
1481 3256 1514 3295 ac
1533 3240 1598 3312 quia
1615 3239 1719 3312 pendet
1737 3238 1808 3294 haec

115 3324 270 3390 Pandorae,
303 3341 408 3396 exque
428 3343 508 3380 omne
528 3323 630 3380 malum
656 3325 685 3379 in
704 3323 829 3379 homines
847 3340 947 3395 propa·
973 3325 1112 3380 sententia
1132 3341 1150 3379 a
1175 3323 1299 3395 proxime
1322 3325 1555 3396 praecedentibus
1577 3326 1682 3395 verbis,
1700 3325 1729 3381 in
1748 3323 1807 3397 qui·

114 3420 224 3482 getam,
256 3417 298 3467 est
325 3418 479 3467 venenatus
504 3411 550 3467 ille
572 3411 648 3480 iona,
677 3411 725 3483 qui
749 3416 837 3466 totum
859 3428 947 3483 genus
973 3412 1025 3466 bue
1045 3410 1123 3467 nulla
1140 3410 1172 3467 fit
1190 3410 1292 3466 Adami
1311 3412 1429 3481 mentio,
1458 3411 1561 3469 referre
1589 3419 1681 3469 autam
1707 3429 1807 3484 prono·

113 3498 265 3554 humanum
283 3499 378 3554 iniecit
397 3516 429 3553 ac
448 3499 578 3570 corrupit.
613 3499 751 3554 Probatur
769 3497 821 3553 hoc
841 3505 898 3552 tum
914 3515 947 3551 ee
973 3516 1037 3555 men
1053 3497 1342 3554 relativumadunum
1354 3498 1678 3570 iliumhominem,cujus
1690 3497 1719 3553 in
1731 3498 1806 3570 prin·

113 3585 235 3640 latoria
253 3586 351 3656 lapsus
368 3585 519 3650 Adamici,
551 3594 608 3639 tum
621 3603 659 3657 ¹aa·
678 3585 835 3651 nsanifestia
863 3585 947 3638 dictis
973 3585 1046 3657 cipio
1066 3583 1194 3640 versiculi
1216 3583 1250 3639 fit
1268 3584 1379 3653 mentio,
1398 3585 1480 3640 nimis
1496 3585 1596 3640 durum
1614 3590 1643 3641 et
1656 3583 1807 3641 ἀνακόλου-

113 3672 245 3742 opoetoie'.
295 3671 403 3725 Primus
435 3687 535 3742 parens
563 3679 656 3728 noster
681 3672 841 3727 mandatum
870 3687 947 3726 acce·
974 3680 1027 3728 tos
1044 3671 1168 3733 videtur,
1196 3668 1259 3725 ideo
1284 3669 1436 3742 simplicius
1464 3672 1610 3742 exponitur
1644 3673 1806 3739 carnaliter,

113 3765 194 3831 perat
229 3757 264 3813 de
293 3775 349 3813 non
379 3757 548 3814 comedendo
581 3760 681 3813 vetitae
708 3757 814 3813 arboris
847 3757 948 3823 fructu,
976 3775 1007 3814 eo
1025 3760 1102 3830 qnod
1120 3773 1214 3813 omnes
1229 3765 1433 3826 peccaverunt,
1463 3757 1491 3812 in
1517 3775 1574 3830 qua
1590 3757 1679 3813 iorma
1695 3758 1807 3830 ponitur

10 3857 177 3902 '11.³ecum
208 3860 319 3899 annexa
346 3845 441 3900 mortis
471 3844 681 3900 comminatione
714 3843 784 3918 Glen.
807 3851 838 3911 2,
859 3863 884 3898 v.
908 3848 946 3902 17.
974 3846 1052 3902 Rom.
1072 3849 1097 3912 8,
1114 3862 1141 3900 v.
1156 3848 1179 3899 3.
1200 3847 1223 3898 2.
1237 3841 1299 3901 Cor.
1318 3849 1342 3909 5,
1360 3862 1385 3900 v.
1399 3850 1421 3900 t.
1441 3862 1497 3917 quo
1517 3845 1597 3901 modo
1618 3846 1701 3901 etiam
1717 3846 1806 3916 Syrus

115 3933 214 4005 utique
233 3947 299 4004 ergo
318 3947 391 3986 mors
410 3936 452 3986 est
469 3932 578 4002 peccati
592 3931 708 3987 effectus
728 3938 756 3987 et
767 3948 947 4002 consequens.
973 3931 1109 3999 reddidit3
1139 3930 1249 3985 interim
1273 3929 1409 4000 fatemur,
1437 3931 1510 3986 circa
1538 3933 1653 3989 verbum
1683 3931 1806 4007 ἥμαρτον

115 4020 194 4076 Idem
213 4037 276 4074 cum
300 4018 329 4072 in
353 4024 499 4089 peceatum
526 4019 670 4090 prolapsus
692 4018 805 4091 fuisset,
837 4035 871 4073 ex
901 4035 947 4072 ore
973 4016 1239 4089 subintelligendum
1260 4032 1336 4082 esse,
1356 4018 1430 4090 quod
1451 4035 1546 4075 omnes
1563 4019 1592 4073 in
1612 4020 1724 4074 Adomo
1741 4035 1805 4090 pec-

113 4105 168 4161 Dei
187 4104 294 4161 audivit
311 4105 406 4159 mortis
425 4105 599 4172 sententiam,
621 4104 722 4159 Genea.
742 4109 767 4173 3,
795 4123 820 4158 v.
843 4110 887 4160 li:
912 4106 947 4157 In
974 4105 1111 4169 caverint,
1139 4104 1168 4158 id
1197 4108 1240 4159 est
1269 4105 1344 4175 quod
1371 4121 1405 4160 ex
1432 4106 1555 4161 Adamo
1572 4124 1666 4163 omnes
1695 4106 1806 4162 trabant

113 4193 218 4246 eadere
243 4192 333 4246 orcitus
355 4192 398 4244 tai
421 4191 541 4244 scoceria
555 4206 632 4261 ponc
653 4198 714 4260 tuo,
745 4193 832 4245 donec
858 4208 947 4245 rener-
973 4196 1134 4264 peccatum,
1166 4206 1217 4261 per
1246 4189 1384 4246 carnalem
1415 4190 1521 4246 scilicet
1545 4192 1750 4263 generat-ionem
1778 4197 1807 4248 ct

113 4279 236 4333 torisia
255 4286 373 4346 terram,
403 4285 630 4346 repausantes
648 4295 688 4344 ca,
718 4277 784 4346 qaia
806 4277 900 4346 pericia
917 4285 948 4331 tn
974 4280 1025 4334 hac
1045 4277 1152 4334 ratione
1169 4294 1264 4333 omnes
1290 4276 1372 4331 morti
1392 4277 1449 4333 sint
1465 4278 1576 4334 obnoxii
1595 4279 1670 4336 facti.
1708 4278 1807 4335 Mortis

115 4373 143 4419 et
160 4365 191 4418 in
206 4366 349 4435 pulverem
375 4365 536 4432 reverterit,
561 4363 609 4418 ubi
634 4363 716 4418 homo
736 4363 837 4419 dicitur
852 4365 946 4434 paleis
974 4373 1065 4420 animm
1096 4363 1220 4431 nomine,
1246 4379 1330 4434 quam
1355 4364 1498 4436 apostolus
1529 4381 1579 4436 per
1604 4372 1748 4437 peceatum
1777 4366 1806 4422 in

114 4466 171 4508 non
190 4449 295 4506 ratione
316 4448 438 4516 animae,
469 4449 644 4505 narratione
663 4449 795 4521 primaevi
813 4456 901 4505 status
920 4458 947 4505 st
974 4452 1107 4506 mundum
1126 4449 1263 4506 introiisse
1281 4450 1397 4517 asserit,
1414 4468 1470 4506 non
1488 4457 1580 4523 potest
1599 4452 1718 4525 intelligi
1737 4454 1806 4508 dun·

114 4536 289 4603 conditionis,
311 4553 394 4608 quam
413 4551 512 4607 corpus
530 4539 590 4607 ejus
603 4543 667 4591 anto
681 4543 826 4607 peccatum
843 4536 947 4607 habuit,
972 4544 1050 4593 taxat
1068 4554 1144 4591 mora
1169 4537 1280 4591 animoa
1309 4537 1472 4609 spiritualia
1495 4537 1524 4592 in
1543 4539 1685 4595 aversione
1705 4557 1722 4594 a
1745 4541 1806 4596 Deo

115 4622 184 4696 qnia
201 4622 272 4678 illud
289 4622 364 4678 dono
382 4622 598 4677 immortalitatis
617 4622 672 4676 fuit
689 4623 861 4693 praeditum,
897 4625 946 4679 sed
973 4642 1006 4679 ac
1029 4623 1059 4678 in
1090 4622 1236 4678 amissione
1267 4621 1378 4679 divinae
1405 4623 1513 4695 gratiae
1542 4630 1570 4680 et
1599 4624 1806 4682 inhabitationis

115 4711 224 4765 rat-ione
243 4709 348 4780 primae
367 4708 496 4781 originis,
521 4709 586 4780 quia
605 4725 705 4780 corpus
723 4726 757 4764 ex
772 4708 837 4764 limo
857 4716 945 4766 torrae
975 4710 1136 4775 consistens,
1157 4709 1223 4780 qnia
1251 4710 1394 4782 apostolus
1406 4710 1553 4784 distinguit
1570 4713 1643 4769 inter
1660 4720 1806 4784 peecatum

115 4801 146 4853 et
175 4795 215 4850 sic
245 4811 278 4850 ex
307 4794 420 4866 pulvere
446 4793 500 4848 iuuit
529 4795 693 4860 formatum,
723 4813 756 4850 ac
783 4798 902 4851 reversio
918 4797 946 4851 in
973 4804 1001 4854 et
1028 4801 1143 4854 mortem
1177 4813 1210 4852 ac
1238 4795 1309 4850 illud
1337 4795 1421 4869 hujus
1439 4814 1551 4853 causam
1569 4801 1725 4871 constituit,
1746 4804 1806 4873 jam

116 4883 261 4957 pulverem
280 4881 383 4936 bomini
403 4881 432 4935 in
450 4888 593 4951 peccatum
612 4881 742 4954 prolapso
761 4883 946 4947 denuntiatur,
973 4901 1038 4939 vero
1063 4888 1208 4956 peccatum
1233 4889 1261 4938 et
1287 4882 1397 4939 animae
1420 4901 1493 4939 mors
1517 4885 1627 4941 realiter
1652 4904 1707 4942 non
1726 4887 1806 4942 diffe-

115 4988 173 5028 non
191 4969 270 5041 quasi
285 4968 367 5024 bomo
386 4968 414 5023 in
428 4976 530 5024 statum
544 4986 624 5023 snum
644 4969 797 5024 naturalem
812 4969 948 5039 reciderit,
974 4975 1053 5040 runt,
1072 4987 1122 5026 nec
1139 4974 1231 5042 potest
1248 4974 1358 5024 tantum
1375 4971 1494 5044 intelligi
1509 4991 1584 5028 more
1597 4981 1721 5038 aeterno,
1742 4974 1808 5045 quia

115 5058 167 5113 sed
191 5055 257 5128 quia
284 5054 366 5110 homo
393 5070 443 5126 per
460 5061 639 5126 peccatuma
660 5060 735 5110 statu
761 5072 812 5109 suo
829 5057 948 5111 naturali
975 5063 1090 5112 mortem
1107 5055 1201 5125 illam,
1227 5056 1263 5111 de
1280 5073 1336 5127 qua
1353 5057 1488 5129 loquitur,
1516 5057 1598 5114 etiam
1623 5059 1652 5113 in
1670 5076 1729 5127 eos,
1759 5061 1807 5131 qui

114 5145 145 5201 in
172 5143 258 5198 abum
282 5142 547 5214 praeternaturalem
572 5142 728 5198 voluntario
755 5159 845 5197 errore
862 5142 949 5198 desci-
976 5161 1031 5198 non
1049 5148 1167 5215 peccant
1184 5142 1220 5198 ad
1237 5141 1448 5199 similitudinem
1468 5144 1563 5214 Adae,
1581 5144 1610 5199 in
1630 5145 1704 5216 ipsos
1724 5145 1806 5200 etiam

114 5237 208 5294 verat,
234 5227 330 5300 ntique
352 5246 418 5301 ergo
444 5246 517 5284 mors
535 5233 577 5283 est
591 5230 700 5299 peccati
727 5245 898 5300 consequens
916 5247 949 5284 aa
975 5229 1095 5285 infantes
1126 5244 1243 5300 regnare
1269 5227 1378 5298 scribit,
1409 5229 1573 5303 intelligitur
1603 5248 1669 5303 ergo
1696 5230 1807 5302 proprie

115 5333 221 5391 poena,
254 5331 307 5370 non
335 5316 458 5371 conditio
487 5314 591 5388 οὐσίας,
621 5317 669 5371 sed
695 5333 785 5386 poena
806 5315 949 5391 ipaprtnr.
977 5335 1051 5372 mors
1068 5316 1210 5386 corporis,
1241 5312 1286 5369 eui
1313 5314 1342 5370 in
1369 5331 1399 5370 se
1424 5332 1457 5371 ac
1485 5334 1534 5388 per
1562 5334 1592 5372 se
1610 5323 1687 5372 extra
1704 5316 1807 5373 Christi

115 5405 271 5461 Peccatum
304 5402 372 5457 iram
406 5402 460 5458 Dei
483 5403 656 5474 provocavit,
686 5403 728 5458 ira
754 5402 807 5458 Dei
835 5408 948 5458 mortem
976 5403 1094 5476 gratiam
1117 5400 1307 5459 consideratae
1331 5408 1425 5459 reatus
1450 5403 1543 5458 mortis
1567 5409 1696 5459 aeternae
1714 5404 1807 5460 imme-

116 5492 221 5549 mnndo
238 5487 354 5546 induxit.
374 5490 459 5546 Sirae.
479 5495 526 5559 25,
553 5508 579 5547 v.
598 5493 640 5547 32.
659 5506 676 5543 a
696 5489 812 5545 muliare
841 5488 950 5544 initium
977 5490 1051 5546 diste
1086 5495 1128 5546 est
1158 5505 1307 5548 connexus.
1342 5490 1377 5544 In
1402 5489 1462 5546 eod.
1497 5506 1558 5562 cap.
1583 5508 1609 5544 v.
1642 5495 1681 5547 lt.
1715 5492 1809 5563 pergit

115 5578 239 5653 peceati,
276 5583 304 5636 at
338 5583 452 5649 propter
486 5576 556 5633 illud
593 5576 718 5651 (qnidam
752 5574 876 5634 referunt
913 5577 949 5632 ad
975 5575 1133 5653 spostolus:
1174 5577 1314 5652 Repnom
1347 5593 1423 5633 more
1452 5576 1487 5631 oli
1514 5576 1627 5633 Adamo
1653 5591 1742 5646 nepae
1767 5578 1808 5636 od
