4104 6014
234 248 295 309 202
823 235 946 295 Locus
964 233 1171 292 menemus
1190 233 1337 292 SEXTUS

235 395 291 450 cite
309 393 371 447 Dee
389 392 612 452 reconciliemur,
639 408 674 445 ne
693 394 807 461 propter
831 389 1067 460 impoenitentiam
1082 382 1086 445 1
1101 403 1156 441 000
1176 394 1268 457 petest
1287 387 1366 443 reddi
1386 387 1543 442 universum
1562 387 1695 456 debitum,
1714 388 1782 459 qnia
1798 405 1855 443 noa
1871 393 1934 459 pet·
1948 408 2016 451 nvn.
2027 407 2049 449 01

233 481 262 534 10
288 495 427 534 carcerem
453 477 616 532 infernalem
641 476 761 546 conjecti
789 476 908 532 00100010
925 476 1070 546 suppliciis
1098 480 1140 528 est
1168 473 1297 528 0011011001
1320 489 1373 544 pro
1397 473 1520 543 peccatis
1544 474 1719 542 mortalibus,
1749 475 1800 530 sed
1823 479 1934 530 tautum

231 565 357 631 justitiae
374 563 484 618 divinae
503 561 663 618 satisfacere
677 577 817 633 cogamur.
851 559 978 615 Christus
996 561 1070 617 enim
1096 577 1147 630 pre
1164 559 1327 616 venialibus.
1357 559 1468 623 Quinto,
1485 558 1534 613 ubi
1549 560 1650 614 solutio
1666 560 1754 616 debiti
1768 561 1934 616 1000101010

233 652 350 708 eandem
369 650 586 705 'similitudinem
603 654 720 719 usurpat
737 648 808 704 Luc.
829 652 877 714 12,
902 664 928 702 0.
947 654 989 704 18.
1006 665 1070 703 cum
1096 645 1230 716 exigitur,
1249 651 1282 700 ut
1300 645 1359 700 sinc
1376 662 1410 700 ea
1428 661 1567 700 carcerem
1587 645 1684 716 egredi
1703 663 1759 701 non
1777 646 1874 717 liceat,
1892 647 1934 702 ibi

232 736 455 808 reprehendisset
483 734 664 804 Pharisaeos,
692 734 767 805 quod
791 750 848 788 000
887 740 1071 805 agnoscerent
1096 730 1225 801 precibus
1243 738 1271 786 et
1290 730 1430 802 suffragiis
1448 731 1541 785 nullus
1560 731 1727 801 relinquitur
1751 731 1837 787 locus.
1876 732 1934 788 Sed

233 829 341 894 tempas
360 821 484 892 gratiae,
509 837 543 876 ac
561 837 612 874 nes
630 836 725 875 omncs
743 820 779 875 ad
797 818 911 891 vigilem
933 820 1069 874 adventus
1095 818 1125 870 in
1145 815 1204 871 hac
1229 816 1363 886 parabola
1388 815 1491 871 Christi
1516 815 1616 870 solutio
1642 814 1729 870 debiti
1754 820 1812 871 tam
1836 817 1934 873 stricte

233 909 276 963 sui
302 906 536 978 exspectationem
560 905 720 961 cohortatus
748 904 855 961 fuisset.
899 905 963 959 Vid.
982 905 1068 960 harm
1096 902 1228 973 exigitur,
1260 909 1292 957 ut
1323 902 1383 957 sine
1413 918 1447 957 aa
1473 917 1612 958 carcerem
1644 902 1740 972 egredi
1762 919 1818 958 nen
1840 903 1934 960 110001.

233 1009 329 1065 evang.
349 1009 373 1047 c.
394 998 435 1048 51.
461 1010 489 1062 p.
507 996 565 1048 351.
610 997 635 1046 1.
652 991 815 1063 Allegerica
832 991 881 1046 illa
897 991 1006 1062 piorum
1022 1008 1068 1046 00-
1095 987 1171 1058 Erge
1188 987 1319 1058 precibus
1344 991 1373 1042 et
1400 986 1542 1058 suffragiis
1564 987 1690 1043 vivorum
1714 988 1743 1043 in
1768 989 1933 1044 liberatione

232 1086 322 1135 terum
353 1077 546 1148 interpretatio
576 1078 686 1131 nullum
716 1077 877 1148 purgatorie
915 1078 1068 1132 fomentum
1096 1073 1294 1144 expurgatorii
1312 1089 1424 1129 0000000
1438 1073 1531 1129 nullus
1543 1073 1656 1128 relictus
1668 1079 1712 1128 est
1722 1074 1811 1130 locus.
1840 1074 1934 1142 Serto,

233 1169 366 1237 praestat,
384 1163 473 1235 prime
489 1163 556 1234 quia
574 1162 711 1233 parabola
721 1179 898 1234 nequaquam
911 1163 1068 1234 categorica
1095 1159 1118 1213 si
1136 1176 1186 1230 per
1201 1159 1326 1229 judicem
1340 1159 1498 1230 intelligere
1514 1159 1630 1214 velimus
1645 1158 1788 1214 Christum
1804 1160 1933 1215 vivorum

232 1251 341 1322 asserit,
357 1256 422 1320 post
429 1248 568 1319 judicium
585 1248 630 1303 001
643 1253 732 1303 tetum
745 1248 880 1313 debitum,
898 1248 943 1304 001
960 1253 1068 1319 partem
1095 1261 1128 1299 00
1153 1251 1323 1299 mortuorum
1345 1245 1470 1315 judicem
1498 1243 1630 1299 divinitus
1655 1245 1852 1314 constitutum,
1877 1263 1933 1302 non

232 1337 355 1408 aliquam
374 1334 462 1390 debiti
481 1334 585 1389 cxsolvi
604 1350 695 1403 posse,
717 1350 769 1389 nec
787 1334 937 1404 premittit,
963 1335 1023 1388 fore
1037 1339 1069 1387 ut
1095 1347 1240 1400 pessumus
1258 1344 1309 1399 per
1333 1330 1473 1384 debitores
1496 1329 1652 1401 intelligere
1667 1331 1784 1399 0100100,
1812 1348 1864 1387 000
1882 1349 1933 1402 per

233 1421 343 1476 debitor
355 1438 389 1475 ex
401 1435 519 1485 carcere,
534 1420 564 1473 in
577 1436 660 1490 quem
674 1421 819 1490 conjectus
832 1425 900 1487 erat,
917 1419 1067 1490 aliquande
1095 1432 1232 1471 carcerem
1246 1417 1444 1484 purgatorium
1466 1415 1566 1470 infami
1584 1415 1690 1483 sinum,
1717 1416 1784 1488 quia
1804 1416 1933 1473 Christus

125 1490 129 1496 ¹
232 1507 332 1562 iterum
358 1507 504 1570 liberetur,
531 1505 582 1561 sed
600 1505 769 1560 contrarium
791 1505 885 1574 potius
905 1504 1067 1570 insinuatur,
1095 1499 1196 1555 electos
1214 1517 1278 1556 suos
1296 1500 1508 1570 nenedjudieat
1525 1500 1589 1555 ullis
1606 1508 1671 1572 post
1688 1508 1805 1557 mortem
1824 1504 1933 1573 suppli-

232 1592 362 1647 videlicct
380 1607 432 1645 nec
451 1589 538 1646 debiti
557 1588 787 1661 persolutionem,
805 1606 858 1645 nec
882 1589 1017 1645 debitoris
1033 1607 1066 1644 ex
1094 1585 1144 1640 ciis
1164 1585 1193 1638 in
1211 1586 1332 1655 quodam
1360 1585 1461 1640 inferni
1489 1585 1552 1640 sinu
1582 1586 1747 1653 tolerandis,
1774 1604 1827 1643 000
1851 1590 1932 1644 00110-

232 1694 342 1733 earcere
374 1675 566 1732 liberationem
601 1674 658 1729 ullo
688 1691 812 1745 unquam
849 1682 974 1745 tempere
1008 1691 1067 1731 esse
1092 1669 1242 1725 factionem
1259 1688 1310 1740 pro
1330 1677 1508 1740 peccatorum
1527 1669 1630 1731 debitis
1648 1671 1685 1727 ab
1704 1672 1744 1727 010
1763 1673 1861 1743 exigit,
1880 1675 1932 1730 sed

233 1762 409 1834 sperandam,
429 1761 494 1831 quia
505 1760 704 1831 rigidissimum
720 1762 768 1831 jus
788 1762 923 1817 exactoris
935 1766 962 1816 01
978 1761 1067 1832 gravi-
1094 1762 1126 1810 ut
1160 1756 1268 1810 dilectis
1300 1755 1359 1810 suis
1384 1772 1418 1810 ac
1445 1755 1600 1810 benedictis
1637 1756 1819 1814 hereditatem
1849 1762 1931 1831 regni

233 1855 276 1902 tm
296 1847 413 1917 periculi
431 1846 467 1901 eb
491 1846 646 1916 neglectam
666 1845 695 1900 10
713 1845 766 1901 hac
791 1846 849 1900 0110
868 1845 1066 1902 reconciliatio·
1094 1841 1220 1897 coelestis
1252 1841 1399 1896 distribuit
1450 1842 1538 1896 Recte
1569 1841 1655 1913 igitur
1687 1845 1722 1899 de
1749 1847 1870 1901 aeternis
1902 1852 1932 1903 01

233 1951 296 1988 nem
325 1932 505 1999 describitur,
535 1931 588 1986 hac
616 1930 796 1986 conditionali
825 1948 860 1987 ac
886 1931 1068 2003 hypothetica
1093 1943 1236 2000 nunquam
1276 1926 1407 1983 finiendis
1444 1927 1637 1982 damnatorum
1673 1930 1817 2001 suppliciis
1844 1932 1932 1989 00010

232 2018 460 2081 comminatione,
478 2036 533 2072 nen
553 2018 639 2072 coibis
658 2033 673 2071 e
692 2034 821 2087 cerem,
840 2018 898 2072 nisi
915 2026 1002 2072 tetum
1019 2019 1067 2071 de·
1094 2013 1196 2068 Christi
1220 2014 1257 2069 ab
1275 2012 1465 2084 Hieronymo,
1493 2015 1651 2085 Augustino
1675 2022 1705 2071 et
1720 2016 1931 2089 Theophylacto

233 2105 318 2159 111000
338 2121 424 2172 usque
441 2106 482 2157 ed
496 2104 677 2157 neensimem
689 2106 876 2175 quadrantem
888 2103 1066 2173 persolveris.
1093 2099 1274 2171 accipiuntur.
1305 2099 1492 2169 Hieronymus
1507 2100 1536 2153 in
1553 2099 1667 2157 lament.
1697 2101 1755 2159 Jer.
1774 2102 1793 2160 l.
1814 2111 1836 2159 1.
1856 2120 1880 2160 c
1901 2112 1930 2162 1:

231 2191 298 2246 1010
319 2205 385 2245 vere
410 2194 529 2244 testatur
546 2194 607 2243 tota
625 2189 782 2260 Scriptura,
807 2196 871 2260 post
892 2190 964 2244 hanc
980 2190 1067 2243 vitam
1094 2187 1243 2255 Significat
1260 2202 1368 2254 comper
1391 2203 1448 2239 nen
1467 2187 1607 2241 sciturum
1624 2203 1698 2256 erse,
1723 2189 1792 2258 quie
1817 2207 1928 2259 semper

231 2295 287 2332 non
312 2293 373 2332 esse
399 2274 565 2346 sperandam
589 2291 641 2345 pro
668 2282 846 2346 peccatorum
870 2275 964 2331 debito
987 2275 1066 2330 satis·
1091 2273 1183 2327 seleet
1214 2270 1392 2326 nmsesimum
1421 2273 1621 2341 quadrantem,
1650 2274 1718 2328 dum
1740 2276 1928 2345 sempeternus

230 2362 389 2425 factionem,
409 2378 460 2416 nec
477 2360 729 2416 reconciliationem
750 2377 814 2415 cum
828 2360 889 2416 Deo
906 2379 956 2432 per
972 2360 1066 2430 poeni·
1089 2374 1198 2428 poenos
1230 2365 1404 2412 terrenorum
1431 2365 1612 2427 peccaterum
1640 2359 1701 2414 leit.
1752 2360 1931 2432 Augustinus

231 2447 347 2503 tentiam
365 2446 596 2516 exspectandam,
621 2447 796 2515 sedeerum,
814 2446 908 2517 quiin
927 2462 1065 2502 carcerem
1091 2445 1110 2499 l.
1131 2450 1153 2501 1.
1171 2444 1206 2500 de
1223 2461 1303 2500 serm
1323 2443 1405 2501 Dum.
1424 2443 1454 2498 in
1473 2450 1672 2501 1000100221
1699 2447 1810 2512 Miror,
1826 2447 1854 2499 a·
1872 2465 1931 2502 nen

231 2533 394 2588 infernalem
413 2531 617 2601 conjiciuntur,
644 2531 769 2586 debitum
796 2548 856 2587 esse
880 2539 1067 2597 aeternum,a
1092 2547 1154 2585 eom
1170 2531 1455 2599 significetpeenem
1482 2546 1554 2599 quoe
1582 2539 1624 2584 eat
1650 2539 1776 2586 emeno.
1818 2531 1928 2588 Ibidem

231 2635 286 2689 quo
304 2633 446 2688 nunquam
471 2615 576 2670 exsolvi
594 2623 720 2686 possunt.
755 2617 801 2672 De
825 2634 859 2672 eo
881 2618 930 2689 qui
954 2625 1067 2689 prepter
1091 2617 1256 2689 particulam
1277 2619 1366 2671 denec
1385 2616 1553 2689 quandoque
1564 2618 1757 2673 aeternitatem
1769 2618 1930 2688 significare

231 2703 356 2757 debitum
390 2703 486 2758 decern
512 2700 631 2756 millium
662 2702 846 2773 imperialium
872 2705 901 2758 in
928 2720 1065 2759 carcerem
1090 2702 1190 2759 0000011
1214 2709 1244 2758 01
1266 2703 1367 2773 prebat
1394 2719 1427 2757 ex
1455 2702 1558 2758 Psalm.
1586 2708 1648 2772 111),
1675 2719 1700 2757 0.
1728 2710 1749 2759 1.
1781 2704 1881 2762 Matth.
1904 2707 1928 2770 i,

231 2787 392 2859 conjicitur,
419 2791 496 2843 recte
519 2804 634 2858 possum
661 2787 767 2859 dicere,
794 2806 850 2844 non
876 2789 965 2846 exibit
991 2790 1064 2856 inde,
1090 2808 1117 2845 0.
1138 2793 1179 2846 25.
1204 2788 1431 2858 Theophylsctus
1457 2788 1487 2841 in
1517 2805 1542 2843 c.
1564 2793 1601 2844 12.
1620 2789 1708 2846 Luc:
1735 2793 1758 2844 at
1785 2788 1841 2862 yde
1861 2788 1929 2863 ἄχρι

231 2874 321 2929 donec
346 2874 440 2930 omnia
466 2874 608 2946 persolvat
631 2892 720 2946 usque
745 2876 782 2930 ad
800 2876 979 2932 novissimum
996 2894 1064 2948 qua·
1090 2875 1151 2930 τότε
1163 2878 1201 2935 εἰς
1215 2875 1344 2944 quirem
1354 2874 1486 2946 106μο10,
1502 2869 1581 2947 ἄχρις
1594 2873 1630 2931 ἄν
1647 2875 1678 2930 τὸ
1690 2877 1808 2946 ἔσχατον
1820 2879 1931 2934 λεπτὸν·

232 2959 367 3018 drentem.
401 2961 443 3015 Ex
461 2977 494 3016 00
513 2976 579 3016 vero
602 2978 658 3016 nen
676 2967 770 3032 potest
788 2960 897 3030 inferri,
927 2979 995 3035 erge
1014 2964 1063 3018 ali·
1091 2962 1250 3029 ἀποδῶμεν,
1268 2958 1403 3015 οὐδέποτε
1416 2961 1612 3035 tentissime
1631 2959 1797 3033 ἀποδοῦναι,
1817 2962 1924 3042 πρόδη·

232 3046 344 3119 quando
360 3047 499 3116 persolvet
522 3047 701 3102 novissimum
719 3048 904 3119 quadrantem
921 3055 950 3104 01
969 3067 1063 3105 conse·
1091 3052 1150 3119 ier,
1168 3047 1204 3110 ὡς
1222 3045 1312 3107 ἀΐδιος
1330 3046 1469 3116 indicere
1488 3047 1573 3104 ierus.
1605 3047 1740 3120 Septimo,
1755 3051 1927 3123 0100010111-

232 3131 454 3204 quenterexibit,
471 3133 521 3188 sed
539 3133 706 3189 contrarium
723 3134 817 3204 potius
835 3151 869 3190 cx
888 3152 920 3191 eo
938 3135 1064 3204 infertur,
1089 3150 1150 3189 cem
1174 3133 1330 3205 intelligere
1354 3133 1471 3190 velimus
1494 3135 1605 3212 Deum,
1637 3151 1808 3206 consequens
1831 3136 1925 3206 fuerit,

231 3219 298 3291 quia
322 3226 435 3289 propter
456 3219 590 3291 grandem
617 3219 705 3275 debiti
730 3237 865 3275 summam
890 3238 947 3276 nen
972 3228 1066 3292 petest
1090 3220 1150 3276 Deo
1169 3236 1225 3274 non
1243 3236 1303 3275 esse
1322 3211 1558 3274 satisfaciendum]
1594 3219 1676 3276 Ratio
1695 3228 1744 3289 001,
1761 3221 1829 3292 quia
1846 3223 1923 3279 dehi-

232 3321 321 3376 usqnc
341 3305 377 3359 ad
396 3305 575 3360 novissimum
594 3305 777 3376 quadrantem
795 3307 888 3361 emnia
899 3308 1063 3378 persolvere,
1090 3313 1133 3360 tor
1144 3321 1200 3359 000
1211 3304 1348 3360 0011010011
1361 3305 1453 3376 judici
1466 3307 1516 3362 sed
1527 3306 1665 3364 creditori.
1698 3308 1813 3378 001000,
1831 3309 1855 3363 01
1874 3326 1924 3388 per

231 3407 370 3462 ergeuen
389 3391 646 3447 exibitecarcere.
680 3391 825 3447 Praeterea
844 3393 937 3464 gravis
961 3393 1009 3449 illa
1029 3411 1062 3448 ac
1089 3408 1227 3448 carcerem
1251 3391 1417 3463 intelligitur
1430 3394 1646 3461 purgatorium,
1671 3393 1750 3449 nulla
1775 3394 1804 3449 in
1821 3412 1926 3467 pnrga-

231 3476 303 3532 seria
318 3476 421 3533 Christi
432 3477 594 3547 cohortatio,
614 3494 671 3548 qua
681 3495 774 3533 omnes
787 3479 909 3534 homines
923 3480 1064 3550 preposite
1089 3479 1160 3533 torio
1181 3479 1234 3534 erit
1250 3496 1301 3549 pre
1319 3479 1441 3550 peccatis
1473 3478 1634 3534 satisfactio.
1682 3480 1765 3536 Ratio
1782 3487 1840 3550 est,
1860 3483 1928 3553 quia

231 3563 337 3618 aeterni
357 3568 386 3619 01
402 3580 545 3634 nunquam
563 3562 678 3618 finiendi
699 3564 830 3634 supplicii
847 3565 971 3635 periculo
989 3567 1063 3623 cxci·
1090 3564 1199 3620 debitor
1214 3565 1245 3620 in
1264 3580 1375 3620 carcere
1387 3582 1442 3620 non
1460 3565 1597 3620 satisfacit
1617 3582 1668 3636 pre
1686 3565 1796 3636 debito,
1815 3570 1865 3623 sed
1885 3576 1926 3625 te-

230 3653 290 3704 ture
319 3654 347 3702 01
384 3648 526 3720 impellere
557 3648 658 3717 veluit,
695 3654 728 3703 ut
766 3650 801 3704 de
840 3651 1064 3708 reconciliatione
1089 3657 1169 3706 netur
1188 3651 1217 3704 10
1236 3666 1270 3705 eo
1289 3651 1468 3717 constrictus,
1488 3651 1577 3706 donee
1594 3652 1641 3706 alii
1659 3670 1710 3722 pro
1726 3652 1787 3723 ipso
1806 3653 1925 3710 solvant

230 3750 294 3789 eum
312 3734 373 3788 Dee
391 3735 419 3788 10
439 3735 493 3788 hac
517 3735 575 3790 vita
591 3740 700 3791 mature
717 3736 887 3807 cogitarent,
910 3744 1060 3809 antequam
1089 3737 1177 3805 Nono,
1189 3735 1213 3789 si
1221 3754 1271 3791 nes
1284 3736 1338 3807 ipsi
1344 3752 1490 3806 pessumus
1496 3738 1653 3808 persolvere
1662 3740 1797 3809 usquead
1809 3741 1923 3796 novissi·

230 3819 381 3875 tortoribus
410 3818 594 3875 infernalibus
627 3821 775 3892 torquendi
811 3823 972 3889 1001001οτ,
1007 3842 1061 3880 000
1090 3839 1163 3876 mum
1172 3822 1364 3892 quadrantem,
1376 3839 1506 3893 quorsum
1516 3839 1585 3894 epus
1595 3824 1648 3879 fuit
1658 3831 1745 3879 morte
1754 3832 1782 3880 et
1793 3827 1924 3896 passione

230 3904 406 3960 mediocriter
423 3911 570 3961 enervatur
593 3922 627 3961 se
644 3907 769 3977 laxatur,
794 3909 818 3962 si
839 3908 964 3964 debiturn
984 3908 1062 3977 illud,
1088 3906 1191 3962 Christi
1214 3907 1250 3962 ad
1276 3906 1492 3963 satisfactionem
1523 3926 1572 3979 pro
1599 3910 1680 3965 nobis
1707 3912 1923 3981 praestandam?

230 3990 258 4044 in
277 4007 332 4060 quo
349 3994 378 4045 et
397 4008 461 4046 eum
479 4008 533 4061 quo
552 3991 633 4048 homo
651 3992 780 4059 moritur,
805 3998 869 4062 pest
887 3993 959 4049 hanc
976 3995 1061 4050 vitam
1089 4002 1112 4051 6.
1120 3994 1199 4061 Quae
1208 3994 1393 4050 Bellarminus
1402 4012 1453 4065 pro
1463 4011 1514 4050 000
1522 3996 1706 4065 explicatione
1716 3996 1841 4061 adducit,
1855 3996 1923 4052 faei-

229 4074 258 4129 in
277 4077 438 4147 purgatorio
455 4075 575 4136 dissolri.
592 4078 661 4148 quin
679 4084 708 4131 et
724 4077 841 4132 aliorum
859 4078 1000 4150 suffragiis
1011 4098 1061 4151 pro
1087 4082 1140 4136 lem
1150 4080 1477 4151 habentexplicationem.
1498 4082 1591 4136 Primo
1599 4085 1742 4150 petreede
1750 4084 1924 4152 purgatorie

230 4177 263 4216 eo
281 4161 409 4217 satisfieri
425 4180 507 4233 pesse
526 4180 590 4218 cnm
609 4161 763 4218 Pontificiis
781 4170 926 4221 statuatur.
967 4165 1061 4221 Tertio
1087 4168 1159 4220 bene
1178 4183 1317 4220 carcerem
1333 4175 1478 4236 capierunt.
1510 4167 1734 4238 Respondemus:
1748 4185 1804 4222 nen
1818 4184 1923 4236 ornnes,

201 4310 207 4315 ,
229 4247 353 4316 loquitur
370 4247 495 4304 Christus
513 4248 549 4304 de
566 4248 608 4316 110,
628 4249 676 4319 qui
694 4264 745 4304 nec
761 4265 825 4304 cum
842 4250 910 4317 Dee,
927 4267 979 4306 nee
998 4269 1060 4307 cum
1087 4268 1138 4308 nec
1151 4253 1248 4307 eedem
1261 4253 1342 4307 medo
1355 4251 1395 4306 ita
1407 4257 1555 4321 exponunt,
1564 4269 1616 4306 nec
1629 4254 1807 4324 expositionis
1819 4255 1921 4312 funda·

229 4331 315 4386 100100
334 4333 363 4387 10
376 4333 429 4388 hac
442 4333 501 4388 0110
518 4333 743 4400 reconciliantur,
762 4335 812 4389 sed
826 4334 862 4390 ob
879 4335 1061 4406 implacabili·
1087 4345 1208 4395 mentum
1217 4339 1246 4392 10
1254 4337 1404 4408 Scripturis
1417 4342 1578 4392 monstmnt.
1597 4338 1723 4394 Adducit
1734 4341 1920 4396 Ballarminus

228 4424 314 4473 tatem
332 4425 361 4473 et
377 4420 532 4490 neglectam
550 4419 580 4474 in
598 4425 721 4490 tempore
738 4420 845 4491 gratiae
864 4421 1060 4479 reconciliatio·
1086 4425 1289 4480 Tertullianum
1305 4424 1353 4481 lib.
1366 4423 1401 4480 de
1414 4423 1495 4478 anim.
1508 4440 1569 4495 cap.
1587 4430 1624 4479 lt.
1644 4424 1816 4496 Cyprianum
1828 4427 1877 4481 lib.
1895 4434 1921 4483 t.

228 4519 291 4557 nem
311 4504 340 4557 in
356 4520 495 4559 carcerem
520 4504 682 4561 infernalem
698 4505 901 4574 detruduntur,
916 4509 976 4579 jam
995 4525 1060 4564 vere
1087 4510 1166 4581 epist
1191 4516 1215 4568 2.
1243 4510 1393 4582 Origenem
1419 4509 1512 4564 homil.
1539 4514 1581 4565 ³5.
1611 4510 1640 4564 10
1674 4511 1743 4565 Luc.
1770 4512 1923 4569 Eusebium

229 4588 353 4644 homines
371 4587 509 4646 donesdei
529 4597 558 4646 et
574 4590 816 4647 irreconciliabiles
831 4609 888 4646 nen
905 4593 942 4647 ad
958 4611 1060 4666 purga·
1086 4597 1262 4652 Emissenum
1277 4597 1371 4651 homil.
1390 4602 1413 4651 3.
1435 4595 1471 4650 de
1488 4594 1588 4665 Epiph.
1602 4596 1777 4651 Ambrosium
1796 4598 1825 4652 in
1844 4606 1924 4657 012.

227 4675 342 4740 terium,
375 4678 425 4732 sed
454 4678 491 4731 ad
521 4677 659 4733 101000οι0
689 4677 875 4747 descendunt,
910 4679 977 4751 quia
1004 4698 1060 4736 nen
1087 4682 1155 4737 Luc.
1174 4682 1376 4752 Hieronymum
1395 4681 1425 4735 in
1445 4697 1506 4751 cap.
1525 4688 1550 4736 5.
1567 4680 1667 4736 Matth
1686 4689 1714 4738 01
1731 4683 1923 4740 Bernhardum

229 4761 382 4818 moriuntur
400 4763 429 4817 in
448 4763 572 4819 caritate.
605 4764 719 4828 Quarto,
732 4780 787 4834 qno
803 4781 887 4821 sensu
897 4765 1061 4838 accipienda
1086 4786 1166 4824 serm.
1186 4767 1221 4821 de
1241 4767 1320 4824 obitu
1339 4767 1469 4822 Huberti.
1504 4767 1560 4822 Sed
1580 4766 1609 4820 hi
1628 4772 1712 4824 100100
1730 4785 1843 4825 0000001
1862 4771 1924 4841 ejus

229 4848 1059 4924 010100100011011,0000010010000000ρο01υο
1086 4871 1185 4926 parum
1203 4854 1313 4924 juvant.
1343 4852 1534 4908 Tertullianus
1553 4852 1629 4917 dicit,
1649 4871 1696 4908 ees
1715 4855 1765 4923 qui
1782 4873 1839 4908 nen
1858 4873 1924 4910 cen·

122 4997 125 5004 ,
230 4935 272 4987 riu
297 4943 447 4989 extremum
471 4937 670 5006 quadrantem,
695 4952 730 4991 ex
748 4935 811 4991 aliis
831 4938 971 5007 parallelis
990 4939 1060 4995 locis
1084 4941 1205 4993 cerdent
1224 4957 1286 4993 eum
1304 4940 1484 5008 0000000010,
1503 4941 1623 4994 mittite
1641 4941 1800 5010 infernum,
1817 4958 1851 4997 ee
1868 4960 1923 5012 que

228 5020 350 5076 omnium
373 5022 477 5092 optime
502 5019 672 5092 intelligitur.
721 5021 822 5078 Matth.
840 5028 871 5092 6,
901 5042 925 5082 v.
951 5031 995 5082 15:
1026 4991 1150 5081 8110010
1168 5025 1399 5080 reerectionem
1416 5042 1473 5078 nen
1490 5026 1527 5079 eit
1544 5027 1640 5082 coitus.
1669 5026 1803 5097 Atqui'ex
1820 5044 1923 5099 purga·

226 5105 644 5176 nonrems'cers'ts’ehemins'bue,
661 5123 711 5162 nec
725 5116 918 5177 paternoster
939 5113 1059 5167 remittet
1085 5110 1156 5164 torio
1187 5110 1311 5181 quotidie
1334 5109 1441 5166 animae
1470 5111 1608 5182 quaedam
1632 5116 1742 5168 exeunt.
1788 5111 1923 5184 Origenes

226 5193 304 5247 00110
318 5201 440 5264 peccate
459 5201 560 5248 eastre
599 5191 698 5249 Matth.
720 5199 759 5264 18,
778 5211 805 5250 0.
821 5200 862 5251 31.
880 5195 909 5250 10
925 5196 1060 5267 parabola
1086 5199 1169 5252 etiem
1188 5197 1318 5252 diabolos
1336 5205 1363 5250 et
1383 5199 1531 5252 dementes
1557 5214 1590 5251 00
1609 5198 1720 5261 inferni
1738 5215 1851 5253 carcere
1867 5200 1922 5255 010·-

228 5278 359 5335 debitoris
379 5279 492 5336 dicitur:
512 5278 649 5333 i'redfdit
667 5282 899 5350 eumtertors‘eue,
917 5299 1059 5353 quousque
1087 5286 1200 5354 qseonde
1220 5285 1385 5339 liberandos
1404 5283 1509 5339 statuit
1544 5283 1659 5340 Eusebii
1677 5283 1814 5341 Emisseni
1834 5285 1922 5341 bemi-

226 5366 361 5419 redderet
389 5366 550 5422 uniuersum
579 5366 709 5424 debitum
759 5364 812 5421 Cui
841 5366 973 5424 solvende
1003 5384 1059 5423 nen
1085 5369 1140 5424 liae
1156 5369 1191 5425 de
1207 5368 1308 5439 Epiph.
1328 5377 1393 5424 sunt
1410 5370 1591 5426 adulterinae.
1634 5370 1799 5426 Ambrosius
1816 5389 1921 5444 purga·

227 5456 301 5519 erat,
326 5455 359 5506 01
387 5451 529 5526 colligitur
552 5467 587 5509 ex
605 5468 631 5506 0.
657 5456 699 5509 25.
741 5451 830 5524 Atqui
846 5452 876 5510 iu
894 5454 1055 5526 purgatorie
1085 5455 1190 5512 tionem
1207 5453 1285 5510 illam
1313 5454 1342 5508 in
1364 5458 1425 5523 fine
1446 5456 1535 5511 000011
1559 5454 1670 5513 demum
1695 5455 1865 5517 futurumst
1882 5460 1920 5516 ee

1590 5702 1597 5732 '
1651 5726 1658 5761 t
