4104 6014
868 349 920 406 DE
943 346 1082 407 MORTE.
1756 359 1817 417 229

127 523 182 560 παπ
199 522 259 561 esse
275 523 346 560 nurse
365 504 397 560 in
412 509 544 577 perfecto
563 507 619 563 illa
642 507 826 577 beatuudine,
853 509 883 562 in
900 522 958 576 qua
992 505 1108 559 tentiam
1137 505 1219 560 sliam
1256 506 1315 561 siue
1353 505 1543 575 bhwsostomi
1572 506 1622 576 sit,
1656 506 1714 560 siue
1752 507 1818 573 Titi,

127 598 167 646 est
185 591 332 657 Obrutus,
354 594 404 662 qui
428 594 523 648 animo
548 603 575 648 et
594 611 713 664 corpore
734 601 775 648 est
793 595 907 658 beatus,·
924 590 959 645 de
987 592 1067 659 apud
1086 608 1166 661 quem
1191 609 1224 646 se
1253 594 1344 648 srerbt'sr
1362 592 1554 660 Obrpsoctomi
1578 593 1731 662 probatur,
1758 609 1818 648 esse

127 678 262 749 Origene,
287 679 362 752 quod
384 680 518 749 loquatur
543 683 579 734 ste
603 681 714 735 laetitia
739 679 910 734 accidentali
934 684 958 732 et
985 679 1134 731 multorum
1169 686 1298 737 ueterum
1353 686 1376 736 t.
1411 678 1505 735 Sixtns
1543 679 1671 736 Senensis
1707 679 1755 733 lib.
1779 687 1816 744 t.

121 768 272 837 perfecim-
299 765 334 821 de
362 765 572 836 chrysostomo,
597 766 787 831 Theodoreto,
810 762 958 835 Theophy·
985 764 1111 820 biblioth.
1133 772 1224 821 annot
1243 771 1302 823 345.
1319 784 1383 838 pag.
1403 773 1462 823 570.
1490 766 1550 822 sine
1568 765 1728 821 circuitione
1746 766 1816 822 sato

127 851 201 907 iacto
217 857 247 908 et
266 850 448 918 Oecumcuio,
477 855 552 925 quod
571 854 723 924 loquantur
743 855 778 907 ds
795 853 889 920 pieria
909 868 957 904 seu
984 852 1159 915 tur„multos
1177 869 1210 906 ea
1229 854 1363 907 ueteribus
1381 853 1515 908 saionem
1535 853 1594 905 Dei
1611 853 1815 922 animabucpie

126 956 233 993 emona
259 939 403 1008 corporis,
437 939 473 994 de
497 939 622 1009 Hilario,
654 940 730 1011 quod
760 939 891 1008 loquatur
923 939 957 991 de
970 916 973 997 i
986 937 1182 1002 defunctorum
1200 940 1360 1009 denepasce,
1381 939 1506 994 sicenim
1525 938 1634 994 scribit:
1653 939 1815 1007 Alptcnsus

125 1032 251 1096 tempore
288 1025 317 1080 V.
339 1029 371 1080 T.
401 1042 455 1094 quo
485 1027 579 1080 adbuc
597 1027 702 1081 coelum
727 1033 789 1080 erat
816 1024 957 1087 clasuum;
986 1024 1144 1078 Castrensis
1176 1025 1322 1092 admouet,
1351 1024 1423 1078 banc
1453 1025 1619 1078 Bernhardi
1654 1029 1816 1078 sementiam

127 1111 161 1166 de
185 1109 345 1176 Ambrosio,
375 1112 451 1184 quod
468 1113 598 1167 notitiam
624 1113 758 1182 temporie
783 1111 876 1175 illius,
903 1116 960 1180 quo·
985 1127 1041 1164 esse
1075 1112 1255 1175 damnatam,
1281 1115 1359 1181 quod
1385 1119 1411 1165 et
1441 1112 1501 1181 ipse
1528 1129 1584 1165 non
1610 1112 1733 1180 inficior,
1764 1115 1817 1165 sect

124 1197 254 1260 ficturum
278 1198 317 1251 sit
341 1205 492 1252 extremum
504 1199 661 1268 judicium,
683 1198 830 1252 animabus
849 1203 956 1250 tantum
983 1204 1123 1251 auctorem
1142 1205 1234 1251 tamen
1251 1206 1335 1266 prato
1359 1216 1393 1253 oc
1418 1199 1534 1267 benipno
1559 1200 1661 1269 affectu
1683 1215 1813 1252 mussan·

126 1286 241 1351 denepet
269 1286 398 1353 quodque
424 1286 559 1354 loquatur
586 1287 621 1339 de
649 1285 831 1340 retributione
856 1298 955 1336 merce·
983 1286 1050 1337 dum
1085 1284 1210 1338 arbitror
1240 1287 1274 1340 ob
1310 1286 1445 1354 inpentem
1484 1302 1628 1339 numerum
1659 1286 1813 1339 iilustrium

125 1370 185 1439 dis,
206 1385 278 1439 quae
296 1377 353 1423 tam
372 1371 466 1425 animo
491 1389 574 1440 quam
598 1372 714 1442 corpori
729 1371 842 1441 publice
861 1385 956 1423 coram
984 1371 1117 1424 ecclesiae
1141 1379 1272 1441 patrum,
1302 1373 1351 1442 qui
1377 1379 1441 1425 anie
1469 1372 1561 1440 ipsulm
1590 1371 1654 1425 buic
1684 1371 1812 1439 dogmati

124 1458 300 1512 totomundo
314 1459 413 1511 danda
433 1465 489 1524 est;
506 1458 540 1512 de
558 1456 718 1524 Prudentio,
738 1456 811 1528 quod
824 1457 956 1525 loquatur
983 1457 1176 1511 auctoritatem
1208 1474 1259 1511 suo
1290 1458 1445 1512 testimonio
1475 1458 1529 1510 ussi
1551 1464 1616 1511 runt
1638 1458 1812 1527 praetoriam.

124 1545 246 1611 fipurate
257 1559 313 1612 per
326 1543 417 1596 unum
428 1544 562 1599 Abrabae
579 1552 605 1598 et
614 1545 784 1614 paradisum
798 1549 956 1597 temestrem
984 1544 1091 1597 Horum
1110 1545 1260 1598 sententias
1279 1545 1359 1612 iacta
1370 1545 1471 1598 serien
1488 1550 1650 1614 temporum,
1666 1545 1696 1598 in
1714 1543 1812 1613 quibua

123 1629 284 1698 intellipens
304 1646 419 1698 repnum
443 1632 602 1697 coelorum,·
625 1630 659 1685 de
683 1630 857 1712 Augustino,
881 1626 955 1699 qnod
977 1630 1149 1698 floruerunt,
1168 1630 1301 1684 collectas
1318 1631 1371 1684 tue
1387 1647 1527 1701 emouere
1546 1631 1619 1695 libet,
1639 1638 1670 1683 ut
1688 1630 1813 1683 inanius

125 1715 282 1785 aliquando
309 1717 480 1770 dubitauerit
510 1719 546 1770 ste
581 1717 657 1780 ioco,
684 1717 733 1769 ubi
758 1716 814 1770 sint
845 1715 956 1768 ammae
978 1719 1104 1785 popinae
1145 1724 1311 1770 transcursu
1346 1717 1433 1771 lector
1465 1718 1569 1786 absque
1603 1718 1688 1787 tonpa
1732 1734 1811 1770 mma

124 1802 281 1870 beatorum,
318 1804 370 1856 sed
394 1809 495 1871 postea
527 1820 559 1857 re
595 1802 747 1872 diligenter
774 1801 954 1855 considerate
982 1803 1101 1856 movear
1125 1811 1275 1871 aenoscat,
1303 1804 1354 1873 qui
1371 1805 1426 1857 sibi
1456 1813 1585 1858 aumores
1608 1804 1661 1858 buc
1684 1806 1713 1859 in
1728 1811 1811 1874 parte
1824 1814 1934 1857 xvima.

122 1887 227 1941 rectius
239 1889 357 1942 senserit
362 1908 375 1952 ,·
391 1887 457 1944 item
476 1888 550 1959 quod
570 1889 777 1954 ecutimaecrit,
795 1895 955 1942 ianuarum
978 1892 1134 1959 prudenter
1152 1889 1267 1959 lepencli
1282 1891 1339 1944 sint
1355 1907 1389 1942 ac
1416 1890 1552 1958 benevole,
1570 1892 1683 1959 puericie
1697 1891 1730 1943 id
1748 1891 1813 1956 fieri

123 1975 235 2028 animas
253 1975 349 2028 sidere
367 1976 479 2044 quidem
498 1977 599 2043 Deum,
619 1977 743 2030 sednon
762 1977 802 2029 ita
819 1975 954 2043 perfecte,
981 1983 1071 2046 quaeat,
1089 1976 1302 2044 interpretandi.
1348 1976 1484 2046 Agnoscit
1514 1975 1616 2046 igitur,
1637 1977 1811 2047 quorundam

123 2068 154 2114 ut
181 2062 311 2115 visisunt
338 2069 405 2131 post
428 2063 672 2128 resurrectionem,
694 2069 848 2131 propterea
878 2061 955 2130 prod
981 2061 1057 2114 dicta
1072 2077 1128 2115 non
1147 2061 1292 2116 admittere
1310 2061 1472 2116 benevolam
1493 2077 1527 2116 ac
1544 2061 1716 2116 commodam
1734 2062 1809 2117 illam

123 2148 255 2202 natssrale
281 2149 453 2202 desiderium
481 2149 640 2218 recipiendi
667 2166 768 2221 corpus
794 2166 850 2201 παπ
878 2147 953 2223 sinat
980 2149 1242 2219 interpretationem.
1281 2148 1350 2203 lbid
1383 2166 1448 2221 pag.
1468 2154 1532 2204 573:
1575 2148 1609 2203 st
1639 2166 1711 2218 quae
1745 2158 1809 2203 siau

122 2235 235 2288 animas
254 2241 310 2288 toto
327 2243 431 2288 conatu
446 2234 525 2299 ferri
543 2236 572 2288 in
590 2237 683 2288 Deum
689 2255 701 2304 ,·
727 2234 831 2303 (Sixtus
851 2232 953 2289 Senen-
979 2243 1140 2288 sarmarum
1161 2235 1253 2303 dicta,
1281 2252 1353 2304 quoe
1376 2243 1513 2304 nequeant
1541 2235 1704 2304 hujusmodi
1724 2236 1809 2290 inter·

122 2319 162 2374 sis
194 2318 243 2375 lib.
274 2327 298 2375 t.
335 2318 402 2376 bibl.
440 2327 533 2376 annot.
575 2327 632 2376 169.
669 2338 733 2393 pag.
770 2326 828 2376 388.
868 2317 954 2381 addit,
976 2323 1233 2392 pretationempati
1241 2322 1326 2394 (quod
1335 2321 1442 2376 scilicet
1451 2319 1597 2376 animabus
1605 2337 1661 2376 non
1671 2321 1810 2394 denegent

123 2406 311 2476 Aupustinum
329 2423 386 2459 non
404 2407 440 2460 de
450 2407 545 2475 picria
559 2408 724 2474 animarum,
742 2409 794 2461 sed
811 2409 846 2459 de
858 2404 953 2474 pradi-
979 2408 1141 2479 simplieiter
1161 2408 1213 2464 Dei
1237 2409 1369 2463 visionem
1391 2414 1420 2462 et
1437 2406 1655 2485 beatitudiuem,
1674 2406 1722 2462 sed
1741 2408 1810 2462 dun·

124 2495 173 2547 bssa
197 2501 223 2547 et
242 2493 399 2564 quantitate
420 2495 477 2547 siue
501 2495 736 2547 consummatione
761 2494 872 2562 pieriae
890 2497 952 2544 ante
980 2502 1057 2550 taxat
1073 2495 1225 2566 perfectam
1250 2500 1279 2549 et
1302 2500 1520 2549 consummatam
1544 2493 1618 2548 illam
1640 2494 1809 2565 felicitatem,

121 2580 260 2649 judsmum
278 2580 435 2648 dubitante,
460 2587 551 2634 utrum
571 2598 657 2649 pares
682 2588 772 2634 essem
795 2578 904 2649 sepelis
924 2578 954 2630 in
980 2598 1062 2654 quam
1104 2587 1168 2653 post
1203 2582 1325 2653 corporis
1363 2582 1588 2638 resurrectionem
1633 2583 1810 2652 exspectant),

122 2667 228 2721 macne
248 2667 314 2733 Dei,
333 2685 371 2721 an
390 2667 505 2737 aliquid
521 2668 614 2721 minue
633 2668 794 2736 uiderem)
814 2665 849 2721 de
867 2664 954 2719 Bern·
981 2668 1137 2722 memineris
1166 2667 1279 2729 sutem,
1319 2667 1391 2721 huuc
1426 2685 1550 2722 errorem
1588 2669 1660 2722 nibil
1695 2669 1811 2733 efficere

123 2752 211 2809 bardo
238 2753 368 2823 denique,
397 2752 472 2824 quod
489 2753 677 2822 Arspustiuum
703 2761 812 2807 secutus
839 2755 954 2819 deuepet
981 2755 1137 2808 eruditioni
1154 2762 1179 2807 et
1206 2754 1308 2823 pietati
1335 2762 1393 2807 tom
1411 2754 1565 2808 illustrium
1587 2763 1719 2823 patrum,
1748 2773 1810 2808 aim

124 2842 238 2895 animae
254 2848 402 2910 separatae
419 2857 476 2895 non
494 2841 604 2895 omnino
624 2858 731 2895 omnem
743 2842 803 2894 Dei
814 2839 953 2906 uuoucm,
979 2842 1097 2895 ecclesia
1114 2841 1230 2895 illorum
1248 2847 1403 2910 temporum
1422 2843 1546 2894 nondum
1558 2841 1672 2910 aliquid
1690 2841 1761 2894 certi
1779 2842 1809 2894 in

123 2930 176 2982 sed
189 2928 348 2997 perfectam
366 2926 462 2991 iilam,
481 2943 565 2998 quam
580 2925 688 2981 babebit
709 2921 819 2996 anima,
839 2928 952 2995 pianda
979 2928 1030 2983 boc
1061 2927 1183 2982 articulo
1213 2926 1355 2980 statuisset
1390 2928 1566 2982 credendum.
1625 2933 1647 2979 1.
1678 2926 1808 2996 Vaaqueu

123 3022 180 3069 teto
205 3014 309 3083 impetu
333 3013 446 3076 fertem
464 3013 494 3067 in
511 3015 613 3066 Deum.
660 3011 698 3067 Et
715 3029 782 3068 asne
807 3029 863 3067 nou
882 3012 952 3066 imus
978 3021 1043 3070 tom.
1063 3019 1085 3070 1.
1104 3014 1133 3068 iu
1151 3012 1285 3067 Thomam
1304 3012 1374 3084 disp.
1395 3018 1435 3069 19.
1467 3027 1527 3083 cap.
1550 3019 1571 3068 1.
1584 3030 1657 3068 num.
1678 3017 1722 3067 ll:
1742 3013 1809 3066 Non

122 3098 242 3163 inficias,
275 3091 411 3169 amodum
443 3114 477 3153 ex
505 3099 559 3153 illis
586 3099 694 3171 piorum
717 3105 841 3155 veterum
870 3098 952 3153 dictis
973 3102 1064 3171 pauci
1081 3117 1169 3170 neem
1189 3099 1281 3164 infimi
1301 3100 1420 3153 nominis
1445 3106 1574 3152 auctores
1592 3099 1621 3152 in
1646 3099 1808 3163 ensuerunt

123 3185 264 3241 commode
289 3183 421 3256 explicari
452 3202 547 3255 posse,
580 3201 675 3241 eorum
698 3186 871 3256 cumprimis,
903 3186 951 3257 qui
976 3188 1126 3252 sententio,
1157 3196 1188 3240 ut
1211 3194 1381 3249 assererent,
1418 3193 1580 3257 sanctorum
1610 3186 1808 3249 defunctorum

123 3271 191 3328 alibi
218 3277 339 3325 mentem
368 3286 446 3325 snam
477 3271 578 3326 clarius
610 3278 810 3344 exposuerunt,
842 3271 950 3326 interim
977 3275 1100 3341 animus,
1124 3291 1195 3343 quae
1212 3290 1244 3327 eu
1268 3273 1320 3325 bac
1343 3272 1402 3325 uita
1419 3272 1617 3342 discesserunt,
1642 3271 1809 3325 casstatim

120 3357 218 3430 negari
236 3357 347 3429 nequit,
375 3362 397 3414 1.
416 3357 536 3429 plurima
555 3375 588 3414 ex
611 3359 666 3413 illis
684 3359 765 3415 dietis
783 3360 823 3414 ita
838 3375 949 3430 compa·
977 3363 1006 3414 in
1035 3361 1231 3414 beatitudiuem
1256 3359 1360 3428 recipi,
1394 3359 1447 3412 sed
1468 3374 1554 3426 usqcte
1585 3360 1627 3411 ad
1659 3360 1734 3412 eum
1763 3358 1808 3426 ju·

121 3450 182 3500 rata
210 3460 285 3512 esse,
307 3447 339 3498 nt
358 3459 414 3497 nou
437 3443 490 3498 nisi
521 3460 572 3514 per
595 3445 744 3500 violentam
769 3445 950 3503 detorsionem
977 3449 1047 3502 du'cii
1077 3448 1108 3500 in
1144 3447 1311 3516 quibusdam
1346 3445 1416 3498 locu
1444 3445 1598 3513 reseruari,
1635 3452 1666 3497 ut
1696 3446 1809 3498 interim

123 3532 159 3586 ad
177 3531 281 3586 bcnnm
299 3545 411 3585 sensum
435 3529 529 3585 reduci
546 3531 666 3601 possint,
682 3531 753 3586 adeo
771 3538 802 3587 ut
820 3530 866 3586 hic
885 3549 951 3603 quo·
977 3552 1025 3590 uec
1050 3535 1143 3588 Deum
1167 3534 1295 3599 uideant,
1324 3548 1373 3586 nee
1399 3531 1495 3583 beatae
1523 3531 1586 3584 sint
1633 3531 1808 3600 Euttpmius,

74 3617 82 3635 ⁸
122 3634 177 3690 que
201 3618 294 3672 locum
314 3615 419 3671 habeat
441 3615 556 3671 effatum
578 3617 769 3690 theologorum
793 3617 952 3673 academiae
980 3621 1183 3686 Tertullianus,
1199 3619 1372 3687 Lactantius,
1395 3618 1554 3673 Victorinus
1571 3619 1719 3682 manifeste
1737 3618 1808 3671 baruc

123 3703 293 3768 Duacensis,
322 3702 370 3775 qui
398 3702 427 3756 in
453 3719 569 3758 censura
587 3703 737 3770 Bertrami,
765 3721 848 3776 quam
867 3705 952 3759 indici
976 3708 1141 3763 senentiam
1164 3708 1316 3760 clamarunt
1341 3712 1391 3762 etc.
1437 3704 1615 3775 stapletonus
1644 3704 1691 3759 lib.
1721 3711 1741 3760 1.
1774 3705 1809 3759 de

125 3790 320 3862 expurgatorio
346 3789 534 3858 inseruerunt,
565 3797 660 3860 aperte
691 3790 830 3861 fatentur,
868 3808 897 3845 se
923 3791 952 3844 in
978 3793 1104 3850 auctorit
1122 3792 1221 3864 Seript.
1244 3808 1305 3863 cap.
1325 3797 1349 3846 2.
1373 3788 1399 3867 ς.
1420 3798 1448 3846 5:
1472 3793 1570 3844 Etiam
1587 3792 1730 3861 Oripenes,
1749 3792 1808 3845 Ire·

127 3876 279 3932 Catholicis
296 3877 434 3931 ueteribus
452 3877 520 3930 aliis
533 3885 650 3946 praeter
663 3877 844 3932 Bertramum
861 3879 952 3948 pluri·
978 3899 1077 3947 naeus,
1114 3878 1338 3948 Ultrpsostomus,
1376 3880 1577 3944 Theodoretus,
1620 3879 1809 3942 oecumenius,

123 3984 183 4019 mas
199 3965 279 4027 ferre
298 3980 409 4018 errores
433 3971 460 4016 et
486 3971 643 4027 eeunuare,
670 3981 816 4035 excusare,
846 3967 952 4034 excopi-
982 3964 1809 4037 Tlteopltplactus,Ambrosius,Bernbardusbuicsententiae

123 4059 181 4105 tato
207 4057 357 4104 commento
388 4065 527 4119 pusaepe
551 4065 654 4118 nepare
676 4058 703 4104 et
725 4053 897 4105 commodum
916 4051 953 4104 iis
979 4055 1088 4109 areensi
1106 4061 1177 4107 sunt.

122 4156 232 4193 sensum
259 4138 413 4205 affitetrt,
445 4137 512 4189 dum
542 4137 572 4189 it
597 4137 835 4208 depactationibus
867 4155 951 4208 oppo-
1014 4148 1071 4198 296.
1109 4138 1272 4210 Colligimus
1290 4138 1375 4208 igitur
1395 4154 1429 4192 ex
1453 4136 1508 4190 illis
1527 4143 1637 4207 patrum
1656 4136 1808 4204 sententiis,

123 4232 237 4278 αππιαν.
282 4227 305 4278 2.
326 4221 395 4277 Inde
413 4220 596 4276 Bellarminus
615 4222 674 4294 ipse
691 4222 807 4290 fatetur,
834 4225 952 4277 Aretam
982 4237 1002 4287 1,
1030 4227 1200 4284 vemssimam
1219 4242 1279 4281 esse
1297 4226 1421 4297 regulam
1440 4224 1534 4289 istam,
1563 4240 1645 4294 quam
1663 4223 1744 4278 toties
1768 4224 1809 4277 iu·

124 4319 151 4365 et
170 4310 350 4378 Euthymium
377 4325 411 4361 ec
431 4307 564 4376 Graecis,
590 4310 809 4375 Tertullianum,
833 4313 952 4364 Lactau-
979 4315 1071 4372 euleu
1095 4313 1285 4384 Augustinus,
1322 4311 1397 4382 quod
1426 4317 1536 4382 patrum
1565 4309 1641 4364 diets
1672 4326 1726 4365 non
1755 4309 1810 4363 sint

125 4399 194 4452 tium
214 4403 241 4449 et
264 4396 434 4450 Victorinum
454 4411 487 4449 eu
505 4396 616 4450 Latinis
637 4415 694 4451 non
709 4414 793 4467 posse
811 4400 952 4452 corumode
979 4401 1129 4457 canonicae
1155 4397 1360 4468 Scripturarum
1382 4414 1522 4452 sacrarum
1547 4397 1704 4451 auctoritati
1730 4412 1808 4452 exae-

123 4484 232 4554 esponi.
271 4488 296 4538 3.
312 4483 449 4540 Sanderus
475 4483 510 4539 de
538 4484 619 4542 risib.
640 4485 774 4540 ecclesiae
795 4485 954 4541 monarchia
979 4487 1091 4559 quanda
1106 4501 1157 4540 uec
1182 4501 1232 4556 pro
1255 4500 1353 4539 norma
1376 4483 1442 4537 fidei
1468 4483 1497 4537 in
1529 4483 1647 4538 ecclesis
1672 4482 1808 4553 habenda,

122 4570 170 4626 lib.
190 4577 213 4627 7.
241 4585 369 4640 expresse
393 4569 504 4638 asserit,
532 4569 687 4626 lobsunem
707 4570 803 4628 XXII.
830 4589 952 4625 morem
978 4573 1028 4629 scd
1048 4575 1130 4643 juxta
1155 4571 1313 4641 Scripturas
1336 4585 1460 4624 normam
1488 4568 1652 4639 explicanda
1673 4585 1707 4624 ac
1732 4569 1809 4624 salsa

122 4657 203 4713 ilum
220 4674 314 4726 suum,
338 4657 415 4725 prod
436 4665 596 4711 sanctorum
620 4659 649 4712 in
670 4660 793 4714 Domino
812 4659 952 4729 quieuer-
977 4658 1199 4725 honorificentia,
1236 4672 1309 4729 quae
1340 4654 1465 4726 patribus
1495 4655 1628 4723 debetur,
1662 4673 1743 4727 posse
1771 4656 1808 4712 ah

121 4745 189 4798 tium
221 4743 333 4796 animae
363 4748 427 4795 ante
452 4743 526 4795 diem
556 4744 663 4812 judicii
687 4748 780 4799 Deum
812 4763 867 4799 non
896 4746 953 4798 siut
979 4765 1073 4802 eorum
1097 4746 1235 4801 sententia
1263 4744 1383 4814 discedi,
1408 4742 1497 4799 sicubi
1515 4743 1662 4814 ipsimeta
1685 4743 1808 4815 Scriptu-

122 4831 236 4884 nicurae
254 4846 305 4883 nec
321 4829 467 4891 fruituros
488 4829 602 4883 coelesti
616 4830 712 4898 ploria
729 4839 754 4886 et
774 4832 953 4899 beatitudine,
979 4835 1016 4888 ris
1035 4834 1120 4889 sacris
1135 4832 1321 4897 discesserint,
1341 4831 1420 4902 epist.
1442 4835 1481 4887 19.
1498 4830 1534 4885 ad
1548 4829 1658 4886 Hieron
1672 4831 1751 4902 epist.
1765 4837 1807 4886 te.

121 4935 181 4971 cum
201 4916 296 4970 multis
314 4923 339 4970 et
364 4915 493 4978 Graecin
517 4924 542 4969 et
567 4916 678 4972 Ιαππίε
698 4917 830 4988 patribus
853 4919 954 4974 babere
979 4921 1014 4977 ad
1035 4920 1164 4976 Vincent.
1185 4919 1264 4989 epist.
1287 4923 1342 4976 111.
1362 4917 1397 4972 sd
1414 4917 1606 4985 Fortunatam,
1626 4917 1672 4972 lib.
1693 4922 1716 4972 2.
1738 4923 1809 4970 cont.

121 5020 298 5059 communem.
343 5008 367 5058 4.
392 5002 553 5074 Alphonsus
585 5002 620 5057 de
649 5002 747 5061 Castro
775 5004 821 5058 lib.
840 5009 863 5060 3.
892 5007 953 5062 adv.
979 5007 1107 5065 Crescon.
1134 5022 1158 5061 e.
1184 5010 1223 5060 32.
1246 5004 1293 5058 lib.
1319 5009 1359 5060 11.
1383 5009 1455 5060 cont.
1479 5003 1574 5058 Faust.
1599 5021 1621 5059 e.
1645 5010 1667 5058 5.
1693 5008 1721 5057 et
1743 5000 1809 5056 abbi

120 5091 226 5146 haeres.
252 5089 280 5145 in
299 5090 374 5146 verb.
394 5091 550 5146 Beetitudo
568 5088 673 5146 haeres.
693 5096 717 5146 6.
746 5091 953 5157 Bernharrtum,
980 5092 1091 5164 passim.
1111 5098 1135 5147 2.
1170 5089 1269 5162 Σοφὸν
1288 5089 1359 5145 illud
1377 5089 1536 5162 φάρμακον,
1554 5107 1608 5161 quo
1626 5088 1809 5143 Bellarminus

123 5178 361 5252 Tteoptylactum
412 5186 436 5232 et
480 5179 629 5232 Irenaeum
676 5178 748 5231 idem
799 5195 859 5231 curn
902 5179 954 5232 Jo·
979 5178 1026 5234 lib.
1044 5183 1068 5233 2.
1090 5177 1125 5232 de
1144 5177 1254 5233 Christo
1273 5192 1297 5232 c.
1317 5181 1341 5230 2.
1359 5175 1547 5232 authenticam
1563 5179 1673 5246 patrum
1692 5174 1809 5228 auctori·

121 5265 213 5320 banne
227 5265 326 5319 XXII.
341 5266 460 5319 renuere
472 5263 578 5333 assent,
598 5263 683 5332 idque
696 5264 844 5318 Irenaeum
856 5274 953 5333 aperte
979 5271 1064 5320 tatem
1089 5263 1159 5319 tueri
1186 5262 1297 5328 nititssr,
1326 5263 1401 5334 quod
1432 5263 1537 5318 scilicet
1549 5271 1649 5332 patres
1668 5280 1808 5332 nunquam

120 5354 265 5422 indicare,
289 5353 320 5406 in
339 5352 548 5423 Tbeopbplacto
573 5367 603 5406 se
630 5351 733 5404 mirari
750 5369 805 5405 non
824 5352 916 5417 faiam
934 5370 953 5406 a
980 5368 1071 5406 omnes
1090 5351 1174 5404 simul
1194 5358 1299 5419 errem,
1328 5351 1440 5405 etiamsi
1469 5350 1576 5421 aliquis
1607 5366 1702 5404 eorum
1726 5358 1808 5419 erret,

120 5455 235 5493 censore
252 5447 391 5508 notatum,
419 5440 454 5494 de
478 5439 649 5499 Bemtardo
672 5454 738 5491 uero
764 5436 826 5491 luce
845 5438 953 5492 clarius
979 5456 1033 5493 non
1053 5454 1135 5509 posse
1152 5454 1203 5492 nec
1228 5436 1329 5493 debere
1346 5456 1397 5508 pro
1420 5436 1568 5493 universali
1587 5436 1686 5508 regula
1701 5436 1807 5503 haberi,
1859 5483 1864 5496 .

120 5532 256 5581 comeare.
304 5532 328 5584 5.
356 5524 519 5590 Theodorus
543 5525 678 5584 Peltsnus
703 5521 813 5578 lesuita
838 5522 867 5576 in
896 5522 953 5578 suis
979 5540 1041 5578 cnm
1061 5522 1154 5595 plures
1172 5523 1339 5597 quandoque
1362 5523 1392 5577 in
1414 5518 1529 5579 errones
1546 5522 1675 5594 opinione
1692 5539 1806 5578 consen-

120 5611 157 5669 ad
177 5611 273 5666 'litum
290 5608 464 5669 Bostrenm
480 5608 707 5684 metatoribus
731 5609 875 5680 observat,
891 5626 950 5664 sm·
978 5610 1057 5667 tiant.
1095 5608 1195 5668 Nullm
1212 5616 1324 5683 patrum
1342 5602 1397 5667 mie
1419 5609 1607 5667 immediatus
1625 5609 1687 5666 Deo
1707 5609 1808 5664 illumi-
