4104 6014
235 176 269 230 17
275 175 292 231 8
370 241 377 254 .
828 162 949 220 LOCUS
966 157 1172 218 vicustuus
1188 161 1336 221 SEXTUS

230 318 278 374 ille
295 318 450 390 Augustini
478 319 685 373 emendatorius
713 317 796 375 etiam
824 317 854 370 in
878 332 912 371 eo
936 314 1067 370 differta
1095 317 1429 386 desaibonscoilipitad
1440 319 1496 371 dua
1511 318 1934 386 contrariaipnemetaqaam,

229 404 391 476 purgatorio
410 403 705 475 ignePontificiorum,
726 403 802 475 quod
820 405 849 458 in
868 402 916 457 illo
934 402 1013 457 locus
1031 399 1068 454 sit
1094 401 1137 454 ita
1156 409 1187 455 ut
1207 402 1414 472 metaphoricae
1441 403 1478 457 sit
1502 420 1592 457 samo
1621 403 1781 457 describens
1799 401 1934 454 uniuersa

229 491 303 545 vitae
323 490 510 545 emendationi
530 496 558 546 et
576 489 757 559 correctioni,
785 487 968 544 inhaesero
989 484 1067 540 mini·
1094 487 1173 541 mala
1186 505 1241 559 per
1259 489 1351 559 ipnem
1369 497 1395 542 et
1412 476 1525 560 amram.
1556 487 1754 543 Geuebrardus
1773 487 1802 540 in
1817 504 1934 542 comm:

231 592 282 631 me.
327 575 456 647 Denique
480 592 531 648 pro
554 593 587 633 eo
613 576 689 647 quod
716 576 745 629 in
773 574 932 646 Augustino
957 573 1067 645 legitur,
1097 574 1291 629 Transivimus
1320 593 1372 646 per
1404 576 1551 631 contraria
1577 575 1670 642 mala,
1701 583 1731 627 at
1758 591 1791 628 ea
1814 560 1860 628 iis¹
1879 590 1933 626 nos

230 663 316 716 talem
336 678 378 715 me
404 665 527 731 reddas,
554 663 601 717 cui
619 662 810 716 emendatorio
833 662 898 731 ipae
920 678 976 714 nou
998 676 1068 728 opus
1095 660 1228 729 eripruisti
1244 661 1273 715 in
1293 661 1492 729 resriperium,
1512 662 1653 715 Hebraico
1671 661 1701 713 in
1720 661 1932 730 irrepatsoncm,

231 748 276 817 sit,
296 748 433 818 quaedam
453 749 622 819 exemplaria
640 750 740 819 legunt
771 748 818 802 cui
837 747 903 816 jam
922 746 1067 799 emendato
1095 746 1128 799 id
1147 754 1188 800 est
1205 748 1236 799 in
1259 747 1505 815 refocillationem.
1548 747 1663 800 Allucio
1684 749 1725 799 ad
1744 754 1851 799 terram
1864 763 1934 814 pro·

231 833 295 899 ione
312 850 367 887 non
390 851 460 904 opus
477 835 524 888 sit:
565 842 589 890 4.
609 832 769 905 Augustino
788 849 822 887 ac
836 831 934 903 paucis
952 831 1065 901 quibus-
1095 832 1251 901 messionis,
1275 849 1346 899 quoe
1369 840 1431 885 orat
1453 833 1578 900 irrigua,
1604 832 1714 896 fertilis
1733 839 1759 885 et
1776 833 1933 897 foecunda.

233 918 297 972 dam
329 920 530 974 recentioribus
555 921 721 990 opponimus
752 917 854 973 nubem
880 923 1004 973 veterum
1035 933 1069 971 ac
1096 914 1214 980 Quidam
1256 917 1292 971 ad
1337 919 1476 985 martyria
1518 924 1675 972 sanctorum
1712 917 1932 971 accommodant.

235 1005 419 1058 recentiorum
457 1006 652 1076 interpretum,
690 1005 737 1076 qui
769 1005 842 1057 iram
874 1021 908 1056 aa
940 1005 1068 1068 furorem
1096 1000 1283 1072 Hieronymus
1319 1003 1348 1056 in
1385 1020 1495 1058 comm:
1542 1001 1702 1071 Martyrum
1733 1004 1778 1056 hic
1810 1004 1933 1056 οιιιιιιιιι

233 1106 284 1158 pro
312 1089 405 1144 verbis
434 1108 518 1144 uuam
551 1090 724 1161 eandemque
755 1107 812 1145 rem
847 1089 1069 1158 significantibus
1094 1089 1243 1152 victorias,
1269 1105 1341 1156 qaas
1364 1089 1394 1141 in
1420 1090 1541 1143 diversis
1558 1088 1739 1158 passionibus
1764 1097 1932 1154 meruerant,

232 1176 380 1245 accipiunt.
422 1177 557 1248 Origenes
581 1175 675 1232 homil.
703 1184 723 1232 1.
749 1178 777 1230 in
801 1174 902 1230 Erech.
928 1174 1068 1231 Arnobius
1095 1181 1120 1226 et
1139 1175 1180 1226 ad
1199 1192 1284 1227 anum
1304 1190 1351 1226 sos
1369 1175 1447 1227 ducit
1467 1176 1660 1242 refrigerium,
1680 1175 1713 1228 id
1731 1182 1771 1227 est
1790 1173 1933 1228 Christum

232 1260 261 1313 in
277 1260 379 1316 Psalm.
396 1267 420 1316 6.
439 1269 467 1315 et
481 1261 583 1315 Psalm.
599 1267 643 1318 36.
655 1262 843 1333 Hieronymus
856 1260 893 1314 ib.
906 1260 1069 1332 Chrysosto·
1095 1260 1250 1313 Dominum
1264 1277 1321 1328 per
1338 1261 1461 1329 laqueos,
1478 1277 1533 1332 per
1550 1278 1655 1329 maces,
1670 1276 1726 1330 per
1740 1261 1865 1328 cahere,
1879 1277 1933 1331 pes·

235 1362 304 1415 mus,
322 1345 513 1402 Theodoretus
526 1347 555 1401 in
570 1347 673 1406 Psalm.
689 1354 714 1405 6.
738 1347 857 1401 Basilius
870 1345 898 1400 in
912 1346 1013 1404 Psalm.
1026 1353 1068 1403 38.
1094 1347 1172 1413 ipnes
1192 1352 1339 1415 aestasque
1360 1354 1386 1399 et
1404 1347 1465 1400 alia
1483 1348 1598 1400 diversa
1616 1347 1775 1415 supplicia,
1791 1363 1847 1416 per
1860 1363 1932 1416 quae

234 1431 403 1501 Euthymios
440 1432 468 1486 in
507 1431 610 1488 Psalm.
646 1439 670 1489 6.
706 1432 885 1487 Bernhardus
921 1434 949 1486 in
987 1432 1066 1488 Cant.
1094 1440 1121 1485 et
1138 1431 1330 1486 holocaustam
1361 1442 1505 1501 acceptum
1537 1433 1630 1503 effecti
1657 1441 1735 1503 sunt,
1764 1433 1933 1503 peruenisse.

232 1526 313 1572 serm.
333 1524 374 1573 69.
402 1518 578 1573 Lombardus
607 1520 636 1573 in
664 1518 767 1574 Psalm.
789 1525 811 1575 6.
845 1526 874 1573 et
899 1517 1001 1575 Psalm.
1025 1523 1067 1575 38.
1092 1517 1216 1572 Hilarius
1237 1518 1332 1574 eodem
1351 1518 1409 1573 scre
1432 1518 1528 1588 modo,
1546 1517 1658 1590 Haymo
1675 1518 1710 1571 in
1727 1517 1802 1572 hunc
1824 1517 1931 1574 locum:

232 1602 360 1673 Lyranus
381 1604 408 1657 in
426 1602 521 1658 Psalm
541 1609 566 1660 6.
585 1603 752 1674 cajetanus,
770 1604 950 1675 Eugubinuu,
969 1604 1067 1659 Folen·
1097 1603 1171 1664 Quia
1190 1604 1273 1657 malti
1284 1612 1423 1672 martyres
1437 1605 1520 1674 aquis
1536 1605 1675 1658 submersi
1685 1612 1757 1668 sunt,
1775 1622 1825 1658 nec
1838 1613 1932 1659 tamen

233 1688 310 1759 gius,
339 1687 552 1759 Genebrardus‚
577 1689 727 1745 Jausenius
752 1696 781 1746 et
804 1690 852 1745 alii
877 1690 906 1744 in
922 1690 1024 1745 Psalm.
1043 1695 1067 1746 6.
1094 1691 1158 1758 ipae
1176 1691 1220 1744 uel
1240 1707 1316 1759 aquo
1334 1709 1429 1745 eorum
1441 1709 1540 1744 curuis
1554 1692 1804 1764 potuitimpediri.
1830 1690 1932 1746 Glosss

233 1783 257 1829 t.
277 1775 358 1829 Hauc
390 1775 558 1829 seutentiam
587 1775 688 1845 probat
722 1777 833 1847 phrasis
863 1776 893 1830 in
923 1776 1068 1847 Scriptura
1094 1776 1168 1830 ord:
1191 1776 1385 1830 Transiuimus
1400 1795 1455 1846 per
1473 1777 1572 1845 ipnem,
1590 1787 1622 1831 ut
1640 1779 1811 1833 Laurentiue
1824 1787 1849 1832 et
1866 1779 1930 1848 plu-

232 1860 394 1929 praesertim
430 1860 568 1915 Dauidica
598 1861 792 1926 usitatissima,
829 1879 885 1932 qua
914 1861 1066 1917 membrum
1093 1879 1139 1916 res
1166 1863 1234 1931 alii,
1262 1880 1316 1932 per
1342 1882 1459 1933 aquom,
1491 1871 1521 1916 ut
1544 1863 1672 1917 Clemens
1697 1873 1723 1917 et
1743 1865 1842 1934 plures
1867 1863 1930 1918 alii.

233 1944 369 2015 posterius
387 1945 415 1998 in
435 1963 491 2000 uno
519 1952 669 2018 eodemque
689 1946 825 2001 versiculo
844 1951 937 2010 esth
909 1945 1067 2018 ιεηγηιιιιόι
1094 1948 1214 2012 Quidam
1243 1948 1278 2003 de
1305 1950 1444 2017 baptismo
1473 1948 1564 2003 locum
1595 1948 1743 2019 explicant.
1788 1947 1930 2003 arnobius

232 2031 346 2102 prioris3
367 2031 467 2102 probat
483 2049 583 2087 vocum
603 2032 806 2087 Hebraicarum
829 2033 991 2104 proprietas
1021 2033 1067 2088 Sic
1094 2032 1147 2088 hoc
1167 2034 1241 2090 loco:
1263 2035 1459 2088 Transioimus
1470 2035 1629 2104 peripnem
1641 2034 1775 2103 martyrii
1786 2042 1812 2088 et
1825 2052 1929 2103 aqssom

92 2135 156 2223 nm
173 2135 219 2178 ma
234 2118 307 2172 enim
325 2118 361 2171 ad
386 2118 501 2173 verbum
524 2118 628 2173 habeut
651 2118 781 2174 Hebraea
811 2119 912 2174 Psalm.
933 2126 964 2183 6,
990 2138 1016 2174 ι.
1037 2126 1067 2175 2:
1095 2119 1279 2218 baptismatis,
1303 2129 1329 2174 et
1356 2121 1498 2174 indusiati
1514 2138 1566 2173 nos
1591 2122 1621 2173 in
1643 2121 1839 2188 refriperiam,
1863 2138 1930 2175 nam

232 2206 871 2274 Dominammnasosuoarqnmmsasqas
889 2207 1067 2260 inaurando·
1094 2205 1168 2258 etin
1192 2205 1331 2275 baptismo
1357 2213 1537 2260 sacrosancto
1565 2213 1591 2259 et
1620 2205 1684 2275 ipae
1709 2206 1810 2258 censui
1826 2224 1930 2274 ιιιιιιιιι,

231 2293 337 2344 soena'a
350 2299 399 2344 tua
417 2291 558 2363 corripias
575 2307 625 2346 me.
654 2290 756 2345 Psalm.
775 2295 824 2358 38,
843 2309 869 2346 ι.
889 2297 918 2348 2:
936 2293 1068 2360 Domine,
1094 2293 1208 2360 assando
1238 2291 1403 2345 intravimus
1429 2293 1542 2344 domam
1574 2299 1652 2344 taam
1680 2292 1712 2344 iu
1745 2292 1930 2346 holocaustis

232 2392 267 2429 ne
284 2376 315 2429 in
334 2379 448 2441 feruore
472 2386 520 2430 tuo
539 2393 646 2446 arquos
666 2393 708 2430 me
726 2394 776 2430 nec
789 2378 820 2430 in
839 2377 1067 2433 eacandeseentia
1094 2374 1245 2438 Quidam'
1237 2394 1267 2431 ιιι
1285 2393 1387 2449 genere
1412 2376 1447 2431 de
1461 2377 1643 2446 passionibus
1669 2385 1697 2431 et
1714 2375 1930 2431 adversitatibus

232 2468 282 2516 tua
300 2463 442 2532 corripior
461 2479 517 2527 me,
542 2467 576 2516 ιιι
600 2462 636 2516 sit
656 2479 752 2517 sensus
771 2461 921 2533 interprete
938 2463 1066 2518 'l'heodo-
1093 2462 1248 2532 accipiunt,
1274 2470 1307 2517 ut
1331 2463 1367 2518 sit
1393 2463 1556 2533 metaphora
1575 2462 1690 2516 absuri
1711 2468 1739 2518 et
1756 2463 1865 2533 argenti
1884 2480 1930 2518 ex·

231 2553 401 2615 recupare
412 2564 503 2627 neme
516 2548 666 2617 corripias,
680 2566 737 2602 non
750 2548 857 2616 iudicis
873 2549 947 2619 rita,·
966 2550 1068 2604 medici
1093 2550 1219 2604 coctione
1237 2549 1372 2605 desumta.
1406 2549 1526 2621 cyrillus
1538 2548 1647 2605 Hieros.
1665 2549 1772 2605 catech.
1787 2556 1817 2604 5:
1843 2549 1930 2604 Vides

231 2647 323 2702 more,
344 2634 554 2702 montenonis,
577 2650 612 2686 ne
626 2634 754 2687 metiaris
772 2635 925 2688 uindictam
939 2643 1067 2707 peccato,
1093 2635 1170 2704 ipsos
1186 2635 1273 2690 libere
1307 2638 1343 2690 de
1373 2638 1494 2690 transitu
1528 2636 1692 2690 tentationis
1721 2635 1864 2704 loquentes
1895 2655 1930 2690 ac

232 2721 284 2773 sed
303 2719 474 2789 benipnitate
485 2720 631 2789 justitiam
653 2729 796 2790 tempera,
821 2738 856 2774 ne
878 2739 921 2775 ms
938 2723 1065 2791 castipes,
1088 2725 1267 2790 profitentes,
1294 2741 1324 2776 se
1349 2725 1379 2777 in
1403 2724 1457 2777 illa
1475 2741 1531 2777 non
1550 2723 1686 2790 humasse,
1704 2723 1787 2775 educi
1804 2723 1877 2775 enim
1898 2725 1930 2777 in

231 2812 262 2857 at
282 2807 386 2874 merui,
412 2824 430 2859 a
457 2806 536 2868 sacis
560 2814 610 2860 tuo
633 2823 676 2858 me
698 2807 872 2876 abjiciendo,
899 2809 952 2861 sed
968 2809 1066 2877 potius
1090 2808 1275 2876 refriperiam
1299 2815 1340 2862 est
1366 2808 1487 2862 liberari
1514 2827 1533 2862 a
1558 2810 1716 2862 tentatione.
1760 2808 1928 2878 Euthymius

228 2896 347 2959 paterne
372 2891 555 2961 castipando,
587 2910 644 2946 non
669 2892 742 2945 enim
762 2894 931 2964 deprecatur
947 2910 1067 2961 prorsus
1092 2893 1145 2947 hoc
1163 2892 1238 2956 loco;
1268 2894 1326 2948 Per
1353 2895 1444 2963 ipnem
1468 2902 1493 2947 et
1513 2913 1617 2963 aquam
1634 2895 1733 2949 sorios
1750 2895 1928 2948 calamitates

232 2976 453 3045 correptionem,
483 2980 535 3031 sed
557 2995 618 3031 eam
640 2980 714 3047 petit
728 2987 854 3048 paterna
879 2981 1066 3049 castipats'ono
1093 2979 1227 3048 iruellipe,
1246 2988 1272 3032 et
1289 2980 1358 3048 quia
1375 2980 1499 3033 animam
1516 2981 1675 3050 incendant,
1693 2989 1719 3034 et
1733 2984 1802 3050 quia
1820 2983 1927 3033 demer-

232 3062 386 3130 emendari,
405 3068 438 3116 ut
456 3060 653 3118 Genebrardus
667 3064 696 3117 in
714 3081 814 3120 comm.
834 3071 909 3120 recte
926 3065 1065 3122 admonet.
1093 3073 1161 3134 punt
1191 3082 1225 3118 ac
1255 3067 1401 3134 suffocant.
1453 3065 1667 3137 chrysostomus
1700 3066 1772 3122 hom.
1801 3073 1823 3121 6.
1853 3083 1928 3136 oper.

232 3153 258 3205 6.
278 3149 350 3202 Post
372 3149 444 3201 hanc
464 3150 564 3215 uitam,
578 3168 635 3204 non
655 3151 709 3204 crit
738 3152 832 3220 ιοιιιι,
859 3152 908 3206 uhi
925 3152 1068 3221 stapitiosi
1092 3150 1201 3222 imperi.
1221 3151 1250 3205 in
1268 3151 1382 3209 Matth.:
1409 3153 1488 3206 Siout
1506 3171 1607 3206 aarum
1632 3154 1675 3207 nel
1693 3160 1838 3220 arpentum
1856 3171 1929 3206 eom·

232 3243 431 3288 convertantur
448 3241 473 3288 et
489 3253 581 3287 mores
599 3237 828 3307 suascorripant,
847 3236 952 3293 fatente
964 3237 1067 3293 Beller-
1094 3238 1180 3291 hatis
1203 3238 1234 3290 in
1256 3241 1377 3303 fornace
1402 3239 1534 3291 sordidus
1561 3238 1685 3308 colatur,
1715 3241 1757 3292 sic
1785 3240 1866 3294 homo
1899 3240 1929 3291 in

233 3321 307 3375 mino
332 3320 350 3373 l.
372 3327 393 3376 1.
418 3321 454 3375 de
478 3339 559 3391 purg.
577 3339 601 3377 o.
624 3328 663 3378 13.
690 3339 762 3394 resp.
786 3323 822 3378 ed
842 3328 866 3380 6.
911 3323 986 3395 Ergo
1004 3331 1068 3395 post
1086 3326 1211 3392 fornace
1237 3325 1399 3377 tentationis
1423 3325 1560 3392 deposcas
1580 3327 1707 3394 peccatis
1727 3326 1928 3390 sanctificatur.

232 3406 304 3461 hauc
329 3406 413 3459 vitam
437 3424 492 3461 non
514 3408 632 3478 amplius
664 3408 755 3464 locum
779 3407 895 3464 habebit
920 3410 1067 3480 castigatio
1092 3408 1171 3462 Beda
1188 3408 1242 3464 hoc
1259 3408 1334 3464 loco:
1359 3409 1467 3463 Fecisti
1482 3428 1533 3464 nos
1552 3410 1681 3463 incudem
1700 3413 1823 3465 omnium
1840 3411 1928 3464 trila-

233 3491 283 3545 illa
297 3491 333 3545 ad
346 3492 543 3548 correctionem
556 3498 586 3547 et
600 3494 829 3559 emendationem,
846 3494 883 3550 de
896 3494 1067 3566 quepsaltes
1093 3495 1230 3549 tatianum
1249 3503 1276 3548 et
1294 3494 1419 3548 eduxisti
1442 3512 1492 3548 nos
1515 3497 1546 3548 in
1569 3497 1767 3566 refriperium,
1789 3498 1823 3550 id
1841 3505 1880 3551 est
1898 3505 1928 3549 ut

231 3577 363 3647 loquitur.
1093 3582 1296 3650 resriperatom
1318 3582 1470 3635 habeamus
1497 3583 1700 3637 couscientiam
1744 3582 1857 3681 Haymo
1875 3581 1928 3637 hoc

103 3682 123 3723 o.
137 3683 219 3723 exer.
268 3670 327 3720 234.
363 3672 387 3721 5.
407 3665 509 3719 Psalm
526 3670 568 3735 66,
588 3684 614 3718 ι.
633 3671 677 3721 123
700 3667 895 3720 Transioimus
908 3683 963 3735 per
976 3667 1067 3734 ipnem
1093 3668 1166 3722 loco:
1186 3669 1212 3720 A
1226 3669 1411 3721 similitudine
1428 3670 1545 3723 viatoris
1559 3669 1751 3736 hirtoquitar,
1770 3669 1837 3737 quia
1855 3669 1928 3721 ιιιιιι

103 3732 219 3827 ξ’,ζήξῖ
235 3759 261 3805 et
276 3769 387 3820 aquam,
402 3760 428 3803 et
441 3753 566 3805 eduxisti
572 3770 623 3806 nos
632 3770 662 3804 ιιι
672 3753 863 3821 resrrpersum,
876 3752 1066 3823 ubiOrigenes
1093 3755 1185 3808 uiator
1208 3771 1294 3823 nequae
1317 3773 1370 3822 per
1399 3763 1518 3824 aestum,
1543 3771 1630 3825 nepaes
1654 3763 1775 3823 propter
1796 3756 1927 3824 pluviam

102 3847 220 3937 κῃ
232 3837 327 3893 homil
348 3843 388 3892 25
414 3837 443 3890 in
463 3836 546 3893 Num.
567 3845 595 3892 et
612 3838 810 3892 Ambrosius
802 3855 831 3892 m
849 3838 952 3893 Psalm.
970 3845 1012 3895 36.
1033 3855 1066 3893 ac
1092 3840 1152 3892 nult
1164 3842 1312 3906 dinusttere
1334 3858 1487 3909 minumum
1502 3859 1581 3895 saum
1593 3850 1702 3910 perpet,
1719 3843 1760 3894 sic
1774 3842 1928 3910 majestas
1942 3861 2000 3901 xvu

104 3940 187 3989 tmen
232 3941 313 3979 serm.
335 3927 359 3978 3.
379 3923 409 3976 in
431 3922 535 3977 Psalm.
558 3929 612 3979 118.
636 3924 749 3994 exponit
774 3940 823 3995 per
840 3941 942 3996 aquam
961 3926 1066 3994 baptis·
1092 3944 1148 3979 non
1162 3934 1255 3995 potest
1280 3927 1428 4024 impediri,
1455 3927 1522 3995 quin
1550 3943 1662 3979 cursum
1686 3945 1767 3979 suum
1781 3927 1925 3995 perficiat.

231 4029 320 4080 mam,
362 4027 413 4081 per
451 4010 544 4082 ignem
573 4006 784 4081 parpatorium.
842 4010 1065 4080 Respondemus.
1092 4011 1212 4075 Quidam
1238 4012 1401 4083 perignem
1419 4015 1553 4081 adraso,
1578 4029 1628 4082 per
1647 4029 1748 4082 aquam
1766 4011 1927 4085 intelligunt

234 4104 256 4153 l.
234 4095 468 4153 lBellarminus
496 4097 600 4151 diserte
628 4099 739 4161 asserit,
768 4098 840 4150 hunc
865 4098 958 4152 locum
984 4115 1066 4165 posse
1088 4115 1236 4166 prospera.
1272 4099 1447 4170 Augustinus
1474 4098 1620 4154 hocloco:
1647 4100 1729 4168 Ipnis
1746 4099 1819 4162 urit,
1849 4118 1927 4168 aquo

230 4183 326 4238 varios
357 4183 460 4238 hahere
488 4199 601 4250 sensus,
634 4182 773 4255 quomodo
803 4182 890 4254 igitur
922 4184 1065 4238 immotum
1091 4185 1253 4254 corrumpit,
1270 4193 1415 4254 utrumque
1432 4187 1617 4253 metuendum,
1630 4193 1656 4238 et
1674 4185 1748 4239 ustio
1766 4185 1926 4239 tribulatio·

230 4271 393 4340 purgatorio
423 4270 600 4325 substernere
629 4267 731 4341 poterit
755 4267 896 4323 fulcrum?
946 4269 1063 4334 Quidam
1091 4270 1143 4334 ιιιζι,
1157 4279 1182 4324 et
1191 4289 1267 4341 aqua
1278 4272 1476 4343 corruptionis.
1506 4270 1628 4333 Quando
1636 4279 1700 4323 sunt
1713 4287 1948 4342 resprosperae¹

230 4356 394 4426 interpretes
409 4355 620 4411 accommodant
630 4357 671 4408 ad
682 4355 839 4408 seruitutem
852 4356 1064 4424 Aegyptiace-m,
1091 4365 1117 4411 et
1131 4358 1306 4410 abundantia
1320 4358 1410 4412 secas
1420 4357 1595 4426 circumfluit,
1605 4357 1690 4424 quasi
1700 4374 1776 4428 aqua
1789 4365 1837 4412 est.
1857 4356 1926 4411 Rus·

230 4457 288 4511 que
303 4440 447 4496 Israiihtae
458 4442 557 4496 misere
575 4440 662 4511 pressi
677 4447 706 4495 et
722 4439 820 4494 afflicti
837 4438 958 4495 fuerunt.
984 4440 1064 4496 Chal·
1080 4441 1170 4511 'finus,
1188 4442 1380 4507 Cassiodorus,
1401 4442 1487 4514 Hugo
1508 4441 1656 4496 cardinalis
1676 4442 1865 4514 Augustinum
1883 4461 1925 4498 sc·

230 4525 318 4580 dacus
329 4526 540 4596 paraphrastes:
557 4525 727 4579 Humiliasti
737 4543 796 4588 nos,
805 4526 921 4594 jussisti
937 4527 1064 4595 equitare
1091 4536 1222 4600 quuntur.
1245 4529 1423 4583 Bernhardus
1436 4545 1514 4582 serm.
1528 4527 1556 4582 in
1568 4529 1676 4582 transit.
1686 4526 1817 4584 Malach:
1835 4529 1925 4583 Tron-

232 4619 374 4664 auctorsm
394 4613 546 4666 exactionis
566 4629 650 4681 super
668 4620 754 4682 caput
770 4619 904 4681 nostrum,
921 4613 1066 4681 judicasti
1089 4616 1154 4669 sivit
1168 4631 1225 4684 per
1238 4616 1328 4684 ipnem
1340 4624 1365 4668 ιι
1384 4633 1497 4684 mmmm,
1517 4631 1597 4682 quem
1616 4634 1671 4667 non
1684 4614 1777 4666 tristia
1788 4616 1925 4684 mancare

233 4714 284 4749 nos
310 4704 445 4765 tanquam
469 4699 589 4763 fornace
616 4706 735 4766 stoque
768 4704 794 4750 ιι
817 4699 940 4751 eduxisti
956 4717 1007 4752 nos
1034 4700 1064 4753 in
1090 4719 1139 4755 nec
1149 4703 1272 4754 detinere
1281 4700 1381 4755 mollia
1392 4708 1552 4770 potueruut.
1579 4698 1660 4753 Hanc
1670 4700 1924 4769 interpretationem

228 4782 416 4840 latitudinem.
461 4782 591 4852 Lyranus
609 4783 638 4837 in
658 4800 769 4840 comm:
799 4784 993 4838 lhansiuimus
1008 4801 1064 4854 per
1091 4787 1228 4858 approbat
1245 4787 1355 4841 Blasius
1382 4786 1416 4842 de
1436 4785 1527 4856 Vicga
1551 4785 1581 4839 iu
1603 4804 1626 4839 c.
1650 4786 1796 4856 16Apoc.
1817 4804 1845 4856 p.
1865 4791 1923 4841 416.

227 4869 333 4936 ipnem,
374 4870 407 4922 id
436 4879 476 4922 est
505 4868 632 4922 laborem
660 4870 734 4937 ignis
763 4871 805 4923 ad
834 4871 1008 4939 coquendum
1037 4880 1063 4924 et
1091 4878 1114 4927 2.
1146 4872 1357 4943 simplicissime
1378 4888 1412 4925 ac
1448 4871 1534 4925 textui
1560 4871 1845 4926 accommodatissima
1883 4881 1926 4926 est

226 4972 345 5024 aquam,
369 4973 453 5024 quam
466 4955 624 5024 portabant
637 4955 767 5025 propriis
790 4955 914 5008 humeris
933 4958 975 5009 ad
991 4973 1062 5010 corn·
1090 4959 1282 5029 interpretatio
1301 4959 1351 5013 illa
1369 4963 1463 5029 (quam
1476 4974 1508 5011 ex
1521 4959 1587 5028 ipsis
1600 4956 1753 5012 Pontificiis
1771 4966 1926 5028 sequuntur

226 5044 398 5095 miscendum
418 5059 479 5096 cam
498 5049 589 5109 terra,
608 5048 638 5093 ιιι
656 5042 723 5094 inde
739 5042 844 5096 lateres
861 5043 1062 5106 formarentur.
1089 5043 1193 5099 Ribera
1211 5046 1240 5098 in
1260 5062 1357 5099 comm.
1378 5042 1462 5098 Zach.
1486 5049 1523 5098 13.
1545 5063 1571 5098 n.
1595 5049 1634 5099 l'l.
1655 5052 1683 5098 ct
1702 5043 1807 5097 Hector
1827 5044 1925 5098 Pintus

226 5125 345 5190 Quidam
363 5127 399 5180 sd
417 5126 610 5182 tribulationes
629 5127 726 5197 populi
739 5126 896 5194 Isra'elitici,
915 5144 985 5198 quas
1002 5133 1062 5182 tum
1088 5131 1116 5184 in
1136 5148 1233 5187 comm.
1252 5131 1314 5187 Era.
1336 5136 1404 5198 ta),
1423 5147 1479 5202 qua
1496 5149 1546 5201 per
1564 5132 1655 5198 ipnem
1674 5139 1699 5183 et
1720 5147 1823 5199 aquam
1841 5138 1926 5185 metu-

225 5212 256 5265 in
281 5214 422 5282 Aepypto,
450 5218 509 5265 tum
536 5213 566 5265 in
590 5213 700 5266 deserto
723 5213 864 5271 sustinuit.
910 5211 1061 5282 cajetanus
1088 5215 1203 5287 phorica
1219 5215 1352 5285 loquendi
1373 5217 1573 5271 consuetudine.
1595 5215 1683 5268 omnis
1703 5215 1813 5287 generis
1827 5216 1924 5271 adra-

224 5296 372 5354 hocloco:
408 5300 546 5369 Reliquas
584 5317 676 5354 omncs
708 5301 906 5354 tribulationes
938 5309 994 5353 tum
1031 5301 1060 5354 in
1087 5302 1184 5356 sitates
1207 5302 1412 5374 intelliguntur,
1445 5301 1547 5372 quibus
1577 5299 1689 5367 David,
1720 5299 1866 5355 Israelitae
1896 5306 1926 5355 et

224 5386 361 5455 Aegypto,
378 5393 434 5440 tum
454 5387 484 5441 in
501 5388 548 5441 esa
564 5402 650 5456 usque
668 5388 709 5439 ad
726 5387 891 5441 dordonam
909 5387 1062 5443 summarie
1088 5405 1182 5443 omnes
1201 5388 1241 5459 pii
1259 5388 1289 5441 in
1306 5387 1359 5442 hec
1377 5387 1436 5442 vita
1454 5393 1520 5441 sunt
1540 5386 1669 5457 subjecti,
1688 5386 1738 5442 sed
1762 5386 1856 5442 divina
1875 5387 1924 5444 bc·
