4104 6014
861 215 928 292 ,on
948 213 1085 274 nonna.
1809 221 1827 278 o

137 373 246 442 scripti,
267 373 426 428 missisunt
445 373 475 428 in
493 374 717 442 stagnumipnis,
735 379 764 428 et
781 372 970 429 tnncdemum
997 375 1241 442 demonstravero,
1270 374 1419 442 adjambit
1438 391 1480 427 me
1495 373 1665 442 plurimum,
1693 379 1722 424 at
1743 369 1828 423 intuito

137 459 227 530 Apoc.
250 465 297 529 21,
324 478 350 517 v.
371 467 391 516 l.
422 461 494 516 vidit
512 460 652 516 Johannes
672 462 779 515 coslam
808 478 907 514 noutsm
936 476 970 512 ae
990 459 1114 527 facilius
1129 461 1206 514 ouini
1218 477 1317 514 carens
1331 461 1459 514 molestia
1472 461 1671 515 immortalitas
1681 474 1829 527 camertem

137 554 241 600 terram
259 566 368 604 nocam.
387 553 411 604 3.
431 547 478 602 Ad
495 553 676 620 augmentum
693 546 789 618 gaudii
809 553 837 602 et
854 546 970 602 felicita·
996 546 1025 598 in
1054 546 1160 601 sanetis
1185 548 1287 610 satura
1317 548 1458 605 medatnr.
1507 545 1601 617 Atque
1630 548 1699 600 haec
1728 543 1828 607 omnia,

138 631 175 686 tis
192 631 343 689 electorum
361 634 454 700 faciet,
472 634 546 708 qnod
558 634 656 705 impios
675 633 702 687 in
717 632 884 704 supplicium
895 633 971 687 abire
995 648 1066 702 quae
1091 633 1125 688 dc
1145 633 1241 687 ordine
1264 633 1473 688 novissimorum
1489 633 1563 688 dicta
1581 638 1660 702 sunt,
1687 648 1742 685 non
1760 629 1829 683 dno-

137 735 229 775 coram
247 719 397 786 intuentur,
417 721 484 792 quia
501 737 534 776 ex
554 719 759 792 comparatione
771 736 838 774 suae
854 719 969 775 felicita-
994 719 1140 789 δεικτικῶς,
1160 720 1208 775 sed
1227 726 1419 791 stagnenses,
1439 738 1493 775 nou
1507 725 1640 791 tanquam
1655 718 1781 772 absolute
1795 732 1829 771 ao

137 803 175 859 tis
194 821 256 859 cum
276 805 393 860 aliorum
421 805 651 862 condemnatione
672 805 761 877 magis
778 805 832 861 Dei
851 805 968 877 gratiam
994 805 1118 875 praecise
1146 812 1236 875 certa,
1268 807 1317 861 sed
1342 812 1375 861 ut
1397 806 1581 861 verisimiliter
1609 813 1714 859 asserta
1739 801 1829 873 accipi

138 906 206 963 erga
225 909 255 948 se
272 898 431 965 agnoscunt
449 899 478 949 et
496 893 668 964 praedicant.
699 892 796 963 Neque
809 893 970 947 adversatur
994 892 1127 963 cupimus.
1159 891 1249 947 Valde
1268 893 1340 949 enim
1352 893 1485 963 probatur
1497 892 1577 947 nobis
1591 892 1659 946 illud
1674 887 1827 962 Augustini

138 977 208 1032 illud
225 978 497 1036 Bernhardusserm.
513 985 537 1036 8.
559 978 646 1036 inPs.
673 977 729 1042 Qui
742 977 864 1033 habitat:
884 978 970 1031 Prius
995 976 1042 1033 lib.
1064 983 1105 1032 20.
1131 979 1166 1033 de
1189 979 1262 1033 civit.
1290 979 1342 1034 Dei
1367 996 1427 1050 cap.
1449 984 1489 1033 30.
1516 978 1590 1032 circa
1614 976 1676 1033 fin:
1714 978 1751 1030 ln
1772 975 1824 1029 illo

139 1064 277 1118 benedieti
295 1066 467 1120 vocabuntur
485 1067 652 1137 inregnum,
665 1082 749 1134 astam
767 1064 969 1118 maledietide·
994 1064 1102 1130 iudicio
1119 1065 1162 1119 ool
1186 1065 1263 1118 cirea
1283 1066 1358 1119 iilud
1381 1066 1521 1134 indicium
1538 1065 1589 1118 itas
1607 1081 1653 1118 res
1673 1063 1827 1118 didicimus

136 1150 273 1219 jiciantar
298 1153 329 1206 in
353 1154 491 1207 caminam
515 1153 589 1222 ἐμοῖο
614 1151 735 1218 aeterni,
762 1167 816 1218 quo
843 1149 970 1203 aiddioet
996 1167 1054 1204 esse
1073 1151 1190 1215 saturas
1209 1159 1258 1205 eto.
1296 1153 1436 1207 Christum
1462 1159 1606 1204 ventarum
1625 1150 1828 1220 indicaturam,

137 1237 233 1290 aerina
252 1239 368 1293 doleant
385 1239 520 1308 videntes,
539 1238 611 1307 quid
626 1236 780 1291 amiserint.
818 1234 881 1290 Hoc
898 1220 1168 1291 enimlmortaorum
1192 1239 1442 1302 reasmeetionem,
1470 1239 1605 1291 bonoram
1635 1237 1829 1306 malorumque

137 1322 330 1394 accipiendum
343 1324 378 1379 de
390 1324 543 1381 sententiae
559 1322 726 1395 judiciariae
739 1287 1202 1411 promulgatione.ldiremtionem,
1236 1325 1333 1378 nitendi
1366 1325 1613 1393 conflagrationem
1650 1323 1829 1392 ejusdemque

137 1426 193 1465 non
216 1416 309 1466 antem
334 1411 369 1466 de
389 1411 513 1482 ejusdem
532 1409 723 1475 exsecutione,
749 1415 780 1463 ut
807 1415 915 1462 constat
939 1425 971 1463 ex
983 1438 985 1445 ι
996 1409 1211 1474 renovationem,
1231 1427 1303 1481 ntiae
1322 1412 1417 1465 omnia
1435 1412 1547 1480 paidom
1558 1417 1676 1463 namara
1695 1425 1752 1462 esse
1771 1425 1828 1462 ere-

138 1495 238 1553 Matth.
266 1502 311 1566 25,
342 1515 368 1554 v.
394 1503 435 1552 41.
458 1503 487 1551 et
511 1502 553 1554 46.
604 1501 629 1551 4.
654 1494 756 1551 Glossa
787 1493 1119 1549 interlinearisdendnn
1138 1504 1187 1552 est.
1234 1497 1296 1552 Sed
1313 1499 1411 1568 auidas
1436 1499 1528 1551 modis
1549 1504 1575 1549 et
1592 1515 1645 1566 qno
1663 1497 1762 1549 ordine
1782 1512 1829 1548 oe·

136 1582 236 1637 Matth.
255 1589 297 1640 25.
321 1582 400 1639 addit
424 1582 496 1638 hanc
527 1583 677 1638 rationem:
718 1581 842 1636 Tollitur
861 1581 972 1650 impias,
983 1546 986 1640 l
997 1581 1093 1651 niant,
1111 1584 1208 1652 'mapis
1227 1592 1291 1637 taric
1310 1585 1417 1638 docebit
1434 1601 1528 1637 rernm
1546 1583 1726 1652 experientia,
1745 1599 1830 1650 qnam

137 1686 172 1724 ne
185 1669 278 1723 uideat
292 1670 414 1738 aleriam
426 1670 494 1725 Dei.
525 1676 549 1725 5.
563 1667 739 1740 Augustinus
751 1666 797 1720 lib.
812 1672 853 1722 21.
867 1666 902 1722 de
921 1666 972 1722 civ.
997 1687 1070 1723 nane
1086 1669 1159 1724 vaiet
1178 1671 1311 1740 consequi
1329 1673 1369 1724 ad
1388 1672 1545 1741 perfectam
1566 1669 1706 1722 danninum
1726 1667 1828 1722 intelli

139 1754 193 1810 Dei
212 1771 236 1811 c.
256 1761 277 1812 1.
297 1772 410 1812 causam
427 1754 532 1810 ordinis
549 1771 696 1827 exponens,
715 1771 764 1808 cur
783 1753 817 1807 de
835 1751 972 1824 supplicio
997 1757 1099 1826 pontia.
1136 1755 1250 1827 Restat,
1269 1764 1299 1813 nt
1317 1758 1345 1812 in
1366 1758 1461 1830 speeie·
1477 1757 1512 1812 de
1530 1756 1648 1828 singulis
1668 1773 1715 1810 sex
1740 1755 1830 1811 novis·

141 1841 351 1912 damnatorum,
370 1858 453 1915 qnam
474 1842 508 1898 de
527 1841 617 1914 gloria
634 1841 777 1896 beatorum
796 1838 873 1910 prius
890 1827 1085 1927 agerelsimis,
1106 1849 1203 1914 utpote
1228 1848 1249 1897 1.
1269 1846 1304 1896 de
1324 1851 1427 1908 morte,
1447 1847 1472 1899 2.
1493 1846 1527 1897 de
1549 1851 1719 1897 mortuorum
1737 1859 1828 1896 resar-

136 1928 263 1997 voluerit,
289 1928 328 1983 sic
355 1929 467 1985 scribit:
487 1927 689 1984 Incredibilem
715 1928 824 1980 videtur
843 1944 911 1993 esse,
942 1927 1127 1997 inJreetione,
1146 1932 1173 1984 3,
1193 1930 1228 1982 de
1247 1930 1476 1984 remediatorum
1488 1930 1612 2000 jndicio,
1632 1933 1656 1982 l.
1678 1931 1713 1982 da
1730 1929 1830 2007 ynnndi

137 2015 261 2068 aeternis
278 2032 400 2086 corpora
420 2017 527 2071 durare
545 2013 724 2081 οννοίοιίὂιιο,
739 2030 823 2082 getam
841 2013 901 2066 sine
921 2014 970 2065 do·
997 2015 1193 2081 destinatione,
1222 2020 1248 2073 5.
1267 2017 1301 2068 de
1328 2016 1442 2079 inferno
1470 2024 1496 2069 ct
1525 2020 1550 2070 6.
1573 2018 1607 2070 de
1635 2017 1692 2070 vita
1714 2023 1830 2069 aeterna

135 2101 199 2155 lore
216 2100 326 2170 aldoin
345 2110 461 2179 aeterna
478 2100 650 2157 beadtudine
667 2115 840 2171 permanere.
866 2100 909 2153 Ao
918 2117 972 2168 per
996 2100 1080 2181 paulo
1097 2098 1210 2155 uberius
1229 2117 1352 2172 mamus.

137 2188 190 2242 Ιιοο
208 2205 270 2242 σανα
283 2187 365 2242 tilam
380 2180 502 2257 posnam
521 2206 578 2242 non
590 2189 688 2243 debere
707 2204 765 2241 esse
777 2186 969 2241 incredibilem
981 2166 984 2243 l

699 3060 1199 3146 TRAOTATUS
1251 3062 1284 3145 I.

554 3329 1404 3483 nunonis.

427 3586 449 3648 c
468 3586 497 3648 Α
513 3585 538 3646 P
556 3586 626 3646 ΠΤ
659 3587 683 3648 L
981 3581 1124 3675 labsolnta
1144 3581 1313 3637 nominatam
1326 3583 1424 3638 volunt
1443 3601 1476 3639 ac
1505 3590 1627 3640 mortuos
1646 3586 1734 3640 dictos
1752 3585 1832 3656 quasi

982 3667 1131 3723 'emeritos
1166 3674 1191 3724 4.
1209 3669 1280 3723 Sunt
1303 3669 1351 3740 qui
1374 3686 1502 3741 graecam
1530 3671 1727 3733 derivationem
1748 3686 1830 3741 quse
1843 3675 1961 3720 naemu.

265 3742 333 3811 DE
366 3745 437 3809 ΟΝ
448 3745 525 3810 OM
531 3746 558 3810 A
571 3746 682 3810 ΤΟΛ
695 3745 761 3831 ΟΓ
763 3748 783 3810 I
790 3749 835 3811 A.
996 3760 1075 3823 runt,
1099 3755 1143 3809 vel
1165 3751 1220 3809 ἀπὸ
1239 3759 1289 3809 τοῦ
1306 3761 1419 3829 μοῖραν,
1439 3775 1457 3810 a
1477 3758 1643 3826 diuidendo,
1667 3758 1733 3828 qnia
1758 3773 1831 3812 mors

996 3847 1039 3897 est
1056 3841 1164 3896 animae
1182 3858 1200 3896 a
1219 3858 1334 3913 corpore
1359 3843 1513 3915 separatio,
1539 3845 1583 3898 vel
1598 3861 1616 3898 a
1632 3844 1733 3918 μόρος,
1757 3843 1832 3915 qnod

11 3945 31 3995 1,
45 3940 145 3995 'arv-⁴
175 3939 215 3988 15.
253 3931 358 3986 Mortis
376 3947 477 3985 nomen
494 3930 569 3985 nude
586 3930 700 3986 ductum
719 3930 763 4000 sit,
782 3946 837 3985 non
856 3946 911 3984 una
930 3936 972 3984 est
997 3935 1107 3994 sortem,
1127 3932 1233 3997 partem
1253 3943 1287 3982 aa
1304 3934 1420 3983 mortem
1439 3929 1585 4001 significat.
1631 3929 1677 3989 Sic
1693 3930 1831 3986 Homerus

11 4015 93 4082 poto·
140 4017 263 4073 omnium
282 4017 427 4073 sententia.
460 4021 483 4071 1.
503 4016 677 4087 Augustinus
697 4015 744 4072 lib.
767 4023 787 4072 1.
806 4017 971 4088 hypognost.
998 4012 1149 4067 θάνατόντε
1175 4011 1309 4088 pipam,
1338 4021 1470 4086 tanquam
1501 4033 1657 4086 synonyma
1679 4016 1832 4086 conjungit,

12 4087 112 4191 mm.
139 4104 319 4176 oont.Pelag.
332 4103 406 4158 circa
416 4102 619 4158 medamorsn
634 4102 703 4157 illud
716 4103 835 4159 deducit.
855 4105 971 4172 Opinar,
998 4100 1124 4171 quamvis
1147 4101 1283 4171 posterior
1313 4119 1365 4156 vox
1390 4102 1478 4173 magis
1500 4103 1536 4156 sit
1554 4102 1671 4173 politica.
1709 4102 1833 4172 Scaliger

13 4178 126 4243 ιιιιιιιῐ.
140 4190 244 4261 inquit,
268 4192 345 4260 quod
363 4191 428 4244 ideo
447 4207 523 4242 mors
540 4189 592 4242 itoc
609 4190 773 4243 vocabalum
792 4191 913 4259 aceepit,
940 4207 972 4243 eo
999 4203 1088 4241 exerc.
1109 4192 1167 4243 352.
1185 4187 1260 4242 Mors
1278 4187 1378 4243 dicitur
1398 4205 1415 4242 a
1426 4190 1513 4259 suto,
1538 4188 1648 4244 Graeca
1665 4206 1717 4242 vox
1736 4185 1831 4261 μόρος,

139 4279 219 4348 meod
235 4294 330 4332 morsa
349 4277 556 4346 miodammodo
577 4277 705 4329 venenosi
716 4278 860 4345 sapentia,
881 4278 914 4331 id
933 4285 971 4331 est
999 4280 1094 4347 μοῖρα.
1116 4270 1240 4337 Θάνατος
1253 4275 1436 4346 Etymologus
1450 4276 1554 4330 dictum
1566 4282 1648 4347 putat
1659 4275 1738 4348 qnasi
1751 4275 1833 4330 sdra-

140 4364 252 4419 diadoli
269 4363 298 4416 in
308 4364 459 4434 paradiso,
476 4363 572 4416 Adam
588 4364 678 4426 faerit
695 4364 863 4418 interemtus.
896 4365 973 4418 tnnc
998 4381 1044 4421 νος
1062 4377 1080 4415 a
1097 4365 1193 4428 retro,
1211 4362 1286 4432 quod
1305 4368 1347 4417 est
1363 4361 1463 4427 τανύω,
1482 4369 1514 4417 ut
1531 4363 1568 4416 sit
1586 4363 1600 4417 ὁ
1620 4369 1717 4418 τείνων
1735 4363 1769 4416 τὰ
1781 4361 1832 4417 σοι’·

141 4452 216 4507 enim
245 4466 360 4521 serpens
377 4466 472 4504 morsa
503 4450 614 4519 decepit
642 4450 744 4516 Adam,
774 4453 888 4519 qnando
916 4468 972 4520 per
998 4469 1072 4522 μαια
1085 4449 1116 4522 τῇ
1136 4443 1225 4517 ψύξει,
1245 4448 1290 4502 vel
1309 4447 1376 4519 qnia
1404 4447 1475 4505 esti
1494 4448 1602 4517 ταναός,
1619 4455 1716 4521 utpote
1730 4449 1834 4511 πάντας

141 4537 394 4608 emnrpiscmtinn
411 4538 550 4601 mordere,
569 4537 620 4590 too
638 4544 678 4591 est
697 4539 789 4607 edere,
808 4538 897 4590 suasit
916 4537 972 4591 iiii·
1000 4536 1098 4590 ἑαυτὸν
1121 4536 1275 4590 διατείνων.
1319 4534 1374 4591 Sed
1399 4535 1449 4589 has
1473 4553 1507 4590 ao
1528 4536 1632 4592 similes
1652 4537 1834 4608 etymologias

140 4625 207 4693 cita,
226 4631 251 4678 et
265 4630 421 4693 propterea
440 4640 516 4676 more
534 4625 653 4692 oseneia
666 4641 761 4677 morsa
778 4640 878 4678 nomen
896 4641 972 4678 acce·
999 4641 1055 4679 non
1067 4622 1201 4678 immerito
1215 4623 1323 4678 deridet
1331 4624 1414 4680 Heur.
1422 4624 1578 4694 Stephanus
1592 4623 1697 4679 inthes.
1710 4623 1834 4679 Graecae

139 4711 202 4783 pit,
231 4711 306 4763 smde
337 4717 364 4762 et
382 4709 523 4763 Dominus
552 4711 580 4762 in
599 4711 695 4763 Hosea
720 4710 862 4779 propheta
877 4712 974 4765 morti
999 4712 1111 4782 lingssne
1131 4709 1159 4764 in
1177 4710 1261 4765 vcrbo
1282 4709 1402 4780 θνῄσκω.
1438 4712 1545 4781 Etesiis
1563 4731 1619 4766 non
1632 4712 1716 4778 videt,
1736 4711 1834 4781 inquit,
1905 4716 1908 4721 '

140 4797 276 4852 minitans
293 4795 379 4849 dicit.-
403 4797 465 4849 Ero
484 4813 561 4850 mors
580 4803 629 4850 tna
647 4814 663 4850 o
685 4814 771 4865 mors,
795 4813 843 4851 ero
864 4816 974 4853 morosis
1000 4814 1059 4851 rem
1077 4796 1280 4864 ineptissimam
1298 4814 1370 4861 esse,
1388 4807 1506 4866 ctpmnm
1525 4799 1695 4865 investigare
1713 4797 1835 4852 nominis

13 4884 76 4928 ΠΕ
88 4883 121 4926 ¹⁴·
141 4893 208 4937 sans
227 4880 347 4946 inferne.
389 4880 425 4935 In
441 4881 557 4937 vetustis
576 4882 741 4953 quibusdam
759 4883 901 4939 versiculis
920 4883 976 4939 alia
1000 4901 1020 4936 a
1038 4884 1120 4936 serbo
1141 4882 1272 4953 dmirati,
1288 4890 1315 4936 st
1334 4885 1448 4952 qnidam
1466 4884 1593 4949 nonsinis,
1614 4885 1691 4952 qaod
1708 4884 1833 4953 aliquam

141 4965 338 5041 appellationis
353 4965 424 5023 ratio
442 4966 617 5038 exprimiturz
1003 4970 1086 5023 etiam
1104 4969 1226 5024 verbalis
1237 4975 1364 5036 formam
1382 4970 1506 5025 retinet!
1527 4971 1589 5039 qais
1607 4987 1663 5022 non
1685 4970 1769 5036 videt,
1789 4970 1833 5022 liic

999 5057 1167 5125 possediat,
1190 5059 1266 5128 qnod
1284 5057 1313 5109 in
1338 5058 1489 5126 proverbio
1509 5064 1557 5124 est,
1577 5055 1593 5121 ὴ
1612 5060 1678 5125 βοῦς
1697 5053 1745 5121 τὴν
1763 5055 1835 5128 ι”μιι-

1003 5147 1062 5205 ξαν.
1103 5141 1185 5198 Tales
1210 5143 1341 5198 allusivas
1369 5143 1553 5216 etymologias
1577 5142 1731 5214 complures
1754 5142 1836 5198 affert

1004 5228 1140 5285 Stobaeus
1161 5248 1193 5285 ex
1212 5228 1535 5287 Themistioserm.119.
1554 5233 1663 5303 γένεσιν
1682 5229 1835 5301 generatio·

144 5319 168 5369 2.
187 5310 307 5376 Quidam
330 5310 473 5366 deducunt
492 5328 511 5365 a
529 5328 625 5381 mora,
650 5313 716 5383 quis
736 5331 830 5369 omnes
853 5313 977 5369 homines
1004 5333 1067 5371 nem
1086 5316 1189 5372 dictam
1207 5317 1303 5372 volunt
1326 5318 1406 5388 quasi
1426 5322 1521 5373 νεῦσιν
1540 5320 1585 5371 tat
1603 5321 1664 5388 γῆν,
1684 5316 1835 5371 inclinatio-

144 5404 269 5455 moratur
286 5405 315 5453 et
332 5402 487 5469 exspectat,
506 5397 551 5452 vel
570 5397 636 5468 quia
653 5398 756 5453 nullius
773 5406 895 5455 moratur
913 5418 977 5456 con·
1004 5420 1067 5457 nem
1087 5410 1115 5459 et
1133 5402 1303 5459 nutationem
1321 5405 1350 5459 in
1374 5411 1490 5474 terram,
1509 5407 1655 5475 γενέθλιον
1673 5403 1745 5458 diem
1757 5410 1834 5458 nata·

144 5484 286 5561 ditionem.
305 5489 330 5542 3.
350 5484 470 5554 Quidam
486 5488 601 5542 mormm
618 5485 654 5540 ab
674 5487 788 5540 emerita
803 5487 862 5557 jam
881 5487 939 5542 vita
950 5495 979 5544 et
990 5516 991 5539 ι
1003 5490 1102 5555 litium,
1122 5491 1157 5551 sir
1174 5490 1260 5567 ἀρχὴν
1273 5497 1426 5565 γενομένην
1445 5491 1550 5560 ἄθλων,
1566 5490 1733 5563 principium
1749 5497 1835 5545 certa·

178 5088 252 5143 Jnre
263 5094 364 5142 vocata
373 5087 432 5152 suit
450 5105 535 5155 mors,
548 5090 625 5157 qnod
639 5091 721 5160 quasi
736 5108 844 5143 morsus
862 5109 977 5145 amar-m

248 5175 381 5229 Omnibus
400 5181 448 5240 est,
467 5191 486 5227 a
504 5192 559 5245 qao
578 5192 656 5229 nemo
675 5193 771 5231 cauere
788 5185 891 5245 potest.
