4104 6014
101 226 110 249 .
206 223 296 279 466.
825 203 1054 264 reserares
1075 204 1276 291 suesanus·

206 366 367 420 ἀθανασίαν
385 384 409 420 v.
431 372 471 420 5³.
496 367 600 422 asserit.
639 372 663 420 3.
682 365 746 419 Duo
768 361 907 418 connectit
925 365 1033 431 aposto·
1048 391 1050 425 ;
1064 363 1157 419 orbem
1177 366 1212 419 ad
1232 365 1448 435 praedicandum
1466 364 1641 436 evangelium
1663 363 1827 421 discessuris
1849 363 1905 419 col·

205 452 248 507 lus
263 453 291 506 in
306 451 427 521 corporis
441 452 592 523 spiritualis
604 449 833 518 denominatione,
853 446 1036 501 substantiam
1048 438 1050 483 ἶ
1064 450 1165 504 lectum
1184 451 1233 514 sit,
1252 450 1353 506 diserte
1370 461 1464 506 tamen
1481 452 1637 520 adstruunt,
1658 452 1694 505 ab
1711 449 1781 520 ipsis
1795 457 1905 519 aposto-

205 544 235 592 ct
252 538 429 607 qualitatem,
450 537 607 592 substantia
627 537 678 591 erit
697 535 808 598 mdem,
826 534 909 589 videl.
927 488 1051 601 corpru,i
1065 535 1098 588 lis
1119 553 1177 590 esse
1196 536 1287 589 visum
1309 544 1337 592 et
1355 535 1547 606 approbatum.
1582 536 1720 590 Pacianus
1738 535 1767 589 in
1786 534 1867 605 epist.
1883 542 1905 590 1.

207 624 327 694 qualitas
340 629 433 677 autem
446 621 606 677 mutabitur.
621 622 687 692 quin
703 601 1100 729 seminatureorpuseei·]ad
1128 621 1329 690 Sempronium.
1372 620 1568 690 Antiquissimi
1597 621 1744 691 scriptores
1775 620 1905 675 ecclesia·

208 709 295 776 male,
313 715 440 778 resurget
459 725 558 778 corpus
577 709 735 777 spirituale.
770 706 826 762 Sed
843 705 1140 774 baecmutatiostici,
1167 706 1298 761 irenaeus
1325 714 1353 759 et
1380 705 1582 768 Tertullianus,
1613 706 1724 761 nomine
1749 706 1906 761 traditionis

208 793 374 864 qualitatum
394 810 449 847 non
467 793 550 847 infert
569 794 655 863 ipsius
669 792 839 847 substantiae
852 790 1038 857 abolitionem,
1051 778 1233 878 [apostolicae
1260 792 1375 846 totidem
1398 808 1465 864 *vere
1488 792 1580 846 verbis
1598 792 1753 863 symbolum
1779 791 1848 847 illud
1865 809 1907 847 re-

207 885 263 932 tam
283 895 346 934 vere
361 879 432 933 enim
443 884 523 931 estet
539 883 771 948 vocaturcorpus,
789 876 1168 953 quandoestspiri-ycitaum
1208 878 1253 931 ille
1283 877 1395 947 quidem
1428 877 1489 930 libr.
1522 882 1545 933 2.
1573 878 1635 932 adv.
1668 878 1741 933 haer.
1771 894 1833 948 cap.
1864 883 1904 933 tl.

209 964 292 1030 tuale,
305 981 387 1035 quam
401 980 465 1017 vere
478 969 558 1018 estet
571 962 1038 1033 vocaturcorpus,quandoestani·
1051 958 1054 1037 l
1065 982 1128 1035 pag.
1152 971 1207 1019 172.
1227 981 1266 1018 ac.
1285 963 1346 1016 libr.
1372 970 1391 1017 1.
1417 963 1479 1016 adv.
1498 963 1572 1020 haer.
1592 981 1652 1034 cap.
1671 968 1695 1019 2.
1714 979 1779 1034 pag.
1800 968 1842 1020 34.
1859 962 1906 1017 bic

209 1051 286 1107 male.
317 1050 491 1120 Augustinus
512 1051 539 1103 in
558 1049 634 1105 ench.
654 1066 714 1119 cap.
725 1055 770 1105 91:
793 1050 872 1103 Sicut
890 1066 963 1101 auae
981 1067 1039 1101 eor·
1052 1072 1054 1111 ξ
1066 1067 1130 1103 vero
1152 1051 1180 1103 in
1198 1050 1259 1103 libr.
1281 1051 1315 1103 de
1335 1049 1496 1119 praescript.
1514 1049 1575 1103 adv.
1592 1049 1694 1105 haeres.
1714 1066 1780 1119 pag.
1794 1055 1852 1104 110.
1872 1066 1905 1104 ao

208 1157 260 1206 pus
279 1137 402 1190 uuireels
415 1138 528 1204 clr'm'tur,
547 1138 622 1205 quod
640 1144 731 1189 tumen
751 1153 852 1204 corpus
872 1152 927 1187 aori
945 1122 1101 1219 eairrteide
1128 1133 1225 1188 veland
1261 1133 1389 1204 virginib.
1416 1152 1479 1205 pag.
1509 1141 1566 1191 566.
1612 1144 1634 1192 9.
1663 1135 1742 1198 Quod
1771 1134 1904 1205 Symboio

207 1232 245 1277 est
255 1245 265 1287 ,·
283 1225 325 1277 ita
343 1231 407 1275 tuac
425 1222 575 1290 spirituale
594 1220 648 1275 crit
667 1238 780 1290 corpses,
797 1228 889 1274 temes
907 1239 963 1275 aem
983 1223 1039 1289 spi·
1052 1224 1055 1283 l
1066 1221 1218 1290 apostolico
1239 1236 1281 1284 ea,
1300 1235 1371 1290 quae
1392 1220 1426 1274 de
1445 1220 1501 1274 fide
1522 1222 1550 1274 in
1565 1221 1696 1289 Spiritum
1715 1229 1802 1275 sanct
1815 1238 1904 1292 usque

207 1311 284 1365 ritus.
326 1308 403 1363 Sicut
422 1308 502 1361 homo
520 1313 665 1377 aegrotus,
689 1307 800 1377 quando
824 1306 921 1360 iterum
941 1322 1039 1360 consa·
1067 1305 1102 1358 ad
1122 1305 1204 1360 tinem
1225 1306 1370 1373 habentur,
1388 1305 1587 1375 posterioribus
1607 1305 1716 1360 demum
1736 1307 1836 1361 seculis
1854 1307 1902 1362 ad-

208 1394 296 1457 lescit‚
317 1412 373 1447 non
390 1392 465 1447 exuit
485 1393 629 1462 pristinam
648 1401 774 1447 naturam
788 1392 1040 1460 seusubstantiam,
1067 1390 1125 1443 dita
1150 1390 1219 1452 sint,
1247 1389 1409 1461 figmentum
1439 1398 1481 1447 est
1502 1390 1630 1445 Ostorodi
1648 1392 1708 1445 sine
1730 1392 1788 1446 ulla
1803 1395 1902 1464 proba·

209 1481 257 1534 ssd
275 1497 360 1534 novas
381 1481 408 1533 in
427 1495 460 1534 ea
480 1480 635 1550 qualitates,
656 1479 777 1548 rigorem
795 1477 879 1532 scilic.
898 1486 927 1532 et
945 1477 1039 1549 slepe·
1052 1432 1055 1520 i
1068 1474 1116 1529 bili
1145 1477 1305 1545 conjectura
1336 1477 1529 1548 excogitatum.
1567 1475 1720 1532 Contendit
1745 1478 1903 1534 haereticus

209 1574 280 1634 ater,
302 1567 435 1636 acquirit3
462 1566 502 1618 sic
530 1566 556 1618 in
586 1565 784 1618 resurrectione
809 1582 865 1617 non
890 1538 1223 1647 mutabiturisymbolum
1261 1563 1441 1631 apostolicum
1480 1579 1543 1615 cum
1575 1562 1688 1618 Niceno.
1740 1564 1902 1634 Symbolum

209 1652 330 1722 corporis
357 1651 527 1712 substantia,
557 1650 605 1704 sed
633 1650 710 1703 novis
728 1649 909 1720 qualitatibus
927 1644 1201 1704 exorna-:Nisenum
1220 1647 1382 1701 terminatur
1403 1648 1430 1700 in
1450 1647 1498 1700 illa
1514 1646 1646 1713 clausula,
1666 1656 1692 1701 et
1712 1650 1742 1702 s'a
1764 1649 1903 1718 Spiritum

210 1739 291 1794 bitur.
330 1744 355 1792 4.
378 1737 484 1806 Corpus
503 1753 558 1790 non
578 1736 682 1790 habena
702 1735 886 1788 substantiam
904 1736 994 1790 carnis
1014 1741 1042 1790 et
1068 1739 1206 1794 sanetum,
1239 1749 1272 1787 ac
1291 1733 1400 1803 reliqua
1417 1749 1489 1803 quae
1509 1741 1675 1802 sequuntur,
1703 1736 1858 1788 Dominum
1878 1745 1904 1789 st

210 1823 319 1889 ossium,
338 1829 379 1876 est
399 1839 499 1891 corpus
517 1840 572 1878 nou
591 1838 704 1890 corpus,
721 1824 799 1892 σῶμα
821 1820 982 1894 ἀσώματον,
1000 1818 1264 1883 estelearearem,
1294 1819 1343 1887 qui
1366 1836 1398 1871 ae
1421 1819 1509 1872 Putre
1529 1819 1660 1887 Filioque
1683 1823 1828 1887 precedit,
1855 1824 1905 1890 qui

210 1909 328 1980 spiritus.
367 1907 432 1961 lam
462 1925 527 1962 vero
556 1908 669 1978 spiritus
699 1916 727 1960 et
752 1923 851 1976 corpus
878 1914 944 1961 sunt
970 1884 1129 1981 duaeieum
1140 1905 1230 1959 Patre
1245 1905 1361 1960 allilia
1381 1906 1464 1958 siecul
1472 1906 1613 1958 adoretur
1626 1914 1652 1958 ct
1665 1906 1902 1971 coaplorirtcutur,

210 1994 316 2064 species
342 1991 571 2067 ἀντιδιῃρημένως
597 1992 648 2047 sibi
674 1992 789 2047 invicem
816 1994 973 2063 oppositae,
1007 2010 1040 2045 ac
1053 1984 1056 2079 l
1069 1991 1118 2058 qui
1136 1992 1244 2045 loeutus
1261 1998 1365 2058 sstper
1373 1991 1537 2059 prophetes,
1558 1997 1670 2060 propter
1687 1992 1902 2049 liscedoniauos

211 2079 325 2152 proinde
349 2096 464 2149 corpora
490 2081 711 2134 resuscitatorum
735 2095 788 2131 non
818 2087 898 2132 erunt
920 2077 1097 2147 spirituarin
1125 2074 1431 2144 constantinopolitana
1461 2077 1567 2146 synodo
1596 2076 1673 2131 fuere
1699 2078 1802 2131 addita.
1846 2079 1902 2135 Sed

210 2166 258 2221 sed
277 2170 371 2228 erunt,
397 2164 436 2217 uti
456 2164 536 2219 etiam
554 2164 591 2219 sb
610 2165 735 2235 apostolo
749 2171 897 2231 vocantur,
920 2182 1040 2233 corpore
1053 2154 1055 2219 i
1068 2169 1124 2216 tam
1142 2163 1169 2214 in
1190 2160 1366 2232 Apostolico,
1398 2177 1480 2230 quam
1504 2163 1533 2215 in
1553 2161 1658 2218 Niceno
1680 2169 1708 2214 et
1727 2163 1841 2234 reliquis
1860 2183 1901 2221 ec·

209 2249 389 2321 spiritualia,
416 2248 433 2303 i.
458 2266 480 2303 o.
507 2258 604 2306 oruata
620 2250 800 2320 qualitatibus
821 2257 849 2302 et
869 2249 948 2302 donis
964 2244 1169 2318 spiri-lelesiae
1193 2246 1326 2318 symbolis
1352 2263 1460 2316 sernper
1486 2249 1611 2315 adjectus
1638 2247 1691 2302 fuit
1715 2249 1849 2305 articulus
1867 2253 1901 2305 de

209 2335 345 2397 tatalibus,
372 2333 481 2388 interim
507 2353 562 2389 non
590 2336 717 2390 amittent
735 2352 893 2407 corpoream
913 2314 1265 2417 substan-{resurrectione
1284 2333 1381 2386 carnis.
1418 2340 1455 2387 10.
1476 2332 1603 2386 Detorsio
1624 2332 1680 2399 illa,
1699 2339 1776 2402 qued
1791 2355 1847 2391 nen
1865 2340 1901 2390 sit
1945 2322 1952 2331 ⁵

210 2423 286 2489 dam,
303 2437 356 2475 nec
375 2421 555 2475 mutabuntur
568 2421 597 2474 in
615 2420 787 2491 spiritualem
801 2418 954 2486 essentiam,
973 2417 1259 2485 aliaslresurrecture
1283 2436 1363 2482 cere,
1391 2421 1444 2471 secl
1460 2420 1598 2471 durasset
1618 2419 1705 2483 illud,
1736 2425 1812 2488 uuest
1835 2424 1901 2477 olim

209 2523 324 2577 corpora
353 2521 412 2558 esse
438 2505 608 2575 desinerent,
638 2523 671 2560 ac
696 2506 812 2575 proinde
831 2521 946 2574 corpora
963 2488 1125 2574 spiri-'fuit
1144 2520 1219 2566 caro,
1247 2503 1407 2557 adversatur
1427 2503 1512 2558 textui
1534 2502 1683 2573 apostolico
1701 2511 1731 2560 et
1748 2509 1900 2578 perspicuis

210 2593 296 2647 tualia
324 2591 415 2645 vocari
448 2608 502 2645 non
534 2599 653 2662 possent.
703 2591 849 2645 Anselmus
882 2590 910 2643 in
939 2587 1040 2659 prosol.
1068 2588 1227 2657 Scripturas
1244 2588 1326 2642 dictis
1345 2591 1472 2659 superius
1490 2590 1664 2644 enumeratis.
1708 2599 1746 2647 ll.
1769 2593 1824 2658 Qui
1842 2612 1900 2650 car-

209 2695 271 2748 cap.
286 2683 332 2732 25:
351 2676 418 2729 Erit
436 2692 537 2744 cerpus
555 2677 711 2745 spirituale,
728 2696 783 2731 aea
803 2677 973 2745 sraeleiteis,
990 2675 1110 2729 scdrnis
1141 2675 1223 2743 brrjm
1258 2677 1483 2731 resurrectionem
1511 2681 1608 2745 negat,
1642 2677 1665 2730 is
1695 2694 1792 2732 revera
1817 2681 1899 2736 etiam

209 2770 353 2833 potestate.
406 2761 579 2832 Augustinus
608 2767 649 2820 22.
679 2764 714 2818 de
742 2763 792 2819 civ.
821 2762 873 2817 Dei
903 2778 962 2830 cap.
992 2767 1019 2816 tt
1035 2748 1236 2815 :mortuorum
1262 2762 1488 2815 resurrectionem
1519 2768 1618 2832 negat,
1650 2762 1672 2816 si
1697 2782 1751 2818 non
1776 2782 1809 2820 ex
1834 2771 1900 2833 toto,

213 2848 278 2903 Erit
303 2848 419 2917 spirutuc'
444 2849 558 2900 subdite
580 2867 648 2902 eure
674 2849 845 2918 spiritualis,
876 2850 926 2902 sed
951 2856 1042 2901 tamea
1068 2850 1160 2899 tamen
1188 2863 1221 2900 ex
1247 2853 1333 2915 parte.
1365 2848 1424 2900 Aut
1451 2847 1522 2900 euim
1550 2849 1671 2918 animae,
1702 2857 1751 2904 aut
1779 2853 1900 2922 corporis

212 2952 289 2995 cero,
320 2952 376 2987 aea
394 2934 520 3005 spiritam,
547 2935 618 2987 sicut
639 2937 722 2989 cerei
739 2935 940 3000 arteriasue
959 2934 1042 3002 spiri-
1068 2936 1195 2998 respectu
1219 2930 1299 2986 homo
1325 2932 1425 2986 dicitur
1450 2949 1600 3004 resurgere.
1637 2934 1698 2991 Non
1727 2937 1835 2991 animae
1859 2954 1898 2992 rs-

211 3031 256 3075 tas
281 3021 341 3089 ipse
368 3020 503 3080 camelis,
536 3022 595 3072 scel·
618 3029 709 3073 turrice
740 3021 856 3092 spiratus
884 3038 940 3071 neu
968 3021 1179 3084 cure.‚spectu‚
1204 3017 1268 3086 quia
1287 3017 1336 3071 illa
1355 3019 1478 3087 persistit
1497 3019 1671 3090 immortalis,
1699 3039 1750 3078 nec
1777 3041 1898 3094 unquam

211 3107 272 3160 libr.
297 3111 334 3161 13.
362 3107 397 3159 de
422 3106 472 3158 civ.
492 3105 525 3158 D.
550 3122 610 3175 cap.
631 3112 670 3162 22.
693 3106 845 3161 circada:
870 3106 1057 3193 Spr'rituelierl
1069 3101 1096 3153 in
1125 3111 1239 3155 mortem
1268 3103 1419 3157 naturalem
1447 3105 1536 3174 cadit3
1565 3107 1613 3161 sed
1638 3124 1690 3162 nec
1714 3109 1835 3178 corporis
1859 3127 1898 3164 rs·

211 3200 291 3246 erum
311 3194 456 3260 justorum
482 3209 604 3261 corpere
624 3201 689 3260 pest
714 3193 959 3253 resurrectionem,
987 3209 1042 3244 reos
1069 3192 1182 3255 speetu,
1212 3205 1243 3240 or
1266 3189 1491 3243 Photinianorum
1512 3192 1674 3262 hypothesi,
1703 3193 1769 3265 quia
1787 3211 1840 3250 non
1859 3213 1899 3251 re

211 3280 278 3346 quie.
295 3294 416 3347 corpere
437 3295 494 3332 esee
513 3279 659 3345 decuteret,
684 3279 735 3330 secl
752 3279 820 3346 pecie
837 3278 939 3346 spirite
957 3279 1043 3346 pr'mjfi.
1055 3294 1057 3334 5
1069 3279 1164 3341 surget
1189 3273 1258 3326 illud
1282 3274 1385 3343 ipsum.
1414 3276 1488 3344 quod
1513 3277 1622 3335 cecidit.
1659 3278 1734 3349 Ergo
1756 3280 1832 3335 rrulla
1848 3281 1899 3337 erit

211 3372 292 3417 saura
319 3365 473 3418 antistarent,
512 3370 534 3418 5,
560 3363 681 3432 corpora
706 3362 827 3417 carnalia
850 3364 979 3418 dicuutur
1000 3365 1043 3418 vel
1070 3358 1241 3426 resurrectio,
1264 3359 1312 3413 sed
1338 3360 1402 3413 novi
1426 3363 1547 3431 corporis
1574 3382 1628 3418 non
1648 3366 1770 3434 corporis
1790 3368 1899 3423 creatio.

212 3449 318 3503 ratione
339 3450 511 3502 substautias
535 3468 666 3516 cereces,
691 3448 735 3503 vel
752 3450 859 3504 ratione
878 3451 1042 3518 qualitatum
1071 3441 1151 3505 Quod
1179 3445 1239 3512 jam
1264 3453 1328 3498 aute
1353 3445 1458 3513 existit,
1491 3465 1635 3519 resurgere
1657 3454 1760 3521 nequit.
1800 3453 1900 3509 Anima

213 3536 392 3598 aar'meliem,
422 3553 454 3588 ac
486 3541 612 3604 respectu
638 3536 819 3587 erllmcrsatis
847 3539 1040 3604 cermepte'om's.
1054 3524 1125 3615 Jjam
1144 3539 1208 3582 ante
1230 3530 1344 3595 exsistit,
1368 3540 1411 3586 est
1429 3533 1499 3587 enim
1519 3534 1680 3589 immortalis
1696 3545 1723 3590 et
1742 3545 1829 3593 restat
1838 3548 1900 3610 post

214 3620 301 3674 Priori
340 3637 422 3674 sensu
460 3636 575 3690 corpora
613 3620 835 3675 resuscitatorum
872 3628 951 3676 erunt
985 3620 1199 3705 car-imorum,
1229 3618 1391 3671 resurrectio
1411 3619 1496 3690 igitur
1513 3621 1623 3691 proprie
1641 3622 1680 3676 sic
1700 3623 1775 3677 dieta
1792 3625 1899 3681 animus

209 3705 300 3784 palia,
333 3705 482 3775 posteriore
513 3723 575 3760 vero
607 3706 724 3761 minime.
780 3713 802 3761 6.
828 3707 952 3762 cbristus
979 3714 1056 3777 post*
1070 3699 1188 3753 adscribi
1210 3702 1311 3771 nequit.
1349 3703 1421 3758 Num
1442 3720 1505 3758 vero
1526 3723 1624 3776 corpus
1643 3709 1787 3780 resurget?
1807 3719 1836 3766 at
1853 3729 1898 3767 ne-

211 3792 434 3846 resurreotionem
466 3796 495 3844 et
527 3791 732 3845 adscensionem
766 3793 792 3845 in
823 3793 928 3846 eoelum
955 3736 1056 3848 habeti
1070 3793 1137 3854 gant
1151 3785 1318 3851 Photiniani,
1341 3788 1390 3842 illa
1413 3790 1473 3859 ipsa
1491 3809 1618 3863 corpora,
1643 3810 1714 3865 quae
1732 3795 1897 3853 circumferi·

211 3894 311 3947 corpus
341 3875 539 3947 glorificatum,
567 3876 723 3947 spirituale,
752 3879 973 3948 incorruptibile.
1000 3846 1140 3937 ipimus,
1172 3888 1231 3926 ⁹⁸⁸⁸
1250 3879 1451 3943 resurrectura
1481 3880 1547 3948 quid
1569 3896 1635 3950 0180
1653 3890 1795 3950 ΐθθῑῑῐὲθῑ,
1825 3900 1898 3952 quae

211 3964 291 4017 terim
315 3969 407 4016 tamen
432 3979 526 4016 verum
552 3962 699 4015 humanum
720 3979 820 4033 corpus
838 3981 920 4017 carne
938 3970 965 4018 et
981 3981 1041 4018 san·
1067 3973 1131 4024 pm
1151 3956 1287 4011 hominis?
1306 3959 1388 4013 nulla.

211 4047 297 4117 guina
313 4054 440 4100 constans
461 4047 528 4102 Luc¹
551 4052 591 4115 24,
608 4066 632 4100 v,
652 4054 693 4103 39,
711 4049 751 4102 sie
768 4055 796 4102 et.
814 4055 909 4102 nostra
927 4065 1043 4119 corpora
1105 4047 1145 4098 72.
1170 4041 1306 4098 08i01'0d0
1326 4047 1447 4101 concinit
1459 4049 1627 4105 Schinalzillfl
1646 4053 1673 4105 in
1692 4052 1751 4105 libr.
1768 4053 1802 4108 de
1813 4055 1896 4111 divin.

212 4140 292 4186 erunt
316 4131 468 4203 glorificato
490 4132 591 4187 Christi
614 4135 720 4202 corpori
739 4134 903 4189 conformia.
934 4104 1171 4189 imerim⁴0hristi
1202 4146 1261 4200 cap.
1289 4135 1327 4185 13.
1360 4150 1423 4203 pag.
1442 4140 1482 4189 79.
1515 4136 1541 4189 in
1578 4136 1656 4193 refut.
1692 4155 1793 4208 corum,
1827 4159 1900 4213 quae

211 4225 302 4272 tamen
328 4219 434 4272 ratione
460 4219 631 4274 substantiae
659 4227 740 4274 erunt
765 4238 830 4275 vera
854 4235 969 4290 corpora
995 4220 1042 4273 ha·
1069 4214 1232 4286 Smigleoius
1258 4217 1287 4270 iu
1311 4219 1512 4274 examinatione
1532 4228 1641 4276 centum
1660 4240 1780 4278 errorum
1799 4244 1898 4298 propo·

211 4303 306 4358 bentia
324 4321 433 4357 carnem
454 4311 481 4357 et
497 4305 666 4375 sanguinem.
699 4304 958 4376 7.VerbaSymboli
977 4323 1042 4376 apo·
1069 4308 1162 4354 suerat
1179 4317 1244 4370 pag·
1264 4307 1304 4357 36·
1326 4303 1371 4357 ubi
1393 4305 1432 4358 ⁸10
1453 4306 1563 4361 scribit:
1585 4307 1712 4377 COrPOra
1730 4313 1808 4376 aesc,
1825 4331 1898 4381 alm

212 4391 309 4457 stolici,
328 4394 412 4444 medo
430 4393 657 4444 resurrectionem
674 4410 777 4458 carries,
797 4392 967 4447 exactissimo
979 4410 1041 4447 cum
1069 4405 1141 4438 ΝΜ
1160 4387 1391 4457 circumferint&
1410 4401 1601 4456 'rewrrssssiltrss
1614 4414 1669 4449 ‘1²⁰st
1681 4398 1828 4466 Credimus,
1848 4402 1900 4452 secl

212 4475 353 4546 Scriptura
378 4477 566 4543 consentiunt,
600 4483 630 4530 ut
658 4493 690 4530 ex
718 4478 904 4531 fundamentis
932 4486 1042 4533 nostrae
1069 4474 1129 4525 alia
1158 4474 1237 4526 nolis
1267 4478 1366 4529 (mede
1393 4493 1451 4530 esse
1477 4481 1511 4531 al
1538 4481 1667 4550 apostolo
1687 4485 1778 4536 adecti
1795 4503 1899 4539 sumes.

211 4562 364 4615 sententiae
382 4561 488 4631 liquido
507 4568 626 4625 constat,
648 4563 765 4631 proinde
783 4564 866 4617 etiam
885 4559 1136 4635 Scripturae.ibid.
1163 4578 1189 4629 p.
1217 4568 1264 4615 57:
1296 4563 1384 4616 Verte
1404 4566 1537 4628 rembolt,
1565 4570 1649 4621 (redo
1668 4572 1899 4626 resurrectionem

92 4652 148 4690 Ml·
165 4648 312 4716 ³⁴-opponi
335 4647 446 4701 minime
471 4648 580 4702 debent.
624 4652 646 4702 8,
670 4646 832 4718 Symbolum
858 4650 1040 4719 apostolicum
1068 4646 1176 4711 cerrra's,
1199 4649 1240 4699 ita
1259 4649 1380 4716 intelllgi
1396 4660 1528 4717 possem,
1546 4655 1630 4705 crede
1650 4656 1683 4706 id
1701 4655 1803 4708 iterum
1820 4661 1899 4721 sutu-

210 4730 245 4784 ab
269 4733 335 4801 ipsis
359 4733 489 4802 apostolis
512 4734 692 4803 compositum
711 4750 770 4786 esse
788 4751 888 4804 magno
906 4752 1042 4792 consensu
1067 4750 1136 4799 rum,
1155 4735 1231 4800 quod
1249 4735 1314 4786 olim
1333 4752 1400 4788 ww
1420 4737 1484 4800 fm'r.
1521 4740 1596 4792 Nam
1613 4741 1653 4791 82'0
1674 4740 1803 4810 cepimus,
1821 4746 1899 4810 sicud

209 4816 310 4871 docent
334 4818 373 4887 pii
398 4824 512 4872 veteres,
552 4818 708 4889 cyprianus
730 4818 774 4873 vel
792 4818 920 4892 Ruffinus
947 4820 975 4874 in
995 4840 1039 4877 ex.
1068 4819 1146 4870 [leus
1178 4821 1397 4873 resuscitaturus
1428 4823 1465 4873 sit
1492 4841 1613 4891 ramlera
1639 4834 1736 4879 eostre
1762 4830 1898 4883 martelle

207 4919 266 4973 pos.
293 4902 421 4970 symboli,
445 4904 608 4958 Ambrosius
631 4903 709 4975 epist.
739 4909 779 4959 81.
799 4905 833 4957 ad
858 4905 986 4960 Siricium
1012 4918 1040 4963 et
1067 4901 1143 4956 Rom.
1164 4910 1192 4967 8,
1213 4923 1235 4959 v.
1260 4913 1295 4960 tt.
1309 4910 1367 4974 pro
1388 4924 1433 4969 ee,
1458 4911 1534 4975 qrrerl
1551 4927 1615 4977 nes,
1643 4912 1693 4978 pei
1710 4930 1783 4964 arrae
1802 4932 1898 4969 mareas

208 5005 287 5043 serm.
303 4993 343 5042 38.
376 4988 561 5059 Hieronymus
580 4989 608 5042 in
627 4990 706 5059 epist.
724 4990 759 5045 ad
776 4989 930 5044 Pammach.
945 4993 1039 5063 Augu·
1051 5008 1054 5123 Ι
1067 4990 1206 5056 rnortales,
1225 4993 1441 5045 resuscitaturus
1459 4996 1503 5049 sit.
1533 4997 1689 5064 Resurpest
1708 4999 1782 5052 euim
1799 5000 1829 5068 ii,
1849 5003 1899 5071 qui

208 5074 296 5127 stinus
321 5090 401 5132 serm.
432 5080 486 5129 115.
520 5080 547 5128 et
578 5091 657 5128 serm.
691 5081 744 5132 ret.
775 5075 809 5129 de
839 5084 955 5148 tempor.
980 5080 1038 5135 Leo
1065 5084 1147 5128 eatae
1167 5078 1270 5130 mertui
1285 5088 1362 5145 sunt,
1389 5098 1444 5132 eeu
1464 5082 1613 5146 mortales,
1632 5086 1683 5136 see
1700 5086 1897 5155 incorruptibi-

209 5159 288 5230 epist.
310 5164 349 5214 13.
376 5159 412 5211 ad
431 5158 606 5213 Pulcheriam
632 5177 666 5216 ac
685 5178 764 5215 serm.
788 5168 826 5217 11.
847 5163 881 5215 de
895 5163 1038 5233 passione,
1065 5163 1112 5215 les.
1155 5162 1260 5217 ibidem
1288 5165 1377 5218 locum
1404 5168 1586 5236 apostolicum
1616 5176 1638 5224 1.
1656 5168 1718 5225 Cor.
1742 5178 1786 5236 15,
1810 5190 1837 5225 v.
1857 5178 1899 5228 53.

208 5244 357 5299 Cassianus
386 5244 420 5296 de
447 5244 551 5300 incarn.
575 5244 636 5302 libr.
661 5253 686 5300 6.
721 5247 844 5302 Isidorus
865 5247 1037 5318 Hispalensis
1065 5249 1105 5302 sic
1131 5250 1277 5320 depravat:
1309 5253 1418 5306 Paulam
1440 5271 1493 5323 per
1515 5273 1607 5308 uocem
1625 5257 1764 5310 induendi
1781 5277 1836 5313 aaa
1856 5262 1898 5313 ia·

208 5329 254 5385 lib.
276 5333 300 5385 2.
320 5330 356 5383 de
373 5327 444 5383 offic.
467 5347 528 5400 cap.
543 5336 582 5387 23.
603 5331 739 5385 Maximus
757 5335 786 5386 in
804 5350 884 5389 serm.
900 5334 934 5387 de
948 5335 1037 5404 symb.
1065 5334 1166 5402 tellipit
1184 5338 1363 5389 retentionem
1381 5341 1574 5408 corruptibilis
1588 5350 1613 5394 ct
1627 5344 1801 5411 adeptionem
1809 5362 1897 5413 pree·

207 5414 261 5481 Qui
286 5414 426 5482 dubitant,
457 5432 492 5468 an
518 5417 554 5471 ab
579 5417 645 5487 ipsis
669 5419 800 5487 apostolis
828 5421 855 5472 in
881 5421 1036 5475 universum
1050 5438 1053 5507 y
1066 5428 1141 5472 terea
1161 5422 1398 5490 incorruptibiles,
1424 5427 1475 5477 sed
1497 5427 1559 5478 lece
1586 5430 1779 5496 corruptibiles
1797 5432 1897 5486 subsa-
1913 5445 1968 5486 ¹11.
1984 5445 2012 5491 aa
