4104 6014
203 238 207 246 ’
228 225 287 285 l'it
820 216 943 276 meus
959 208 1165 272 VIOESIMUS
1183 208 1331 271 SEXTUS

225 388 254 442 q.
274 373 327 439 2.);
346 378 395 424 aut
412 378 486 425 certe
502 370 530 424 si
546 372 666 425 mortale
680 370 748 439 fnit,
768 371 799 424 in
817 372 916 424 mortis
934 370 1056 424 articulo
1087 367 1208 421 umiae
1230 383 1340 432 eorum,
1367 375 1426 421 tum
1451 383 1485 422 cc
1509 384 1541 422 eo
1568 369 1645 436 quod
1665 383 1795 437 erpi-esec
1813 369 1921 423 dicitur

224 458 328 512 milites
345 458 411 512 iilos
432 458 557 512 doluisse
584 460 620 511 de
639 465 758 527 peccato
788 464 814 511 et
832 460 930 526 quoad
945 458 1057 526 melpum
1085 452 1182 506 Judas
1198 453 1307 507 misisse
1325 455 1474 508 duodecim
1491 455 1584 509 miliia
1603 455 1802 508 drachmarum
1821 455 1922 524 offerri

227 546 372 599 remissum
380 543 828 612 iliissuissejuctailludPsm
841 542 1057 611 77,σ.34.·οιιιιι
1084 538 1255 600 sacrificium
1283 556 1338 608 pro
1368 541 1496 608 peccatis
1526 549 1712 605 mortuorum,
1743 549 1775 593 ut
1805 559 1825 594 a
1850 557 1917 610 pec·

227 630 366 684 occideret
384 646 438 696 eos,
459 630 629 697 quaerebant
642 646 704 682 sum
719 636 745 682 et
758 629 988 695 revertebantur5
1008 636 1058 680 aut
1084 623 1157 675 catis
1188 624 1344 678 solvantur.
1369 623 1545 680 ·Salmeron.
1578 627 1604 679 d.
1636 626 1655 682 l.
1693 625 1734 680 sic
1763 625 1918 680 concludit:

225 716 327 770 saltem
349 716 460 768 dudam
482 715 687 769 Maccabaeum
710 715 753 768 ita
771 714 959 774 esadmosee,
984 714 1058 767 alio-
1084 709 1122 760 Iu
1138 716 1254 776 peccato
1277 710 1382 778 aliquis
1406 719 1531 763 mortuus
1562 719 1617 780 ert,
1641 712 1683 764 ita
1712 719 1743 764 ut
1772 713 1840 764 baec
1866 711 1923 764 eibi

225 802 276 872 qui
297 818 354 854 noa
379 801 485 854 diceret
505 800 669 868 Scriptura,
701 816 761 853 cum
784 800 980 854 considerasse
1001 814 1058 861 eos,
1084 795 1192 847 remitti
1222 797 1340 863 possint.
1387 799 1463 864 Erpa
1495 805 1536 851 eet
1569 799 1601 850 in
1634 799 1818 867 purgatorio,
1854 815 1920 851 nam

226 885 276 954 qui
293 903 355 939 cum
368 887 476 954 pietate
494 886 718 952 obdormierant,
744 886 876 953 optimam
893 884 996 937 lacae
1015 899 1058 936 re·
1086 880 1154 932 talis
1194 899 1250 934 non
1297 883 1469 950 inpredietur
1512 884 1633 951 coelum,
1669 885 1700 937 in
1736 887 1814 953 quod
1849 885 1921 938 nituit

223 973 346 1041 positam
368 972 499 1038 qratiam.
542 970 672 1039 Denique
696 970 797 1023 cettan
815 970 950 1023 incertam
967 967 1059 1033 fuisse
1087 965 1297 1034 coinquinatum
1330 969 1458 1036 intrabit,
1494 986 1546 1023 nec
1576 971 1734 1037 infernum,
1769 971 1819 1024 ubi
1848 971 1922 1024 mitrii

227 1064 330 1110 statum
349 1056 464 1110 illorum
485 1063 510 1108 et
524 1064 677 1127 propterea
696 1052 808 1108 licuisse
821 1072 878 1124 pro
893 1054 1060 1120 illisorare,
1087 1051 1243 1106 remittitur.
1287 1052 1512 1123 Respondemus:
1538 1061 1594 1111 tres
1613 1072 1713 1111 causae
1730 1057 1760 1110 in
1778 1061 1857 1110 textu
1876 1075 1921 1113 ex·

231 1142 343 1195 etiamsi
362 1143 493 1196 damnati
509 1143 637 1205 fuissent.
676 1141 827 1196 Salmerou.
845 1145 912 1195 tem.
928 1144 968 1195 ts.
988 1138 1060 1207 disp.
1088 1136 1259 1205 primuntur.
1285 1146 1399 1208 propter
1432 1157 1502 1210 quas
1532 1141 1622 1196 Judas
1653 1142 1820 1198 sacrificium
1850 1143 1921 1199 illud

228 1232 270 1285 25.
294 1245 323 1297 p.
343 1232 402 1282 219.
427 1227 523 1282 οοάοιιι
547 1227 605 1282 lere
623 1226 704 1281 modo
721 1214 839 1295 excipit:
861 1223 931 1277 Oum
956 1224 1062 1297 tomipi
1089 1219 1289 1292 Hierosolymis
1305 1224 1398 1278 offerri
1416 1226 1543 1280 voluerit.
1572 1227 1668 1282 Prima
1678 1234 1720 1281 est
1732 1229 1795 1282 irae
1806 1229 1923 1284 diuinas

228 1331 285 1366 non
304 1314 397 1382 possit
421 1301 496 1366 citra
513 1313 712 1366 revelationem
735 1318 866 1364 coactare
883 1317 973 1364 status
989 1324 1061 1361 mor·
1089 1308 1206 1361 aversio.
1250 1307 1373 1364 Noverat
1399 1311 1505 1377 dudae,
1534 1318 1680 1381 peecatum
1706 1313 1743 1368 ab
1769 1314 1923 1370 interfectis

229 1405 347 1466 tuorum,
365 1417 404 1451 an
416 1399 446 1450 in
459 1399 555 1466 pratia
571 1397 764 1466 mipraccrint,
782 1414 821 1450 an
834 1397 896 1450 ullo
913 1395 1062 1460 mortifero
1090 1392 1224 1447 militibus
1257 1394 1287 1446 in
1326 1395 1503 1450 donariorum
1540 1398 1651 1452 illorum
1688 1397 1923 1455 idololatricorum

231 1485 335 1538 delicto
353 1483 501 1551 inquinati,
524 1484 603 1536 debet
620 1499 729 1550 semper
748 1483 778 1536 in
793 1483 934 1536 meliorem
950 1488 1063 1550 partem
1089 1477 1193 1531 furtiva
1212 1478 1392 1535 absconsione
1419 1482 1593 1537 commissum
1619 1489 1676 1537 tam
1694 1501 1780 1556 grave
1799 1490 1828 1540 et
1844 1492 1924 1540 atrox

230 1569 414 1640 interpretari
437 1575 464 1620 et
487 1568 523 1621 dc
541 1567 639 1621 diuina
663 1569 862 1622 misericordia
875 1581 1063 1636 praesumere.
1090 1579 1162 1621 esse.
1191 1570 1224 1617 ut
1254 1572 1367 1635 propter
1393 1566 1461 1621 illud
1491 1568 1520 1621 in
1544 1573 1633 1623 totum
1652 1570 1787 1639 populum
1804 1570 1924 1625 vindicis

229 1654 453 1724 Respondemus:
478 1654 547 1708 haec
560 1653 665 1722 {omnia
682 1653 763 1710 meris
781 1653 948 1724 conjecturis
966 1669 1000 1706 ac
1017 1669 1063 1706 su·
1089 1647 1143 1701 Dei
1159 1649 1201 1703 ira
1221 1650 1389 1716 desaevierit,
1405 1651 1464 1707 dos.
1478 1658 1507 1720 7,
1530 1671 1557 1708 v.
1578 1659 1614 1709 12.
1637 1660 1698 1708 crat
1716 1655 1802 1724 igitur
1835 1662 1864 1711 et
1881 1673 1925 1711 ss·

229 1739 399 1810 spicionibus
418 1738 590 1793 nituntnrac
608 1737 668 1794 sine
682 1739 739 1793 ullo
752 1737 910 1810 Scripturas
929 1738 1063 1808 suffragio
1089 1732 1222 1788 orificium
1251 1734 1345 1790 offerri
1386 1743 1466 1791 curat
1493 1738 1576 1807 juxta
1611 1739 1811 1811 praescriptum
1852 1741 1924 1812 legis

93 1843 216 1890 xvirum
230 1824 393 1880 afferuntur.
440 1829 462 1879 1.
485 1823 543 1879 Sub
562 1824 654 1896 palliis
673 1831 843 1880 mortuorum
868 1825 981 1879 inventa
1004 1823 1061 1878 fue·
1090 1817 1157 1872 Iev.
1180 1825 1210 1886 t,
1234 1836 1260 1873 v.
1288 1826 1328 1877 13.
1354 1829 1386 1877 ut
1408 1821 1450 1875 ira
1468 1822 1521 1877 Dei
1545 1840 1563 1877 a
1581 1825 1688 1896 reliquo
1706 1826 1840 1895 exercitu,
1873 1827 1923 1897 qai

227 1917 293 1966 runt
312 1911 360 1964 llls
376 1908 527 1983 ἱερώματα,
545 1927 611 1981 ergo
629 1910 658 1965 in
677 1909 807 1981 flagranti
825 1909 939 1964 crimine
955 1910 1062 1980 absque
1089 1911 1228 1973 eupemtes
1246 1914 1392 1972 manserat,
1412 1913 1561 1977 avertatur,
1580 1926 1633 1964 nec
1649 1926 1756 1980 poenae
1764 1912 1923 1982 gravissimi

228 1996 287 2052 ulla
300 1996 487 2066 poenitentiae
505 1995 705 2066 significatione
722 1994 800 2050 fuere
820 1997 931 2052 mortui,
968 2002 993 2050 2,
1011 1994 1062 2050 δη.
1089 1988 1163 2043 illius
1194 1990 1289 2045 delicti
1317 1992 1488 2062 subjiciatur.
1539 1996 1616 2049 Haec
1643 2012 1729 2050 causa
1759 1997 1924 2067 exprimitur

228 2089 301 2137 stum
319 2081 372 2137 Dei
391 2081 501 2136 occulta
519 2081 642 2137 facinora
660 2080 862 2136 manifestantis
878 2080 1016 2151 judicium
1033 2081 1061 2134 in
1089 2092 1114 2128 v.
1135 2079 1177 2130 lt.
1211 2079 1338 2130 concess·
1364 2087 1428 2132 sunt
1454 2082 1495 2133 ad
1521 2081 1753 2149 supplicationem
1779 2092 1922 2152 repantcs,

227 2168 337 2223 illorum
351 2167 490 2223 occisione
503 2167 717 2222 commendatur.
745 2165 850 2230 Quodsi
864 2165 1062 2237 poenitentiam
1082 2160 1197 2224 satiem
1216 2162 1348 2216 delictm
1366 2169 1473 2225 τελείως
1498 2167 1708 2236 ἐξαλειφθῆναι,
1728 2169 1857 2235 μετίασιν
1875 2171 1922 2223 de-

228 2254 364 2326 egisseut‚
390 2252 467 2308 Deus
492 2259 606 2324 propter
631 2252 700 2307 illud
725 2252 818 2324 ipsum
843 2258 990 2321 peecatum
1015 2269 1062 2307 eos
1089 2246 1152 2315 leri,
1170 2245 1221 2300 hoc
1241 2253 1285 2302 est
1303 2264 1409 2318 poenae
1433 2249 1516 2319 hujus
1535 2250 1628 2305 delicti
1646 2268 1664 2305 a
1681 2253 1829 2320 superstite
1847 2271 1922 2310 exsr-

227 2339 352 2396 emedio
371 2356 426 2394 non
445 2338 609 2394 sustulisset.
655 2344 680 2394 3.
699 2338 741 2394 Ne
765 2338 819 2409 ipsi
837 2338 950 2408 quidem
968 2337 1062 2394 Ponti·
1089 2332 1147 2384 tittl
1166 2331 1264 2386 averti·
1302 2331 1445 2396 Quttdtm
1464 2336 1632 2407 ⁰¹emplar1't
1649 2336 1747 2407 legunt
1763 2337 1803 2409 μὴ
1822 2337 1870 2392 διὰ
1890 2339 1922 2393 τὸ

230 2425 286 2480 licii
309 2425 475 2480 sacrificium
498 2424 600 2478 missae
618 2442 668 2494 pro
686 2423 740 2478 illis
759 2424 905 2492 offerrent,
931 2440 1001 2495 quos
1033 2424 1061 2477 iu
1088 2415 1361 2492 νενονὸςᾶμιὶρτιμα
1372 2424 1482 2484 τελείως
1493 2423 1696 2493 terremotum.
1707 2423 1800 2478 Biblia
1812 2423 1925 2482 Graeca

227 2510 360 2582 flagranti
387 2510 500 2565 crimine
526 2516 650 2564 mortuos
681 2509 816 2565 viderent.
867 2516 890 2565 l.
921 2510 1062 2572 Quantum
1089 2503 1155 2558 edit.
1178 2504 1308 2560 Francos.
1335 2523 1398 2561 aun.
1420 2513 1492 2564 1597.
1520 2525 1592 2577 quae
1614 2510 1698 2565 lectio
1726 2517 1837 2566 nostrae
1862 2529 1923 2567 sen·

228 2602 374 2666 peccatum
392 2594 429 2648 sit
448 2610 540 2649 coram
559 2593 612 2650 Dei
632 2594 739 2664 judicio
763 2596 799 2650 de
819 2595 996 2651 anathemate
1013 2596 1062 2650 sli-
1089 2589 1193 2645 tentiae
1211 2591 1385 2645 manifestius
1403 2592 1581 2662 suffragatur,
1601 2612 1698 2650 sensus
1714 2596 1787 2650 enim
1807 2603 1857 2666 est,
1879 2616 1925 2653 su·

229 2682 298 2752 quid
318 2697 468 2752 usurpare,
491 2680 616 2735 Achanis
634 2681 801 2752 supplicium
818 2682 940 2737 ostendit
958 2682 1017 2738 Jcs.
1039 2688 1063 2750 7,
1089 2675 1218 2745 perstites
1239 2676 1267 2730 in
1287 2694 1354 2730 vera
1370 2679 1547 2734 conversione
1568 2679 1717 2736 Dominum
1737 2699 1868 2754 rogasse,
1889 2701 1926 2740 ns

229 2783 256 2821 ι.
277 2772 318 2823 25.
338 2784 362 2823 c
380 2772 430 2830 22,
448 2783 474 2824 ι,
492 2771 533 2822 20.
551 2766 601 2836 qui
619 2765 715 2822 itidem
734 2784 790 2822 nou
808 2767 987 2822 inhonorem
1006 2767 1063 2821 ido
1090 2768 1203 2830 propter
1219 2763 1394 2818 commissum
1413 2764 1482 2818 illud
1503 2765 1634 2821 delictum
1653 2784 1714 2825 sese
1731 2770 1843 2839 penitus
1861 2788 1925 2840 per·

228 2853 338 2917 lorum,
356 2852 406 2909 sed
424 2869 457 2907 ex
476 2851 630 2907 ditescendi
648 2853 801 2923 cupiditate
819 2853 908 2924 spolia
927 2852 1064 2922 quaedam
1090 2846 1178 2902 deret.
1219 2850 1317 2903 Altera
1340 2857 1382 2905 est
1397 2850 1501 2919 papati
1523 2855 1682 2923 superstitit
1708 2873 1727 2908 a
1756 2857 1846 2911 rimiti
1858 2874 1925 2926 pec-

228 2939 425 2994 occultsverst.
470 2944 493 2995 t.
524 2936 687 3009 ignorantia
707 2938 779 3008 juris
805 2946 834 2994 et
857 2939 989 2994 affectata
1006 2955 1062 2992 non
1090 2942 1152 2987 cato
1167 2937 1373 3002 praestructio.
1415 2935 1493 2992 Hace
1517 2954 1603 2992 causa
1629 2940 1791 3010 exprimitur
1817 2960 1843 2996 v.
1863 2946 1924 3002 eod.

228 3022 328 3092 elficit,
350 3030 383 3078 ut
402 3024 534 3079 delictum
551 3022 667 3094 aliquod
685 3040 770 3094 grave
794 3030 823 3078 et
841 3031 986 3078 externum
1006 3024 1063 3095 legi
1089 3020 1119 3075 iu
1135 3021 1228 3077 dudae
1246 3020 1436 3078 exhortatione
1466 3024 1502 3078 ad
1521 3027 1671 3095 populum,
1700 3026 1765 3081 idi
1785 3026 1925 3098 γεννάδας

228 3108 340 3165 divinae
357 3124 515 3180 repugnans
527 3115 556 3164 et
575 3124 627 3163 sua
638 3114 739 3164 natura
751 3110 866 3164 mortale
877 3107 928 3164 fiat
945 3110 1062 3165 veniale.
1091 3105 1136 3171 (al.
1150 3110 1288 3177 γενναῖος)
1304 3104 1410 3169 Ἰούδας
1421 3110 1590 3182 παρεκάλεσε
1602 3112 1633 3166 τὸ
1651 3115 1759 3182 πλῆθος
1778 3123 1923 3189 συντηρεῖν

228 3194 294 3250 Jum
311 3211 377 3250 vero
395 3202 492 3250 auctor
514 3193 578 3249 libri
596 3194 698 3264 diserte
719 3194 801 3261 dicit,
830 3195 906 3266 qnod
925 3194 1063 3250 interlecti
1089 3191 1202 3252 ἑαυτοὺς
1219 3191 1429 3267 ἀναμαρτήτους
1446 3191 1529 3260 εἶναι,
1557 3195 1601 3250 ὑπ’
1621 3194 1693 3263 ὄψιν
1715 3198 1871 3271 ἑωρακότας
1890 3201 1924 3257 τὰ

229 3279 269 3333 illi
289 3287 387 3336 contra
402 3281 493 3351 legem
510 3279 564 3335 Dsi
582 3280 759 3351 deliquerint.
787 3286 811 3336 6.
824 3278 939 3335 Dictum
958 3280 1061 3336 Psalm.
1089 3274 1226 3348 γεγονότα
1245 3277 1292 3332 διὰ
1311 3280 1360 3347 τὴν
1379 3285 1434 3335 τῶν
1453 3278 1692 3349 προσπεπτωκότων
1709 3283 1860 3358 ἁμαρτίαν,
1878 3305 1923 3358 pe-

230 3372 277 3435 ts,
306 3382 334 3423 ι.
353 3371 395 3424 24.
420 3366 503 3437 plane
528 3362 757 3437 incoadunatione
782 3365 944 3434 adducitur,
971 3382 1062 3437 neque
1088 3380 1203 3416 ncrosus
1220 3364 1316 3418 Judas
1333 3365 1462 3420 hortatus
1480 3374 1520 3421 est
1537 3369 1752 3439 mutitudinem,
1771 3380 1801 3423 ut
1814 3390 1925 3427 consm-

230 3451 304 3506 enim
327 3451 363 3505 dc
389 3451 453 3506 unis
479 3451 632 3523 iisdemque
660 3451 819 3508 hominibus
844 3452 959 3521 dicitur,
986 3454 1063 3521 quod
1089 3457 1188 3504 carent
1208 3467 1238 3505 se
1257 3451 1317 3504 sine
1334 3460 1465 3519 peccato,
1496 3453 1547 3506 sub
1574 3454 1664 3508 oculis
1681 3457 1822 3523 sidentes,
1852 3477 1925 3528 prece

229 3537 384 3591 Dominum
403 3538 598 3606 quacsmmmt,
619 3541 734 3608 quando
752 3555 798 3593 eos
816 3540 926 3606 occidit,
947 3538 1000 3592 hoc
1020 3544 1063 3593 cst
1088 3536 1170 3600 facta
1189 3544 1270 3589 crant
1288 3536 1321 3588 ob
1337 3545 1547 3605 prostratorum
1564 3548 1716 3607 peccatum.
1768 3543 1841 3608 Quia
1858 3561 1925 3601 vero

230 3624 305 3693 quod
334 3623 362 3676 iu
385 3622 482 3677 mortis
508 3623 624 3677 articulo
654 3624 853 3695 poenitentiam
879 3624 1001 3696 egerint,
1031 3629 1063 3678 ut
1088 3637 1144 3676 nou
1163 3620 1267 3676 sufficit
1285 3623 1439 3678 exhortatio
1457 3622 1589 3692 exterior,
1608 3626 1662 3680 nisi
1681 3627 1755 3681 adsit
1767 3631 1858 3699 gratia
1871 3630 1925 3687 Dei

230 3708 555 3778 Bellsrminusexplicat,
573 3709 623 3764 sed
643 3709 678 3764 de
695 3710 852 3764 bominibus
867 3711 951 3781 plane
970 3710 1063 3765 diver·
1091 3707 1210 3772 interior,
1243 3724 1315 3778 quae
1339 3726 1389 3763 nos
1416 3709 1555 3764 custodiat
1585 3717 1613 3765 ct
1636 3720 1810 3784 praeservat,
1832 3734 1868 3771 ne
1894 3716 1923 3771 in
1939 3713 1969 3757 Π

231 3794 285 3863 sis,
305 3794 381 3865 quod
403 3793 511 3850 scilicet
532 3794 632 3864 reliqui
651 3795 776 3866 exemplo
799 3796 953 3851 occisorum
973 3796 1062 3851 territi
1090 3800 1208 3863 peccata
1225 3794 1410 3863 prolabamur,
1429 3795 1491 3850 ideo
1509 3795 1598 3850 Judss
1612 3799 1767 3867 postillam
1781 3801 1816 3854 ad
1835 3819 1923 3872 popu-

231 3882 268 3935 ad
286 3879 377 3935 Deum
394 3897 455 3936 seso
471 3880 664 3937 converterint,
820 3877 822 3880 ’
1090 3877 1148 3933 lum
1167 3879 1384 3935 exhortationem
1402 3897 1465 3936 mcx
1483 3881 1609 3954 confugit
1627 3883 1663 3937 sd
1682 3884 1773 3939 Deum
1793 3888 1924 3957 precibus

267 3971 327 4022 222.
363 3973 387 4022 5.
408 3964 468 4022 Nec
487 3967 640 4038 purgatorii
658 3982 767 4036 nomen,
785 3983 838 4023 nec
854 3966 943 4022 ullum
954 3969 1015 4038 ejus
1034 3967 1063 4022 in
1091 3971 1119 4021 et
1137 3965 1287 4032 sacrificio,
1312 3971 1345 4021 ut
1366 3967 1422 4020 ists
1440 3967 1477 4021 ab
1495 3983 1528 4022 ec
1545 3968 1720 4038 impetraret,
1740 3971 1870 4029 videlicet
1887 3991 1924 4029 ne

231 4058 309 4111 textu
342 4059 386 4108 cst
410 4051 568 4124 vestigium.
610 4053 709 4124 Neque
737 4052 811 4108 euim
840 4053 941 4108 mortui
968 4053 1008 4108 illi
1034 4054 1064 4107 in
1091 4058 1205 4123 propter
1223 4059 1339 4123 peccata
1363 4053 1569 4108 demortuorum
1594 4056 1769 4124 superstitem
1788 4059 1924 4128 populum

234 4138 395 4212 purgatorio
409 4138 496 4194 fuisse
508 4139 647 4207 dicuntur,
665 4155 717 4194 nec
735 4144 767 4194 ut
786 4155 802 4194 c
818 4139 980 4210 purgatorio
997 4138 1064 4194 libe·
1077 4124 1080 4208 l
1093 4138 1204 4206 deleret,
1222 4139 1271 4192 sed
1291 4138 1409 4193 eundem
1428 4133 1551 4208 petiusa
1568 4145 1685 4209 peccato
1702 4148 1731 4195 et
1747 4144 1843 4213 poenis
1860 4161 1925 4215 pec·

234 4231 374 4294 retentur,
392 4223 558 4280 sacrificium
577 4240 628 4293 pro
645 4223 712 4294 ipsis
731 4223 856 4279 oblatum
873 4240 934 4279 esse
955 4224 1064 4281 dicitur,
1091 4223 1148 4279 cati
1168 4230 1366 4295 praeservaret
1400 4224 1496 4280 Tertia
1515 4242 1601 4280 causa
1621 4232 1663 4282 est
1676 4229 1792 4296 publica
1805 4232 1882 4297 fidei
1900 4240 1926 4286 et

235 4311 276 4364 Ex
294 4312 419 4366 orations
438 4310 551 4380 insuper
570 4325 620 4381 pro
640 4307 778 4364 defunctis
797 4324 852 4363 non
871 4325 954 4378 posse
970 4313 1065 4364 statim
1091 4311 1154 4378 spei
1170 4311 1205 4364 de
1223 4312 1437 4365 rerurrectionis
1455 4312 1577 4365 articulo
1594 4314 1761 4378 testificatio.
1791 4314 1832 4370 Ut
1850 4317 1924 4371 enim

232 4397 423 4466 purgatorium
447 4394 556 4458 inferri,
584 4394 699 4449 iussum
725 4394 909 4450 ostendemus.
955 4396 1066 4466 Excipit
1091 4395 1181 4450 tuum
1200 4395 1312 4465 publice
1329 4394 1537 4465 testificaretur,
1563 4401 1592 4452 et
1615 4413 1645 4452 se
1665 4402 1693 4452 et
1710 4400 1844 4468 populum
1864 4417 1923 4455 cre-

232 4482 428 4546 Bellarminus,
447 4482 662 4544 Pomiticimum
686 4481 909 4549 corucqucntiam
932 4500 988 4536 nos
1006 4499 1065 4537 esse
1091 4481 1156 4536 dere
1182 4488 1362 4551 peccatorum
1385 4481 1572 4536 remissionem
1594 4489 1624 4536 et
1640 4484 1731 4537 carnis
1749 4487 1925 4541 resurrectio-

232 4566 327 4632 istam,
352 4575 471 4621 orarunt
487 4583 545 4635 pro
562 4565 636 4635 iliis,
654 4582 721 4633 erpo
739 4574 823 4619 eram
841 4568 872 4620 in
887 4569 1064 4636 purpatorio,
1091 4583 1168 4632 nem,
1192 4565 1255 4620 ideo
1278 4565 1394 4634 curarit,
1420 4566 1627 4622 interfectorum
1652 4571 1790 4625 cadavera
1809 4570 1924 4627 honeste

232 4653 283 4705 ssd
303 4660 423 4706 orarunt
437 4651 675 4722 proquibusdam
688 4651 840 4715 defunctis.
871 4653 952 4722 Erpa
972 4654 1064 4707 scisti·
1093 4647 1204 4723 sepeliri
1229 4668 1263 4706 ac
1285 4650 1451 4706 sacrificium
1472 4670 1523 4722 pro
1546 4655 1661 4708 mortuis
1684 4672 1734 4709 suo
1753 4663 1877 4726 tempore
1895 4659 1924 4712 in

233 4744 353 4805 morunt,
370 4753 454 4806 posse
472 4737 545 4802 fieri,
563 4743 594 4791 ut
611 4737 659 4790 iiii
671 4737 802 4790 ascetis
815 4740 1003 4808 purpmorio;
1021 4739 1065 4793 cei
1093 4739 1179 4792 vitam
1209 4736 1372 4792 revocandis
1402 4736 1502 4792 offerri.
1548 4739 1627 4794 Haec
1652 4757 1739 4796 causa
1763 4744 1926 4813 exprimitur

233 4823 327 4890 istam,
352 4822 490 4877 laudatur
505 4821 536 4875 in
555 4823 706 4892 Scriptura
730 4823 822 4877 oratio
838 4841 895 4893 pro
918 4824 1065 4886 defuncto·
1090 4841 1116 4879 v.
1134 4829 1176 4880 43.
1196 4824 1271 4878 πάνυ
1290 4825 1378 4884 καλῶς
1391 4830 1438 4878 ret
1462 4823 1575 4886 ἀστείως
1594 4823 1740 4898 πράττων,
1763 4830 1832 4899 ὑπὲρ
1861 4829 1928 4885 εἷνα-

233 4927 295 4963 rum
316 4909 455 4980 pcccatis,
483 4923 551 4976 erpo
575 4910 776 4979 purpatcrium
804 4917 845 4963 eet
868 4910 900 4963 in
918 4910 979 4963 alia
997 4912 1065 4978 cita,
1091 4907 1213 4971 στάσεως
1231 4909 1468 4983 διαλογιζόμενος,
1495 4912 1580 4966 vaide
1598 4913 1664 4966 bene
1689 4920 1716 4966 ct
1744 4915 1852 4969 urbane
1881 4918 1928 4978 fa-

234 5012 301 5048 nam
325 4994 436 5063 alioqui
453 4992 574 5060 smutra
594 5004 724 5050 oraretur
741 5003 768 5050 et
786 4996 938 5066 Scriptura
957 5006 1065 5052 erraret
1091 4996 1180 5064 ciens,
1208 4998 1244 5050 de
1263 4999 1468 5051 rerurrectione
1486 4999 1628 5069 capitam
1658 5016 1684 5052 r.
1706 5006 1748 5056 st.
1767 5005 1791 5054 st
1809 5003 1849 5074 μὴ
1873 5005 1928 5076 γὰρ

232 5082 382 5135 laudando
407 5080 547 5149 ejurmodi
570 5082 734 5137 orationem.
784 5080 869 5143 Quod
891 5090 984 5135 autem
1013 5084 1065 5137 lsoc
1091 5082 1153 5142 τοὺς
1170 5081 1405 5153 προπεπτιοιότας
1425 5083 1577 5152 ἀναστῆναι
1595 5082 1768 5158 προσεδόκα,
1791 5088 1929 5156 περισσὸν

234 5167 296 5221 loco
315 5167 447 5220 meacm
471 5164 564 5219 oratio
583 5183 641 5234 pro
665 5166 826 5235 sepiatione
841 5175 1019 5236 peccatoram
1039 5178 1064 5223 et
1091 5161 1227 5236 δνῆνται
1240 5170 1360 5241 ληρῶδες
1373 5168 1441 5245 ὑπὲρ
1456 5173 1561 5241 νεκρῶν
1574 5169 1775 5241 εὔχεσθαιμιίι
1785 5174 1858 5226 enim
1872 5190 1927 5242 eos,

233 5270 289 5307 non
304 5270 362 5322 pro
378 5254 500 5307 humano
519 5253 622 5322 affectu
645 5255 831 5318 osteadendo,
850 5261 931 5322 patet
956 5262 1013 5309 tum
1031 5273 1065 5310 ee
1091 5256 1140 5325 quei
1156 5255 1332 5324 ceciderant,
1351 5264 1563 5311 resurrecturos
1580 5267 1735 5327 eperasret,
1754 5261 1928 5328 superfluum

233 5357 274 5408 eo,
292 5342 371 5409 qrsod
381 5339 492 5394 occasio
509 5338 593 5408 liujus
605 5339 742 5394 οτοιίσιιιτ
758 5340 818 5405 suit
832 5347 978 5409 peceatmn
998 5341 1063 5395 ilio·
1083 5341 1193 5409 suisset
1223 5348 1250 5394 ct
1280 5359 1397 5396 caccum
1411 5361 1467 5413 pro
1489 5345 1609 5397 mortuis
1636 5361 1726 5400 orare.
1774 5345 1928 5401 Salmercn.

233 5443 298 5482 rasi
319 5434 492 5483 ιιοτιιιοτιιιιι
513 5427 651 5482 rideam
673 5426 709 5480 ob
737 5426 863 5484 donaria
881 5427 993 5484 inrecta
1010 5431 1062 5485 sab
1090 5433 1157 5484 tom.
1183 5432 1224 5485 lt.
1252 5426 1323 5501 disp.
1348 5433 1390 5486 25.
1417 5446 1445 5501 p.
1471 5434 1530 5488 ela.
1560 5431 1790 5486 resurrectionem
1818 5430 1928 5503 accipit
