<?xml version="1.0" encoding="UTF-8"?>
<!DOCTYPE html PUBLIC "-//W3C//DTD XHTML 1.0 Transitional//EN"
    "http://www.w3.org/TR/xhtml1/DTD/xhtml1-transitional.dtd">
<html xmlns="http://www.w3.org/1999/xhtml" xml:lang="en" lang="en">
 <head>
  <title>
</title>
<meta http-equiv="Content-Type" content="text/html;charset=utf-8" />
  <meta name='ocr-system' content='tesseract 3.04.00' />
  <meta name='ocr-capabilities' content='ocr_page ocr_carea ocr_par ocr_line ocrx_word'/>
</head>
<body>
  <div class='ocr_page' id='page_1' title='image "./locitheologicit00gerhgoog/locitheologicit00gerhgoog_0466.png"; bbox 0 0 4104 6014; ppageno 0'>
   <div class='ocr_carea' id='block_1_1' title="bbox 636 267 1810 338">
    <p class='ocr_par' dir='ltr' id='par_1_1' title="bbox 636 267 1810 338">
     <span class='ocr_line' id='line_1_1' title="bbox 636 267 1810 338; baseline 0.004 -7"><span class='ocrx_word' id='word_1_1' title='bbox 636 274 689 332; x_wconf 85' lang='lat' dir='ltr'><strong>DE</strong></span> <span class='ocrx_word' id='word_1_2' title='bbox 709 270 955 334; x_wconf 84' lang='lat' dir='ltr'><strong>MORTUOBUM</strong></span> <span class='ocrx_word' id='word_1_3' title='bbox 974 267 1298 333; x_wconf 74' lang='lat' dir='ltr'>RESURRECTIONE.</span> <span class='ocrx_word' id='word_1_4' title='bbox 1750 280 1810 338; x_wconf 80' lang='lat'><strong>453</strong></span> 
     </span>
    </p>
   </div>
   <div class='ocr_carea' id='block_1_2' title="bbox 46 427 1921 3431">
    <p class='ocr_par' dir='ltr' id='par_1_2' title="bbox 46 427 1921 3431">
     <span class='ocr_line' id='line_1_2' title="bbox 111 427 1812 504; baseline -0.002 -19"><span class='ocrx_word' id='word_1_5' title='bbox 111 429 196 487; x_wconf 87' lang='lat' dir='ltr'><strong>morti</strong></span> <span class='ocrx_word' id='word_1_6' title='bbox 221 429 347 497; x_wconf 88' lang='lat' dir='ltr'><strong>obnoxii,</strong></span> <span class='ocrx_word' id='word_1_7' title='bbox 378 432 446 503; x_wconf 87' lang='lat' dir='ltr'><strong>quia</strong></span> <span class='ocrx_word' id='word_1_8' title='bbox 469 432 497 487; x_wconf 93' lang='lat' dir='ltr'><strong>in</strong></span> <span class='ocrx_word' id='word_1_9' title='bbox 522 437 688 504; x_wconf 91' lang='lat' dir='ltr'><strong>potestatem</strong></span> <span class='ocrx_word' id='word_1_10' title='bbox 714 438 743 488; x_wconf 90' lang='grc'><strong>01</strong></span> <span class='ocrx_word' id='word_1_11' title='bbox 765 448 881 503; x_wconf 88' lang='lat' dir='ltr'><strong>regnum</strong></span> <span class='ocrx_word' id='word_1_12' title='bbox 901 428 949 485; x_wconf 86' lang='lat' dir='ltr'><strong>Sa·</strong></span> <span class='ocrx_word' id='word_1_13' title='bbox 979 427 1056 482; x_wconf 86' lang='lat' dir='ltr'><strong>nium</strong></span> <span class='ocrx_word' id='word_1_14' title='bbox 1085 430 1282 500; x_wconf 82' lang='lat' dir='ltr'><strong>communiter,</strong></span> <span class='ocrx_word' id='word_1_15' title='bbox 1319 433 1407 485; x_wconf 76' lang='grc'><strong>011010</strong></span> <span class='ocrx_word' id='word_1_16' title='bbox 1435 446 1501 484; x_wconf 86' lang='lat' dir='ltr'><strong>uero</strong></span> <span class='ocrx_word' id='word_1_17' title='bbox 1528 430 1614 500; x_wconf 72' lang='lat' dir='ltr'><strong>efficit</strong></span> <span class='ocrx_word' id='word_1_18' title='bbox 1641 429 1671 482; x_wconf 87' lang='lat' dir='ltr'><strong>in</strong></span> <span class='ocrx_word' id='word_1_19' title='bbox 1694 429 1756 498; x_wconf 81' lang='lat' dir='ltr'><strong>piis</strong></span> <span class='ocrx_word' id='word_1_20' title='bbox 1781 435 1812 482; x_wconf 89' lang='lat' dir='ltr'><strong>ut</strong></span> 
     </span>
     <span class='ocr_line' id='line_1_3' title="bbox 109 516 1811 591; baseline -0.002 -19"><span class='ocrx_word' id='word_1_21' title='bbox 109 524 196 573; x_wconf 85' lang='lat' dir='ltr'><strong>tanae</strong></span> <span class='ocrx_word' id='word_1_22' title='bbox 216 532 325 572; x_wconf 90' lang='lat' dir='ltr'><strong>eramus</strong></span> <span class='ocrx_word' id='word_1_23' title='bbox 343 518 457 573; x_wconf 88' lang='lat' dir='ltr'><strong>redacti.</strong></span> <span class='ocrx_word' id='word_1_24' title='bbox 494 518 569 591; x_wconf 81' lang='lat' dir='ltr'><strong>Ergo</strong></span> <span class='ocrx_word' id='word_1_25' title='bbox 593 518 719 575; x_wconf 89' lang='lat' dir='ltr'><strong>Christus</strong></span> <span class='ocrx_word' id='word_1_26' title='bbox 736 519 881 575; x_wconf 89' lang='lat' dir='ltr'><strong>liberando</strong></span> <span class='ocrx_word' id='word_1_27' title='bbox 898 531 949 570; x_wconf 92' lang='lat' dir='ltr'><strong>nos</strong></span> <span class='ocrx_word' id='word_1_28' title='bbox 977 523 1061 585; x_wconf 86' lang='lat' dir='ltr'><strong>caput</strong></span> <span class='ocrx_word' id='word_1_29' title='bbox 1093 523 1119 569; x_wconf 87' lang='lat' dir='ltr'><strong>et</strong></span> <span class='ocrx_word' id='word_1_30' title='bbox 1145 516 1285 570; x_wconf 77' lang='lat' dir='ltr'><strong><em>mediator</em></strong></span> <span class='ocrx_word' id='word_1_31' title='bbox 1311 520 1507 586; x_wconf 78' lang='lat' dir='ltr'><strong>redemtorque</strong></span> <span class='ocrx_word' id='word_1_32' title='bbox 1531 516 1658 585; x_wconf 86' lang='lat' dir='ltr'><strong>ipsorum</strong></span> <span class='ocrx_word' id='word_1_33' title='bbox 1682 516 1811 585; x_wconf 82' lang='lat' dir='ltr'><strong>partiou-</strong></span> 
     </span>
     <span class='ocr_line' id='line_1_4' title="bbox 110 599 1811 675; baseline -0.002 -16"><span class='ocrx_word' id='word_1_34' title='bbox 110 619 130 659; x_wconf 83' lang='lat' dir='ltr'><strong>s</strong></span> <span class='ocrx_word' id='word_1_35' title='bbox 148 609 287 675; x_wconf 85' lang='lat' dir='ltr'><strong>potestate</strong></span> <span class='ocrx_word' id='word_1_36' title='bbox 298 601 427 672; x_wconf 84' lang='lat' dir='ltr'><strong>Satanae,</strong></span> <span class='ocrx_word' id='word_1_37' title='bbox 447 603 576 659; x_wconf 88' lang='lat' dir='ltr'><strong>liberarit</strong></span> <span class='ocrx_word' id='word_1_38' title='bbox 595 622 646 660; x_wconf 92' lang='lat' dir='ltr'><strong>nos</strong></span> <span class='ocrx_word' id='word_1_39' title='bbox 665 620 683 658; x_wconf 89' lang='lat' dir='ltr'><strong>a</strong></span> <span class='ocrx_word' id='word_1_40' title='bbox 701 610 795 660; x_wconf 88' lang='lat' dir='ltr'><strong>morte.</strong></span> <span class='ocrx_word' id='word_1_41' title='bbox 823 603 948 658; x_wconf 87' lang='lat' dir='ltr'><strong>Christus</strong></span> <span class='ocrx_word' id='word_1_42' title='bbox 975 600 1086 657; x_wconf 75' lang='lat' dir='ltr'><strong>teritos.</strong></span> <span class='ocrx_word' id='word_1_43' title='bbox 1112 600 1150 654; x_wconf 88' lang='lat' dir='ltr'><strong>Et</strong></span> <span class='ocrx_word' id='word_1_44' title='bbox 1162 617 1196 655; x_wconf 88' lang='grc'><strong>00</strong></span> <span class='ocrx_word' id='word_1_45' title='bbox 1208 601 1406 657; x_wconf 87' lang='lat' dir='ltr'><strong>recentioribus</strong></span> <span class='ocrx_word' id='word_1_46' title='bbox 1419 600 1570 672; x_wconf 87' lang='lat' dir='ltr'><strong>Sehsrpius</strong></span> <span class='ocrx_word' id='word_1_47' title='bbox 1581 599 1811 656; x_wconf 78' lang='lat' dir='ltr'><strong>Scotobritannus</strong></span> 
     </span>
     <span class='ocr_line' id='line_1_5' title="bbox 109 685 1813 762; baseline -0.002 -18"><span class='ocrx_word' id='word_1_48' title='bbox 109 706 162 760; x_wconf 84' lang='lat' dir='ltr'><strong>pro</strong></span> <span class='ocrx_word' id='word_1_49' title='bbox 174 689 297 762; x_wconf 71' lang='lat' dir='ltr'><strong>peccatu</strong></span> <span class='ocrx_word' id='word_1_50' title='bbox 309 689 411 744; x_wconf 88' lang='lat' dir='ltr'><strong>nostris</strong></span> <span class='ocrx_word' id='word_1_51' title='bbox 423 690 452 745; x_wconf 92' lang='lat' dir='ltr'><strong>in</strong></span> <span class='ocrx_word' id='word_1_52' title='bbox 466 707 516 746; x_wconf 90' lang='lat' dir='ltr'><strong>ara</strong></span> <span class='ocrx_word' id='word_1_53' title='bbox 527 691 619 746; x_wconf 91' lang='lat' dir='ltr'><strong>crucis</strong></span> <span class='ocrx_word' id='word_1_54' title='bbox 633 690 778 760; x_wconf 76' lang='lat' dir='ltr'><strong>satisfecit,</strong></span> <span class='ocrx_word' id='word_1_55' title='bbox 801 697 822 746; x_wconf 93' lang='grc'><strong>1.</strong></span> <span class='ocrx_word' id='word_1_56' title='bbox 835 690 908 745; x_wconf 86' lang='lat' dir='ltr'><strong>Pctr.</strong></span> <span class='ocrx_word' id='word_1_57' title='bbox 923 693 949 757; x_wconf 84' lang='lat' dir='ltr'><strong>t,</strong></span> <span class='ocrx_word' id='word_1_58' title='bbox 974 685 1003 739; x_wconf 89' lang='lat' dir='ltr'><strong>in</strong></span> <span class='ocrx_word' id='word_1_59' title='bbox 1020 703 1093 742; x_wconf 86' lang='lat' dir='ltr'><strong>curs.</strong></span> <span class='ocrx_word' id='word_1_60' title='bbox 1110 686 1193 743; x_wconf 89' lang='lat' dir='ltr'><strong>theol.</strong></span> <span class='ocrx_word' id='word_1_61' title='bbox 1214 687 1265 742; x_wconf 91' lang='lat' dir='ltr'><strong>loc.</strong></span> <span class='ocrx_word' id='word_1_62' title='bbox 1288 693 1330 744; x_wconf 90' lang='grc'><strong>20.</strong></span> <span class='ocrx_word' id='word_1_63' title='bbox 1355 688 1408 744; x_wconf 88' lang='lat' dir='ltr'><strong>col.</strong></span> <span class='ocrx_word' id='word_1_64' title='bbox 1428 691 1509 743; x_wconf 74' lang='lat'><strong>1173:</strong></span> <span class='ocrx_word' id='word_1_65' title='bbox 1535 687 1679 752; x_wconf 71' lang='lat' dir='ltr'><strong>Beneficia</strong></span> <span class='ocrx_word' id='word_1_66' title='bbox 1705 687 1813 741; x_wconf 71' lang='lat' dir='ltr'><strong>christi</strong></span> 
     </span>
     <span class='ocr_line' id='line_1_6' title="bbox 109 773 1810 846; baseline -0.001 -19"><span class='ocrx_word' id='word_1_67' title='bbox 109 791 137 829; x_wconf 82' lang='grc'><strong>0.</strong></span> <span class='ocrx_word' id='word_1_68' title='bbox 156 779 198 830; x_wconf 85' lang='grc'><strong>21.</strong></span> <span class='ocrx_word' id='word_1_69' title='bbox 232 774 321 846; x_wconf 84' lang='lat' dir='ltr'><strong>Atqui</strong></span> <span class='ocrx_word' id='word_1_70' title='bbox 348 791 421 830; x_wconf 91' lang='lat' dir='ltr'><strong>mors</strong></span> <span class='ocrx_word' id='word_1_71' title='bbox 445 781 487 831; x_wconf 88' lang='lat' dir='ltr'><strong>est</strong></span> <span class='ocrx_word' id='word_1_72' title='bbox 502 777 617 845; x_wconf 84' lang='lat' dir='ltr'><strong>peceati</strong></span> <span class='ocrx_word' id='word_1_73' title='bbox 634 777 805 846; x_wconf 70' lang='lat' dir='ltr'><em>stipendium</em></span> <span class='ocrx_word' id='word_1_74' title='bbox 825 775 903 830; x_wconf 87' lang='lat' dir='ltr'><strong>Rom.</strong></span> <span class='ocrx_word' id='word_1_75' title='bbox 922 779 947 839; x_wconf 83' lang='lat'><strong>6,</strong></span> <span class='ocrx_word' id='word_1_76' title='bbox 973 779 1038 826; x_wconf 79' lang='lat' dir='ltr'><strong>unt</strong></span> <span class='ocrx_word' id='word_1_77' title='bbox 1063 773 1202 842; x_wconf 76' lang='lat' dir='ltr'><strong><em>duplicia.</em></strong></span> <span class='ocrx_word' id='word_1_78' title='bbox 1244 775 1391 827; x_wconf 74' lang='lat' dir='ltr'><strong>Fidelibus</strong></span> <span class='ocrx_word' id='word_1_79' title='bbox 1415 773 1555 843; x_wconf 84' lang='lat' dir='ltr'><strong>proprio,</strong></span> <span class='ocrx_word' id='word_1_80' title='bbox 1587 781 1617 826; x_wconf 88' lang='lat' dir='ltr'><strong>ut</strong></span> <span class='ocrx_word' id='word_1_81' title='bbox 1642 781 1705 826; x_wconf 91' lang='lat' dir='ltr'><strong>sunt</strong></span> <span class='ocrx_word' id='word_1_82' title='bbox 1727 774 1810 842; x_wconf 80' lang='lat' dir='ltr'><strong>fides.</strong></span> 
     </span>
     <span class='ocr_line' id='line_1_7' title="bbox 109 853 1809 955; baseline -0.001 -41"><span class='ocrx_word' id='word_1_83' title='bbox 109 878 137 914; x_wconf 83' lang='lat' dir='ltr'><strong>r.</strong></span> <span class='ocrx_word' id='word_1_84' title='bbox 157 865 199 917; x_wconf 80' lang='grc'><strong>23.</strong></span> <span class='ocrx_word' id='word_1_85' title='bbox 223 865 252 916; x_wconf 92' lang='lat' dir='ltr'><strong>et</strong></span> <span class='ocrx_word' id='word_1_86' title='bbox 275 860 406 914; x_wconf 84' lang='lat' dir='ltr'><strong>stimulus</strong></span> <span class='ocrx_word' id='word_1_87' title='bbox 430 863 529 915; x_wconf 85' lang='lat' dir='ltr'><strong>nso-rtis</strong></span> <span class='ocrx_word' id='word_1_88' title='bbox 555 866 598 916; x_wconf 91' lang='lat' dir='ltr'><strong>est</strong></span> <span class='ocrx_word' id='word_1_89' title='bbox 614 868 758 931; x_wconf 85' lang='lat' dir='ltr'><strong>peccatum</strong></span> <span class='ocrx_word' id='word_1_90' title='bbox 779 867 801 916; x_wconf 96' lang='grc'><strong>1.</strong></span> <span class='ocrx_word' id='word_1_91' title='bbox 822 858 883 914; x_wconf 86' lang='lat' dir='ltr'><strong>Cor.</strong></span> <span class='ocrx_word' id='word_1_92' title='bbox 907 853 1160 955; x_wconf 53' lang='lat' dir='ltr'><strong>laisanottfioutio</strong></span> <span class='ocrx_word' id='word_1_93' title='bbox 1187 865 1215 913; x_wconf 90' lang='lat' dir='ltr'><strong>et</strong></span> <span class='ocrx_word' id='word_1_94' title='bbox 1239 859 1430 929; x_wconf 58' lang='lat' dir='ltr'><strong>purificatio,-</strong></span> <span class='ocrx_word' id='word_1_95' title='bbox 1456 859 1587 924; x_wconf 66' lang='lat' dir='ltr'><strong>fidelibus</strong></span> <span class='ocrx_word' id='word_1_96' title='bbox 1604 867 1630 912; x_wconf 90' lang='lat' dir='ltr'><strong>et</strong></span> <span class='ocrx_word' id='word_1_97' title='bbox 1650 859 1809 927; x_wconf 80' lang='lat' dir='ltr'><strong>infidelibsu</strong></span> 
     </span>
     <span class='ocr_line' id='line_1_8' title="bbox 109 944 1808 1019; baseline 0 -19"><span class='ocrx_word' id='word_1_98' title='bbox 109 964 136 1002; x_wconf 80' lang='lat' dir='ltr'><strong>v.</strong></span> <span class='ocrx_word' id='word_1_99' title='bbox 163 952 205 1003; x_wconf 85' lang='grc'><strong>50.</strong></span> <span class='ocrx_word' id='word_1_100' title='bbox 240 946 317 1018; x_wconf 83' lang='lat' dir='ltr'><strong>Ergo</strong></span> <span class='ocrx_word' id='word_1_101' title='bbox 335 945 462 1002; x_wconf 88' lang='lat' dir='ltr'><strong>Christus</strong></span> <span class='ocrx_word' id='word_1_102' title='bbox 487 963 538 1018; x_wconf 85' lang='lat' dir='ltr'><strong>pro</strong></span> <span class='ocrx_word' id='word_1_103' title='bbox 567 948 688 1019; x_wconf 84' lang='lat' dir='ltr'><strong>peccatis</strong></span> <span class='ocrx_word' id='word_1_104' title='bbox 712 944 907 1002; x_wconf 84' lang='lat' dir='ltr'><strong>satisfaciendo</strong></span> <span class='ocrx_word' id='word_1_105' title='bbox 930 960 948 999; x_wconf 90' lang='lat' dir='ltr'><strong>a</strong></span> <span class='ocrx_word' id='word_1_106' title='bbox 974 947 1147 1013; x_wconf 84' lang='lat' dir='ltr'><strong>communia,</strong></span> <span class='ocrx_word' id='word_1_107' title='bbox 1169 953 1200 1000; x_wconf 90' lang='lat' dir='ltr'><strong>ut</strong></span> <span class='ocrx_word' id='word_1_108' title='bbox 1223 954 1288 1000; x_wconf 88' lang='lat' dir='ltr'><strong>sunt</strong></span> <span class='ocrx_word' id='word_1_109' title='bbox 1305 948 1415 1000; x_wconf 84' lang='lat' dir='ltr'><strong>ooootio</strong></span> <span class='ocrx_word' id='word_1_110' title='bbox 1436 953 1567 1010; x_wconf 70' lang='grc'><strong>0010000,</strong></span> <span class='ocrx_word' id='word_1_111' title='bbox 1591 946 1671 1000; x_wconf 83' lang='lat' dir='ltr'><strong>uerti</strong></span> <span class='ocrx_word' id='word_1_112' title='bbox 1688 946 1808 1013; x_wconf 76' lang='lat' dir='ltr'><em>auditio,</em></span> 
     </span>
     <span class='ocr_line' id='line_1_9' title="bbox 110 1031 1807 1111; baseline 0 -24"><span class='ocrx_word' id='word_1_113' title='bbox 110 1037 199 1087; x_wconf 87' lang='lat' dir='ltr'><strong>morte</strong></span> <span class='ocrx_word' id='word_1_114' title='bbox 226 1049 276 1087; x_wconf 88' lang='lat' dir='ltr'><strong>nos</strong></span> <span class='ocrx_word' id='word_1_115' title='bbox 295 1031 435 1087; x_wconf 83' lang='lat' dir='ltr'><strong>liberavit.</strong></span> <span class='ocrx_word' id='word_1_116' title='bbox 469 1031 595 1088; x_wconf 89' lang='lat' dir='ltr'><strong>Christus</strong></span> <span class='ocrx_word' id='word_1_117' title='bbox 611 1032 740 1088; x_wconf 87' lang='lat' dir='ltr'><strong>liberavit</strong></span> <span class='ocrx_word' id='word_1_118' title='bbox 756 1049 807 1087; x_wconf 91' lang='lat' dir='ltr'><strong>nos</strong></span> <span class='ocrx_word' id='word_1_119' title='bbox 825 1050 845 1085; x_wconf 87' lang='lat' dir='ltr'><strong>o</strong></span> <span class='ocrx_word' id='word_1_120' title='bbox 862 1032 947 1084; x_wconf 79' lang='lat' dir='ltr'><strong>mule</strong></span> <span class='ocrx_word' id='word_1_121' title='bbox 974 1033 1073 1102; x_wconf 74' lang='lat' dir='ltr'><strong>quiesse</strong></span> <span class='ocrx_word' id='word_1_122' title='bbox 1097 1033 1181 1111; x_wconf 78' lang='lat' dir='ltr'><strong>impii</strong></span> <span class='ocrx_word' id='word_1_123' title='bbox 1205 1033 1408 1087; x_wconf 76' lang='lat' dir='ltr'><strong>inaccusabiles</strong></span> <span class='ocrx_word' id='word_1_124' title='bbox 1440 1035 1607 1087; x_wconf 78' lang='lat' dir='ltr'><strong>redduntur.</strong></span> <span class='ocrx_word' id='word_1_125' title='bbox 1653 1033 1723 1085; x_wconf 86' lang='lat' dir='ltr'><strong>Tale</strong></span> <span class='ocrx_word' id='word_1_126' title='bbox 1749 1039 1807 1087; x_wconf 85' lang='lat' dir='ltr'><strong>esto</strong></span> 
     </span>
     <span class='ocr_line' id='line_1_10' title="bbox 110 1117 1921 1189; baseline -0.001 -17"><span class='ocrx_word' id='word_1_127' title='bbox 110 1118 235 1172; x_wconf 72' lang='lat' dir='ltr'><strong>dshtions</strong></span> <span class='ocrx_word' id='word_1_128' title='bbox 259 1117 330 1186; x_wconf 78' lang='lat' dir='ltr'><strong>lepis</strong></span> <span class='ocrx_word' id='word_1_129' title='bbox 348 1117 410 1174; x_wconf 84' lang='lat' dir='ltr'><strong>Gal.</strong></span> <span class='ocrx_word' id='word_1_130' title='bbox 430 1123 462 1187; x_wconf 82' lang='lat'><strong>3,</strong></span> <span class='ocrx_word' id='word_1_131' title='bbox 488 1136 515 1180; x_wconf 86' lang='lat' dir='ltr'><strong>r,</strong></span> <span class='ocrx_word' id='word_1_132' title='bbox 539 1122 577 1173; x_wconf 80' lang='lat' dir='ltr'><strong>ts.</strong></span> <span class='ocrx_word' id='word_1_133' title='bbox 612 1118 701 1189; x_wconf 82' lang='lat' dir='ltr'>Atqui</span> <span class='ocrx_word' id='word_1_134' title='bbox 721 1117 757 1173; x_wconf 93' lang='lat' dir='ltr'><strong>ob</strong></span> <span class='ocrx_word' id='word_1_135' title='bbox 776 1117 947 1172; x_wconf 88' lang='lat' dir='ltr'><strong>maledictio·</strong></span> <span class='ocrx_word' id='word_1_136' title='bbox 974 1119 1134 1183; x_wconf 58' lang='lat' dir='ltr'><strong>tenemium</strong></span> <span class='ocrx_word' id='word_1_137' title='bbox 1170 1119 1394 1176; x_wconf 84' lang='lat' dir='ltr'><strong>resurrectionis.</strong></span> <span class='ocrx_word' id='word_1_138' title='bbox 1452 1117 1532 1175; x_wconf 90' lang='lat' dir='ltr'><strong>Haec</strong></span> <span class='ocrx_word' id='word_1_139' title='bbox 1569 1118 1676 1173; x_wconf 74' lang='lat' dir='ltr'><strong>Caluini</strong></span> <span class='ocrx_word' id='word_1_140' title='bbox 1713 1118 1807 1189; x_wconf 88' lang='lat' dir='ltr'><strong>opinio</strong></span> <span class='ocrx_word' id='word_1_141' title='bbox 1821 1119 1875 1160; x_wconf 71' lang='lat'><strong>¹1¹·</strong></span> <span class='ocrx_word' id='word_1_142' title='bbox 1892 1119 1921 1161; x_wconf 79' lang='lat'><strong>¹²·</strong></span> 
     </span>
     <span class='ocr_line' id='line_1_11' title="bbox 110 1201 1808 1275; baseline 0.002 -19"><span class='ocrx_word' id='word_1_143' title='bbox 110 1218 176 1258; x_wconf 87' lang='lat' dir='ltr'><strong>nem</strong></span> <span class='ocrx_word' id='word_1_144' title='bbox 200 1202 269 1274; x_wconf 84' lang='lat' dir='ltr'><strong>legis</strong></span> <span class='ocrx_word' id='word_1_145' title='bbox 293 1204 374 1258; x_wconf 90' lang='lat' dir='ltr'><strong>morti</strong></span> <span class='ocrx_word' id='word_1_146' title='bbox 396 1203 539 1274; x_wconf 86' lang='lat' dir='ltr'><strong>temporali</strong></span> <span class='ocrx_word' id='word_1_147' title='bbox 567 1209 595 1258; x_wconf 89' lang='lat' dir='ltr'><strong>et</strong></span> <span class='ocrx_word' id='word_1_148' title='bbox 620 1210 748 1259; x_wconf 75' lang='lat' dir='ltr'><strong>aeternae</strong></span> <span class='ocrx_word' id='word_1_149' title='bbox 773 1219 882 1258; x_wconf 80' lang='lat' dir='ltr'><strong>mamus</strong></span> <span class='ocrx_word' id='word_1_150' title='bbox 898 1201 945 1257; x_wconf 92' lang='lat' dir='ltr'><strong>ob·</strong></span> <span class='ocrx_word' id='word_1_151' title='bbox 974 1205 1111 1275; x_wconf 81' lang='lat' dir='ltr'><strong>duplicem</strong></span> <span class='ocrx_word' id='word_1_152' title='bbox 1136 1210 1257 1260; x_wconf 88' lang='lat' dir='ltr'><strong>meretur</strong></span> <span class='ocrx_word' id='word_1_153' title='bbox 1279 1204 1505 1260; x_wconf 83' lang='lat' dir='ltr'><strong>observationem.</strong></span> <span class='ocrx_word' id='word_1_154' title='bbox 1541 1204 1623 1258; x_wconf 85' lang='lat' dir='ltr'><strong>Prior</strong></span> <span class='ocrx_word' id='word_1_155' title='bbox 1640 1205 1808 1275; x_wconf 88' lang='lat' dir='ltr'><strong>opponenda</strong></span> 
     </span>
     <span class='ocr_line' id='line_1_12' title="bbox 110 1289 1806 1361; baseline 0.001 -18"><span class='ocrx_word' id='word_1_156' title='bbox 110 1289 195 1344; x_wconf 84' lang='lat' dir='ltr'><strong>noxii.</strong></span> <span class='ocrx_word' id='word_1_157' title='bbox 229 1290 306 1361; x_wconf 83' lang='lat' dir='ltr'><strong>Ergo</strong></span> <span class='ocrx_word' id='word_1_158' title='bbox 325 1289 452 1346; x_wconf 88' lang='lat' dir='ltr'><strong>Christus</strong></span> <span class='ocrx_word' id='word_1_159' title='bbox 476 1290 621 1346; x_wconf 89' lang='lat' dir='ltr'><strong>liberando</strong></span> <span class='ocrx_word' id='word_1_160' title='bbox 644 1308 695 1346; x_wconf 90' lang='lat' dir='ltr'><strong>nos</strong></span> <span class='ocrx_word' id='word_1_161' title='bbox 719 1307 735 1344; x_wconf 90' lang='grc'><strong>0</strong></span> <span class='ocrx_word' id='word_1_162' title='bbox 753 1289 947 1344; x_wconf 78' lang='lat' dir='ltr'>maledictione</span> <span class='ocrx_word' id='word_1_163' title='bbox 973 1296 1016 1346; x_wconf 89' lang='lat' dir='ltr'><strong>est</strong></span> <span class='ocrx_word' id='word_1_164' title='bbox 1031 1289 1180 1361; x_wconf 72' lang='lat' dir='ltr'><strong>hypothesi</strong></span> <span class='ocrx_word' id='word_1_165' title='bbox 1192 1293 1228 1345; x_wconf 83' lang='lat' dir='ltr'><strong>rie</strong></span> <span class='ocrx_word' id='word_1_166' title='bbox 1240 1298 1342 1360; x_wconf 79' lang='lat' dir='ltr'><strong>nepote</strong></span> <span class='ocrx_word' id='word_1_167' title='bbox 1354 1291 1569 1345; x_wconf 79' lang='lat' dir='ltr'><strong>universalitate</strong></span> <span class='ocrx_word' id='word_1_168' title='bbox 1585 1291 1679 1344; x_wconf 85' lang='lat' dir='ltr'><strong>meriti</strong></span> <span class='ocrx_word' id='word_1_169' title='bbox 1692 1290 1806 1344; x_wconf 81' lang='lat' dir='ltr'><strong>Christi.</strong></span> 
     </span>
     <span class='ocr_line' id='line_1_13' title="bbox 111 1374 1808 1448; baseline 0 -19"><span class='ocrx_word' id='word_1_170' title='bbox 111 1374 183 1446; x_wconf 85' lang='lat' dir='ltr'><strong>legis</strong></span> <span class='ocrx_word' id='word_1_171' title='bbox 208 1388 226 1430; x_wconf 86' lang='lat' dir='ltr'><strong>a</strong></span> <span class='ocrx_word' id='word_1_172' title='bbox 250 1380 337 1431; x_wconf 88' lang='lat' dir='ltr'><strong>morte</strong></span> <span class='ocrx_word' id='word_1_173' title='bbox 364 1393 415 1431; x_wconf 93' lang='lat' dir='ltr'><strong>nos</strong></span> <span class='ocrx_word' id='word_1_174' title='bbox 432 1375 568 1432; x_wconf 82' lang='lat' dir='ltr'><strong>liberarit</strong></span> <span class='ocrx_word' id='word_1_175' title='bbox 605 1375 731 1431; x_wconf 89' lang='lat' dir='ltr'><strong>Christus</strong></span> <span class='ocrx_word' id='word_1_176' title='bbox 750 1374 879 1430; x_wconf 88' lang='lat' dir='ltr'><strong>liberavit</strong></span> <span class='ocrx_word' id='word_1_177' title='bbox 897 1391 947 1428; x_wconf 93' lang='lat' dir='ltr'><strong>nos</strong></span> <span class='ocrx_word' id='word_1_178' title='bbox 974 1375 1002 1432; x_wconf 85' lang='lat' dir='ltr'><strong>si</strong></span> <span class='ocrx_word' id='word_1_179' title='bbox 1034 1376 1157 1432; x_wconf 88' lang='lat' dir='ltr'><strong>damnati</strong></span> <span class='ocrx_word' id='word_1_180' title='bbox 1187 1383 1271 1448; x_wconf 90' lang='lat' dir='ltr'><strong>atque</strong></span> <span class='ocrx_word' id='word_1_181' title='bbox 1302 1377 1378 1447; x_wconf 90' lang='lat' dir='ltr'><strong>impii</strong></span> <span class='ocrx_word' id='word_1_182' title='bbox 1411 1381 1560 1448; x_wconf 89' lang='lat' dir='ltr'><strong>resurgunt</strong></span> <span class='ocrx_word' id='word_1_183' title='bbox 1588 1377 1691 1431; x_wconf 86' lang='lat' dir='ltr'><strong>virtute</strong></span> <span class='ocrx_word' id='word_1_184' title='bbox 1717 1377 1808 1430; x_wconf 90' lang='lat' dir='ltr'><strong>meriti</strong></span> 
     </span>
     <span class='ocr_line' id='line_1_14' title="bbox 111 1458 1807 1534; baseline 0.002 -21"><span class='ocrx_word' id='word_1_185' title='bbox 111 1460 149 1514; x_wconf 86' lang='lat' dir='ltr'><strong>ab</strong></span> <span class='ocrx_word' id='word_1_186' title='bbox 166 1461 214 1515; x_wconf 86' lang='lat' dir='ltr'><strong>irs</strong></span> <span class='ocrx_word' id='word_1_187' title='bbox 232 1462 292 1516; x_wconf 86' lang='lat' dir='ltr'><strong>Dei</strong></span> <span class='ocrx_word' id='word_1_188' title='bbox 307 1461 386 1517; x_wconf 87' lang='lat' dir='ltr'><strong>Rom.</strong></span> <span class='ocrx_word' id='word_1_189' title='bbox 409 1468 432 1530; x_wconf 90' lang='grc'><strong>5,</strong></span> <span class='ocrx_word' id='word_1_190' title='bbox 457 1478 484 1518; x_wconf 80' lang='lat' dir='ltr'><strong>r.</strong></span> <span class='ocrx_word' id='word_1_191' title='bbox 505 1467 544 1517; x_wconf 99' lang='grc'><strong>10.</strong></span> <span class='ocrx_word' id='word_1_192' title='bbox 569 1467 593 1516; x_wconf 91' lang='grc'><strong>2.</strong></span> <span class='ocrx_word' id='word_1_193' title='bbox 614 1461 676 1516; x_wconf 87' lang='lat' dir='ltr'><strong>Cor.</strong></span> <span class='ocrx_word' id='word_1_194' title='bbox 695 1469 720 1527; x_wconf 84' lang='lat'><strong>5,</strong></span> <span class='ocrx_word' id='word_1_195' title='bbox 739 1479 765 1516; x_wconf 83' lang='grc'><strong>0.</strong></span> <span class='ocrx_word' id='word_1_196' title='bbox 784 1466 823 1519; x_wconf 87' lang='grc'><strong>19,</strong></span> <span class='ocrx_word' id='word_1_197' title='bbox 863 1458 946 1530; x_wconf 80' lang='lat' dir='ltr'><strong>Atqui</strong></span> <span class='ocrx_word' id='word_1_198' title='bbox 973 1461 1084 1528; x_wconf 77' lang='lat' dir='ltr'><strong>Christi,</strong></span> <span class='ocrx_word' id='word_1_199' title='bbox 1101 1463 1200 1533; x_wconf 90' lang='lat' dir='ltr'><strong>utique</strong></span> <span class='ocrx_word' id='word_1_200' title='bbox 1219 1463 1303 1516; x_wconf 88' lang='lat' dir='ltr'><strong>etiam</strong></span> <span class='ocrx_word' id='word_1_201' title='bbox 1318 1461 1444 1517; x_wconf 90' lang='lat' dir='ltr'><strong>Christus</strong></span> <span class='ocrx_word' id='word_1_202' title='bbox 1462 1479 1512 1532; x_wconf 90' lang='lat' dir='ltr'><strong>pro</strong></span> <span class='ocrx_word' id='word_1_203' title='bbox 1532 1463 1600 1534; x_wconf 90' lang='lat' dir='ltr'><strong>ipsis</strong></span> <span class='ocrx_word' id='word_1_204' title='bbox 1613 1462 1641 1516; x_wconf 91' lang='lat' dir='ltr'><strong>in</strong></span> <span class='ocrx_word' id='word_1_205' title='bbox 1657 1479 1706 1517; x_wconf 88' lang='lat' dir='ltr'><strong>ara</strong></span> <span class='ocrx_word' id='word_1_206' title='bbox 1717 1462 1807 1517; x_wconf 88' lang='lat' dir='ltr'><strong>erucis</strong></span> 
     </span>
     <span class='ocr_line' id='line_1_15' title="bbox 112 1546 1805 1621; baseline 0.001 -21"><span class='ocrx_word' id='word_1_207' title='bbox 112 1565 185 1603; x_wconf 91' lang='lat' dir='ltr'><strong>mors</strong></span> <span class='ocrx_word' id='word_1_208' title='bbox 205 1564 311 1618; x_wconf 84' lang='lat' dir='ltr'><strong>poenas</strong></span> <span class='ocrx_word' id='word_1_209' title='bbox 328 1547 389 1602; x_wconf 91' lang='lat' dir='ltr'><strong>loco</strong></span> <span class='ocrx_word' id='word_1_210' title='bbox 405 1546 495 1603; x_wconf 87' lang='lat' dir='ltr'><strong>aDeo</strong></span> <span class='ocrx_word' id='word_1_211' title='bbox 514 1548 585 1602; x_wconf 87' lang='lat' dir='ltr'><strong>irato</strong></span> <span class='ocrx_word' id='word_1_212' title='bbox 601 1547 697 1618; x_wconf 86' lang='lat' dir='ltr'><strong>judice</strong></span> <span class='ocrx_word' id='word_1_213' title='bbox 716 1547 813 1619; x_wconf 79' lang='lat' dir='ltr'><strong>generi</strong></span> <span class='ocrx_word' id='word_1_214' title='bbox 826 1546 946 1600; x_wconf 89' lang='lat' dir='ltr'><strong>humano</strong></span> <span class='ocrx_word' id='word_1_215' title='bbox 973 1553 1105 1603; x_wconf 89' lang='lat' dir='ltr'><strong>mortuus.</strong></span> <span class='ocrx_word' id='word_1_216' title='bbox 1148 1547 1203 1605; x_wconf 86' lang='lat' dir='ltr'><strong>Sed</strong></span> <span class='ocrx_word' id='word_1_217' title='bbox 1233 1565 1327 1604; x_wconf 88' lang='lat' dir='ltr'><strong>rerum</strong></span> <span class='ocrx_word' id='word_1_218' title='bbox 1353 1549 1429 1621; x_wconf 90' lang='lat' dir='ltr'><strong>prius</strong></span> <span class='ocrx_word' id='word_1_219' title='bbox 1453 1565 1487 1603; x_wconf 85' lang='lat' dir='ltr'><strong>sx</strong></span> <span class='ocrx_word' id='word_1_220' title='bbox 1512 1548 1663 1604; x_wconf 73' lang='lat' dir='ltr'><strong>assertione</strong></span> <span class='ocrx_word' id='word_1_221' title='bbox 1690 1547 1805 1603; x_wconf 84' lang='lat' dir='ltr'><strong>Calvini.</strong></span> 
     </span>
     <span class='ocr_line' id='line_1_16' title="bbox 110 1632 1915 1706; baseline -0.001 -16"><span class='ocrx_word' id='word_1_222' title='bbox 110 1635 166 1690; x_wconf 81' lang='grc'><strong>1011</strong></span> <span class='ocrx_word' id='word_1_223' title='bbox 179 1633 286 1690; x_wconf 86' lang='lat' dir='ltr'><strong>inflicta</strong></span> <span class='ocrx_word' id='word_1_224' title='bbox 297 1634 398 1689; x_wconf 88' lang='lat' dir='ltr'><strong>Psalm.</strong></span> <span class='ocrx_word' id='word_1_225' title='bbox 414 1639 455 1702; x_wconf 87' lang='grc'><strong>00,</strong></span> <span class='ocrx_word' id='word_1_226' title='bbox 476 1652 501 1689; x_wconf 86' lang='lat' dir='ltr'><strong>r.</strong></span> <span class='ocrx_word' id='word_1_227' title='bbox 516 1640 540 1692; x_wconf 98' lang='lat'><strong>3.</strong></span> <span class='ocrx_word' id='word_1_228' title='bbox 575 1634 650 1705; x_wconf 86' lang='lat' dir='ltr'><strong>Ergo</strong></span> <span class='ocrx_word' id='word_1_229' title='bbox 664 1634 790 1689; x_wconf 91' lang='lat' dir='ltr'><strong>Christus</strong></span> <span class='ocrx_word' id='word_1_230' title='bbox 802 1632 945 1688; x_wconf 86' lang='lat' dir='ltr'><strong>liberando</strong></span> <span class='ocrx_word' id='word_1_231' title='bbox 971 1635 1047 1706; x_wconf 83' lang='lat' dir='ltr'><strong>Ergo</strong></span> <span class='ocrx_word' id='word_1_232' title='bbox 1068 1640 1151 1689; x_wconf 87' lang='lat' dir='ltr'><strong>etiam</strong></span> <span class='ocrx_word' id='word_1_233' title='bbox 1170 1634 1317 1704; x_wconf 81' lang='lat' dir='ltr'><strong>posterius,</strong></span> <span class='ocrx_word' id='word_1_234' title='bbox 1336 1641 1364 1689; x_wconf 89' lang='lat' dir='ltr'><strong>et</strong></span> <span class='ocrx_word' id='word_1_235' title='bbox 1383 1652 1434 1704; x_wconf 89' lang='lat' dir='ltr'><strong>per</strong></span> <span class='ocrx_word' id='word_1_236' title='bbox 1453 1650 1625 1705; x_wconf 89' lang='lat' dir='ltr'><strong>consequens</strong></span> <span class='ocrx_word' id='word_1_237' title='bbox 1638 1634 1739 1689; x_wconf 86' lang='lat' dir='ltr'><strong>falsum</strong></span> <span class='ocrx_word' id='word_1_238' title='bbox 1757 1640 1807 1704; x_wconf 89' lang='lat' dir='ltr'><strong>est,</strong></span> <span class='ocrx_word' id='word_1_239' title='bbox 1912 1650 1915 1655; x_wconf 90' lang='lat'>·</span> 
     </span>
     <span class='ocr_line' id='line_1_17' title="bbox 111 1718 1807 1791; baseline -0.001 -14"><span class='ocrx_word' id='word_1_240' title='bbox 111 1738 163 1777; x_wconf 91' lang='lat' dir='ltr'><strong>nos</strong></span> <span class='ocrx_word' id='word_1_241' title='bbox 184 1720 221 1776; x_wconf 89' lang='lat' dir='ltr'><strong>ab</strong></span> <span class='ocrx_word' id='word_1_242' title='bbox 239 1721 281 1775; x_wconf 89' lang='lat' dir='ltr'><strong>ira</strong></span> <span class='ocrx_word' id='word_1_243' title='bbox 297 1719 350 1775; x_wconf 94' lang='lat' dir='ltr'><strong>Dei</strong></span> <span class='ocrx_word' id='word_1_244' title='bbox 368 1718 497 1774; x_wconf 86' lang='lat' dir='ltr'><strong>liberarit</strong></span> <span class='ocrx_word' id='word_1_245' title='bbox 512 1737 563 1774; x_wconf 92' lang='lat' dir='ltr'><strong>nos</strong></span> <span class='ocrx_word' id='word_1_246' title='bbox 579 1727 705 1775; x_wconf 87' lang='lat' dir='ltr'><strong>amorte.</strong></span> <span class='ocrx_word' id='word_1_247' title='bbox 737 1719 792 1774; x_wconf 92' lang='lat' dir='ltr'><strong>Per</strong></span> <span class='ocrx_word' id='word_1_248' title='bbox 806 1719 945 1775; x_wconf 87' lang='lat' dir='ltr'><strong>Christum</strong></span> <span class='ocrx_word' id='word_1_249' title='bbox 971 1721 1113 1775; x_wconf 80' lang='lat' dir='ltr'><strong>Christum</strong></span> <span class='ocrx_word' id='word_1_250' title='bbox 1136 1737 1191 1774; x_wconf 93' lang='lat' dir='ltr'><strong>non</strong></span> <span class='ocrx_word' id='word_1_251' title='bbox 1217 1736 1278 1776; x_wconf 89' lang='lat' dir='ltr'><strong>esse</strong></span> <span class='ocrx_word' id='word_1_252' title='bbox 1302 1737 1353 1791; x_wconf 89' lang='lat' dir='ltr'><strong>pro</strong></span> <span class='ocrx_word' id='word_1_253' title='bbox 1372 1721 1500 1775; x_wconf 89' lang='lat' dir='ltr'><strong>omnibus</strong></span> <span class='ocrx_word' id='word_1_254' title='bbox 1520 1721 1632 1775; x_wconf 92' lang='lat' dir='ltr'><strong>omnino</strong></span> <span class='ocrx_word' id='word_1_255' title='bbox 1649 1720 1807 1775; x_wconf 89' lang='lat' dir='ltr'><strong>hominibus</strong></span> 
     </span>
     <span class='ocr_line' id='line_1_18' title="bbox 109 1803 1807 1878; baseline 0 -16"><span class='ocrx_word' id='word_1_256' title='bbox 109 1804 191 1863; x_wconf 89' lang='lat' dir='ltr'><strong>nobis</strong></span> <span class='ocrx_word' id='word_1_257' title='bbox 216 1806 316 1862; x_wconf 87' lang='lat' dir='ltr'><strong>iterum</strong></span> <span class='ocrx_word' id='word_1_258' title='bbox 339 1811 422 1876; x_wconf 85' lang='lat' dir='ltr'><strong>parts</strong></span> <span class='ocrx_word' id='word_1_259' title='bbox 440 1805 611 1874; x_wconf 76' lang='lat' dir='ltr'><strong>benedictio,</strong></span> <span class='ocrx_word' id='word_1_260' title='bbox 637 1821 709 1876; x_wconf 88' lang='lat' dir='ltr'><strong>quae</strong></span> <span class='ocrx_word' id='word_1_261' title='bbox 727 1805 816 1860; x_wconf 90' lang='lat' dir='ltr'><strong>omnis</strong></span> <span class='ocrx_word' id='word_1_262' title='bbox 836 1803 946 1876; x_wconf 89' lang='lat' dir='ltr'><strong>generis</strong></span> <span class='ocrx_word' id='word_1_263' title='bbox 971 1807 1000 1860; x_wconf 92' lang='lat' dir='ltr'><strong>in</strong></span> <span class='ocrx_word' id='word_1_264' title='bbox 1024 1822 1073 1860; x_wconf 89' lang='lat' dir='ltr'><strong>ara</strong></span> <span class='ocrx_word' id='word_1_265' title='bbox 1096 1806 1185 1861; x_wconf 87' lang='lat' dir='ltr'><strong>crucis</strong></span> <span class='ocrx_word' id='word_1_266' title='bbox 1212 1812 1358 1861; x_wconf 89' lang='lat' dir='ltr'><strong>mortuum.</strong></span> <span class='ocrx_word' id='word_1_267' title='bbox 1394 1805 1535 1861; x_wconf 85' lang='lat' dir='ltr'><strong>Connexio</strong></span> <span class='ocrx_word' id='word_1_268' title='bbox 1563 1806 1711 1877; x_wconf 89' lang='lat' dir='ltr'><strong>probatur,</strong></span> <span class='ocrx_word' id='word_1_269' title='bbox 1740 1807 1807 1878; x_wconf 86' lang='lat' dir='ltr'><strong>quis</strong></span> 
     </span>
     <span class='ocr_line' id='line_1_19' title="bbox 108 1890 1807 1963; baseline 0 -16"><span class='ocrx_word' id='word_1_270' title='bbox 108 1892 185 1947; x_wconf 84' lang='lat' dir='ltr'><strong>bons</strong></span> <span class='ocrx_word' id='word_1_271' title='bbox 209 1891 365 1962; x_wconf 88' lang='lat' dir='ltr'><strong>spiritualia</strong></span> <span class='ocrx_word' id='word_1_272' title='bbox 391 1907 425 1945; x_wconf 90' lang='lat' dir='ltr'><strong>ac</strong></span> <span class='ocrx_word' id='word_1_273' title='bbox 453 1890 584 1946; x_wconf 88' lang='lat' dir='ltr'><strong>coelestia</strong></span> <span class='ocrx_word' id='word_1_274' title='bbox 602 1891 796 1962; x_wconf 85' lang='lat' dir='ltr'><strong>complectitur</strong></span> <span class='ocrx_word' id='word_1_275' title='bbox 814 1890 884 1945; x_wconf 82' lang='lat' dir='ltr'><strong>Gen.</strong></span> <span class='ocrx_word' id='word_1_276' title='bbox 905 1893 944 1952; x_wconf 92' lang='grc'><strong>12,</strong></span> <span class='ocrx_word' id='word_1_277' title='bbox 970 1891 1119 1962; x_wconf 76' lang='lat' dir='ltr'><strong>applicatio</strong></span> <span class='ocrx_word' id='word_1_278' title='bbox 1155 1891 1356 1963; x_wconf 79' lang='lat' dir='ltr'><strong>praesupponit</strong></span> <span class='ocrx_word' id='word_1_279' title='bbox 1389 1890 1599 1963; x_wconf 77' lang='lat' dir='ltr'><strong>acquisitionem</strong></span> <span class='ocrx_word' id='word_1_280' title='bbox 1634 1899 1663 1947; x_wconf 90' lang='lat' dir='ltr'><strong>et</strong></span> <span class='ocrx_word' id='word_1_281' title='bbox 1691 1892 1807 1947; x_wconf 86' lang='lat' dir='ltr'><strong>effectus</strong></span> 
     </span>
     <span class='ocr_line' id='line_1_20' title="bbox 108 1976 1807 2050; baseline 0 -18"><span class='ocrx_word' id='word_1_282' title='bbox 108 1997 135 2035; x_wconf 84' lang='lat' dir='ltr'><strong>r.</strong></span> <span class='ocrx_word' id='word_1_283' title='bbox 155 1983 178 2034; x_wconf 85' lang='lat'><strong>3.</strong></span> <span class='ocrx_word' id='word_1_284' title='bbox 209 1977 272 2033; x_wconf 90' lang='lat' dir='ltr'><strong>Act.</strong></span> <span class='ocrx_word' id='word_1_285' title='bbox 291 1983 315 2045; x_wconf 88' lang='lat'><strong>3,</strong></span> <span class='ocrx_word' id='word_1_286' title='bbox 336 1993 360 2033; x_wconf 82' lang='lat' dir='ltr'><strong>v.</strong></span> <span class='ocrx_word' id='word_1_287' title='bbox 379 1982 419 2032; x_wconf 86' lang='grc'><strong>25.</strong></span> <span class='ocrx_word' id='word_1_288' title='bbox 451 1977 512 2034; x_wconf 82' lang='lat' dir='ltr'><strong>Cal.</strong></span> <span class='ocrx_word' id='word_1_289' title='bbox 530 1982 554 2040; x_wconf 88' lang='grc'><strong>3,</strong></span> <span class='ocrx_word' id='word_1_290' title='bbox 579 1994 605 2032; x_wconf 82' lang='lat' dir='ltr'><strong>v.</strong></span> <span class='ocrx_word' id='word_1_291' title='bbox 624 1983 648 2032; x_wconf 83' lang='lat'><strong>8.</strong></span> <span class='ocrx_word' id='word_1_292' title='bbox 675 1993 742 2047; x_wconf 88' lang='lat' dir='ltr'><strong>ergo</strong></span> <span class='ocrx_word' id='word_1_293' title='bbox 761 1976 944 2042; x_wconf 82' lang='grc'><strong>0010000100,</strong></span> <span class='ocrx_word' id='word_1_294' title='bbox 970 1978 1171 2048; x_wconf 81' lang='lat' dir='ltr'><strong>praesupponit</strong></span> <span class='ocrx_word' id='word_1_295' title='bbox 1201 1994 1278 2032; x_wconf 90' lang='lat' dir='ltr'><strong>suam</strong></span> <span class='ocrx_word' id='word_1_296' title='bbox 1307 1993 1428 2032; x_wconf 86' lang='lat' dir='ltr'><strong>cansam.</strong></span> <span class='ocrx_word' id='word_1_297' title='bbox 1467 1977 1574 2041; x_wconf 81' lang='lat' dir='ltr'><strong>Quodsi</strong></span> <span class='ocrx_word' id='word_1_298' title='bbox 1603 1978 1688 2049; x_wconf 83' lang='lat' dir='ltr'><strong>igitur</strong></span> <span class='ocrx_word' id='word_1_299' title='bbox 1714 1980 1807 2050; x_wconf 89' lang='lat' dir='ltr'><strong>impiis</strong></span> 
     </span>
     <span class='ocr_line' id='line_1_21' title="bbox 109 2060 1806 2133; baseline -0.001 -13"><span class='ocrx_word' id='word_1_300' title='bbox 109 2063 275 2120; x_wconf 86' lang='lat' dir='ltr'><strong>resurrectio</strong></span> <span class='ocrx_word' id='word_1_301' title='bbox 310 2080 343 2118; x_wconf 90' lang='grc'><strong>00</strong></span> <span class='ocrx_word' id='word_1_302' title='bbox 379 2062 438 2117; x_wconf 84' lang='lat' dir='ltr'><strong>rita</strong></span> <span class='ocrx_word' id='word_1_303' title='bbox 476 2062 557 2117; x_wconf 92' lang='lat' dir='ltr'><strong>morti</strong></span> <span class='ocrx_word' id='word_1_304' title='bbox 593 2077 626 2116; x_wconf 89' lang='grc'><strong>00</strong></span> <span class='ocrx_word' id='word_1_305' title='bbox 657 2061 773 2116; x_wconf 84' lang='lat' dir='ltr'><strong>adverso</strong></span> <span class='ocrx_word' id='word_1_306' title='bbox 805 2060 938 2133; x_wconf 81' lang='lat' dir='ltr'><strong>opposita</strong></span> <span class='ocrx_word' id='word_1_307' title='bbox 970 2062 1136 2118; x_wconf 80' lang='lat' dir='ltr'><strong>beneficium</strong></span> <span class='ocrx_word' id='word_1_308' title='bbox 1166 2062 1282 2133; x_wconf 83' lang='lat' dir='ltr'><strong>aliquod</strong></span> <span class='ocrx_word' id='word_1_309' title='bbox 1313 2079 1347 2117; x_wconf 87' lang='grc'><strong>00</strong></span> <span class='ocrx_word' id='word_1_310' title='bbox 1379 2062 1477 2117; x_wconf 90' lang='lat' dir='ltr'><strong>merito</strong></span> <span class='ocrx_word' id='word_1_311' title='bbox 1504 2060 1607 2117; x_wconf 89' lang='lat' dir='ltr'><strong>Christi</strong></span> <span class='ocrx_word' id='word_1_312' title='bbox 1635 2064 1806 2120; x_wconf 87' lang='lat' dir='ltr'><strong>descendens</strong></span> 
     </span>
     <span class='ocr_line' id='line_1_22' title="bbox 110 2146 1805 2220; baseline -0.001 -14"><span class='ocrx_word' id='word_1_313' title='bbox 110 2156 135 2207; x_wconf 86' lang='grc'><strong>3.</strong></span> <span class='ocrx_word' id='word_1_314' title='bbox 154 2149 228 2217; x_wconf 80' lang='lat' dir='ltr'><strong>Quia</strong></span> <span class='ocrx_word' id='word_1_315' title='bbox 246 2150 282 2205; x_wconf 92' lang='lat' dir='ltr'><strong>ob</strong></span> <span class='ocrx_word' id='word_1_316' title='bbox 307 2148 468 2220; x_wconf 84' lang='lat' dir='ltr'><strong>resurgendi</strong></span> <span class='ocrx_word' id='word_1_317' title='bbox 486 2150 616 2203; x_wconf 79' lang='lat' dir='ltr'><strong>virtutem</strong></span> <span class='ocrx_word' id='word_1_318' title='bbox 636 2147 717 2202; x_wconf 91' lang='lat' dir='ltr'><strong>nobis</strong></span> <span class='ocrx_word' id='word_1_319' title='bbox 737 2153 845 2217; x_wconf 87' lang='lat' dir='ltr'><strong>partam</strong></span> <span class='ocrx_word' id='word_1_320' title='bbox 866 2146 943 2202; x_wconf 87' lang='lat' dir='ltr'><strong>Chri·</strong></span> <span class='ocrx_word' id='word_1_321' title='bbox 969 2149 1139 2219; x_wconf 88' lang='lat' dir='ltr'><strong>applioatur,</strong></span> <span class='ocrx_word' id='word_1_322' title='bbox 1171 2149 1271 2218; x_wconf 89' lang='lat' dir='ltr'><strong>utique</strong></span> <span class='ocrx_word' id='word_1_323' title='bbox 1296 2148 1378 2204; x_wconf 89' lang='lat' dir='ltr'><strong>etiam</strong></span> <span class='ocrx_word' id='word_1_324' title='bbox 1409 2148 1556 2220; x_wconf 86' lang='lat' dir='ltr'><strong>acquisitio</strong></span> <span class='ocrx_word' id='word_1_325' title='bbox 1586 2148 1675 2203; x_wconf 91' lang='lat' dir='ltr'><strong>meriti</strong></span> <span class='ocrx_word' id='word_1_326' title='bbox 1704 2149 1805 2204; x_wconf 86' lang='lat' dir='ltr'><strong>Christi</strong></span> 
     </span>
     <span class='ocr_line' id='line_1_23' title="bbox 108 2233 1806 2307; baseline -0.002 -14"><span class='ocrx_word' id='word_1_327' title='bbox 108 2242 169 2293; x_wconf 90' lang='lat' dir='ltr'><strong>stus</strong></span> <span class='ocrx_word' id='word_1_328' title='bbox 190 2243 305 2291; x_wconf 85' lang='lat' dir='ltr'><strong>vocatur</strong></span> <span class='ocrx_word' id='word_1_329' title='bbox 321 2236 383 2307; x_wconf 89' lang='lat' dir='ltr'><strong>ipsa</strong></span> <span class='ocrx_word' id='word_1_330' title='bbox 402 2235 572 2289; x_wconf 75' lang='lat' dir='ltr'><strong>ressurectio</strong></span> <span class='ocrx_word' id='word_1_331' title='bbox 591 2252 625 2287; x_wconf 86' lang='lat' dir='ltr'><strong>oo</strong></span> <span class='ocrx_word' id='word_1_332' title='bbox 641 2233 839 2303; x_wconf 77' lang='grc'><strong>0110101011,</strong></span> <span class='ocrx_word' id='word_1_333' title='bbox 859 2250 886 2288; x_wconf 82' lang='lat' dir='ltr'><strong>v.</strong></span> <span class='ocrx_word' id='word_1_334' title='bbox 901 2236 943 2288; x_wconf 92' lang='grc'><strong>25.</strong></span> <span class='ocrx_word' id='word_1_335' title='bbox 967 2241 1081 2305; x_wconf 86' lang='lat' dir='ltr'><strong>propter</strong></span> <span class='ocrx_word' id='word_1_336' title='bbox 1105 2234 1180 2305; x_wconf 89' lang='lat' dir='ltr'><strong>ipsos</strong></span> <span class='ocrx_word' id='word_1_337' title='bbox 1205 2233 1289 2290; x_wconf 87' lang='lat' dir='ltr'><strong>iacta.</strong></span> <span class='ocrx_word' id='word_1_338' title='bbox 1325 2234 1353 2290; x_wconf 85' lang='lat' dir='ltr'><strong>si</strong></span> <span class='ocrx_word' id='word_1_339' title='bbox 1384 2233 1500 2289; x_wconf 85' lang='lat' dir='ltr'><strong>effeetus</strong></span> <span class='ocrx_word' id='word_1_340' title='bbox 1521 2249 1622 2289; x_wconf 89' lang='lat' dir='ltr'><strong>causae</strong></span> <span class='ocrx_word' id='word_1_341' title='bbox 1641 2235 1806 2303; x_wconf 89' lang='lat' dir='ltr'><strong>meritoriae,</strong></span> 
     </span>
     <span class='ocr_line' id='line_1_24' title="bbox 109 2319 1807 2398; baseline -0.002 -19"><span class='ocrx_word' id='word_1_342' title='bbox 109 2322 228 2398; x_wconf 69' lang='grc' dir='ltr'><strong>ἀρχηγός</strong></span> <span class='ocrx_word' id='word_1_343' title='bbox 252 2338 286 2377; x_wconf 88' lang='lat' dir='ltr'><strong>ao</strong></span> <span class='ocrx_word' id='word_1_344' title='bbox 304 2325 362 2376; x_wconf 75' lang='lat' dir='ltr'><strong>drus</strong></span> <span class='ocrx_word' id='word_1_345' title='bbox 379 2322 454 2376; x_wconf 85' lang='lat' dir='ltr'><strong>sitne</strong></span> <span class='ocrx_word' id='word_1_346' title='bbox 472 2321 534 2375; x_wconf 85' lang='lat' dir='ltr'><strong>Aet.</strong></span> <span class='ocrx_word' id='word_1_347' title='bbox 557 2326 581 2389; x_wconf 87' lang='lat'><strong>3,</strong></span> <span class='ocrx_word' id='word_1_348' title='bbox 600 2338 626 2374; x_wconf 86' lang='lat' dir='ltr'><strong>v.</strong></span> <span class='ocrx_word' id='word_1_349' title='bbox 649 2325 689 2375; x_wconf 88' lang='grc'><strong>15.</strong></span> <span class='ocrx_word' id='word_1_350' title='bbox 709 2319 857 2389; x_wconf 83' lang='lat' dir='ltr'><strong>primitius</strong></span> <span class='ocrx_word' id='word_1_351' title='bbox 877 2322 944 2373; x_wconf 82' lang='lat' dir='ltr'><strong>dor·</strong></span> <span class='ocrx_word' id='word_1_352' title='bbox 968 2321 1051 2376; x_wconf 86' lang='lat' dir='ltr'><strong>videl</strong></span> <span class='ocrx_word' id='word_1_353' title='bbox 1079 2320 1254 2375; x_wconf 87' lang='lat' dir='ltr'><strong>resuscitatio</strong></span> <span class='ocrx_word' id='word_1_354' title='bbox 1273 2337 1307 2375; x_wconf 90' lang='lat' dir='ltr'><strong>ex</strong></span> <span class='ocrx_word' id='word_1_355' title='bbox 1334 2320 1459 2389; x_wconf 86' lang='lat' dir='ltr'><strong>mortuis,</strong></span> <span class='ocrx_word' id='word_1_356' title='bbox 1487 2326 1544 2374; x_wconf 90' lang='lat' dir='ltr'><strong>tarn</strong></span> <span class='ocrx_word' id='word_1_357' title='bbox 1571 2321 1627 2376; x_wconf 89' lang='lat' dir='ltr'><strong>late</strong></span> <span class='ocrx_word' id='word_1_358' title='bbox 1655 2328 1745 2391; x_wconf 88' lang='lat' dir='ltr'><strong>patet,</strong></span> <span class='ocrx_word' id='word_1_359' title='bbox 1774 2328 1807 2376; x_wconf 92' lang='lat' dir='ltr'><strong>ut</strong></span> 
     </span>
     <span class='ocr_line' id='line_1_25' title="bbox 107 2406 1805 2477; baseline -0.001 -13"><span class='ocrx_word' id='word_1_360' title='bbox 107 2409 250 2466; x_wconf 85' lang='lat' dir='ltr'><strong>rnientiurn</strong></span> <span class='ocrx_word' id='word_1_361' title='bbox 276 2414 298 2464; x_wconf 90' lang='grc'><strong>1.</strong></span> <span class='ocrx_word' id='word_1_362' title='bbox 316 2407 379 2463; x_wconf 87' lang='lat' dir='ltr'><strong>Cor.</strong></span> <span class='ocrx_word' id='word_1_363' title='bbox 401 2414 447 2472; x_wconf 86' lang='grc'><strong>15,</strong></span> <span class='ocrx_word' id='word_1_364' title='bbox 471 2424 497 2460; x_wconf 83' lang='grc'><strong>0.</strong></span> <span class='ocrx_word' id='word_1_365' title='bbox 517 2412 558 2462; x_wconf 81' lang='grc'><strong>20.</strong></span> <span class='ocrx_word' id='word_1_366' title='bbox 579 2407 787 2476; x_wconf 79' lang='lat' dir='ltr'><strong>primopenitus</strong></span> <span class='ocrx_word' id='word_1_367' title='bbox 813 2422 845 2459; x_wconf 81' lang='lat' dir='ltr'><strong>oe</strong></span> <span class='ocrx_word' id='word_1_368' title='bbox 869 2423 941 2460; x_wconf 89' lang='lat' dir='ltr'><strong>rnor-</strong></span> <span class='ocrx_word' id='word_1_369' title='bbox 969 2407 1044 2476; x_wconf 92' lang='lat' dir='ltr'><strong>ipsos</strong></span> <span class='ocrx_word' id='word_1_370' title='bbox 1075 2422 1186 2477; x_wconf 89' lang='lat' dir='ltr'><strong>qnoque</strong></span> <span class='ocrx_word' id='word_1_371' title='bbox 1217 2406 1317 2476; x_wconf 91' lang='lat' dir='ltr'><strong>impios</strong></span> <span class='ocrx_word' id='word_1_372' title='bbox 1351 2406 1567 2477; x_wconf 87' lang='lat' dir='ltr'><strong>complectatur,</strong></span> <span class='ocrx_word' id='word_1_373' title='bbox 1598 2406 1692 2474; x_wconf 91' lang='lat' dir='ltr'><strong>utique</strong></span> <span class='ocrx_word' id='word_1_374' title='bbox 1721 2409 1805 2462; x_wconf 88' lang='lat' dir='ltr'><strong>etiam</strong></span> 
     </span>
     <span class='ocr_line' id='line_1_26' title="bbox 108 2491 1805 2564; baseline -0.003 -13"><span class='ocrx_word' id='word_1_375' title='bbox 108 2497 164 2550; x_wconf 84' lang='lat' dir='ltr'><strong>tuis</strong></span> <span class='ocrx_word' id='word_1_376' title='bbox 184 2495 241 2551; x_wconf 93' lang='lat' dir='ltr'><strong>Col.</strong></span> <span class='ocrx_word' id='word_1_377' title='bbox 268 2499 288 2564; x_wconf 93' lang='grc'><strong>1,</strong></span> <span class='ocrx_word' id='word_1_378' title='bbox 307 2499 388 2550; x_wconf 76' lang='grc'><strong>018.</strong></span> <span class='ocrx_word' id='word_1_379' title='bbox 410 2493 497 2564; x_wconf 87' lang='lat' dir='ltr'><strong>Apoc.</strong></span> <span class='ocrx_word' id='word_1_380' title='bbox 519 2499 619 2561; x_wconf 80' lang='lat' dir='ltr'><strong>l,r.t.</strong></span> <span class='ocrx_word' id='word_1_381' title='bbox 639 2491 702 2547; x_wconf 82' lang='grc'><strong>1000</strong></span> <span class='ocrx_word' id='word_1_382' title='bbox 722 2495 833 2546; x_wconf 88' lang='lat' dir='ltr'><strong>nostrae</strong></span> <span class='ocrx_word' id='word_1_383' title='bbox 853 2507 943 2546; x_wconf 89' lang='lat' dir='ltr'><strong>resur·</strong></span> <span class='ocrx_word' id='word_1_384' title='bbox 969 2508 1061 2558; x_wconf 88' lang='lat' dir='ltr'><strong>causa,</strong></span> <span class='ocrx_word' id='word_1_385' title='bbox 1084 2492 1167 2548; x_wconf 83' lang='lat' dir='ltr'><strong>videl.</strong></span> <span class='ocrx_word' id='word_1_386' title='bbox 1188 2492 1316 2547; x_wconf 87' lang='lat' dir='ltr'><strong>meritum</strong></span> <span class='ocrx_word' id='word_1_387' title='bbox 1335 2491 1449 2560; x_wconf 87' lang='lat' dir='ltr'><strong>Christi,</strong></span> <span class='ocrx_word' id='word_1_388' title='bbox 1474 2496 1531 2546; x_wconf 88' lang='lat' dir='ltr'><strong>tam</strong></span> <span class='ocrx_word' id='word_1_389' title='bbox 1557 2491 1612 2547; x_wconf 88' lang='lat' dir='ltr'><strong>lats</strong></span> <span class='ocrx_word' id='word_1_390' title='bbox 1632 2493 1754 2562; x_wconf 84' lang='lat' dir='ltr'><strong>patebit,</strong></span> <span class='ocrx_word' id='word_1_391' title='bbox 1773 2498 1805 2547; x_wconf 93' lang='grc'><strong>00</strong></span> 
     </span>
     <span class='ocr_line' id='line_1_27' title="bbox 107 2577 1803 2650; baseline -0.003 -11"><span class='ocrx_word' id='word_1_392' title='bbox 107 2581 246 2647; x_wconf 86' lang='lat' dir='ltr'><strong>rectionis,</strong></span> <span class='ocrx_word' id='word_1_393' title='bbox 263 2580 349 2635; x_wconf 82' lang='lat' dir='ltr'><strong>clavis</strong></span> <span class='ocrx_word' id='word_1_394' title='bbox 369 2579 558 2650; x_wconf 88' lang='lat' dir='ltr'><strong>sepulcrorum</strong></span> <span class='ocrx_word' id='word_1_395' title='bbox 575 2583 740 2634; x_wconf 90' lang='lat' dir='ltr'><strong>nostrorum.</strong></span> <span class='ocrx_word' id='word_1_396' title='bbox 778 2577 881 2633; x_wconf 87' lang='lat' dir='ltr'><strong>Conier</strong></span> <span class='ocrx_word' id='word_1_397' title='bbox 899 2594 942 2643; x_wconf 90' lang='lat' dir='ltr'><strong>ea,</strong></span> <span class='ocrx_word' id='word_1_398' title='bbox 969 2578 1005 2632; x_wconf 92' lang='lat' dir='ltr'><strong>ad</strong></span> <span class='ocrx_word' id='word_1_399' title='bbox 1029 2579 1104 2648; x_wconf 92' lang='lat' dir='ltr'><strong>ipsos</strong></span> <span class='ocrx_word' id='word_1_400' title='bbox 1128 2595 1239 2649; x_wconf 88' lang='lat' dir='ltr'><strong>quoque</strong></span> <span class='ocrx_word' id='word_1_401' title='bbox 1264 2578 1363 2648; x_wconf 89' lang='lat' dir='ltr'><strong>impios</strong></span> <span class='ocrx_word' id='word_1_402' title='bbox 1389 2585 1417 2633; x_wconf 89' lang='lat' dir='ltr'><strong>st</strong></span> <span class='ocrx_word' id='word_1_403' title='bbox 1442 2578 1482 2632; x_wconf 90' lang='lat' dir='ltr'><strong>sic</strong></span> <span class='ocrx_word' id='word_1_404' title='bbox 1506 2579 1542 2633; x_wconf 90' lang='lat' dir='ltr'><strong>ad</strong></span> <span class='ocrx_word' id='word_1_405' title='bbox 1566 2596 1661 2635; x_wconf 90' lang='lat' dir='ltr'><strong>omnes</strong></span> <span class='ocrx_word' id='word_1_406' title='bbox 1678 2578 1803 2634; x_wconf 87' lang='lat' dir='ltr'><strong>homines</strong></span> 
     </span>
     <span class='ocr_line' id='line_1_28' title="bbox 108 2663 1803 2743; baseline -0.002 -18"><span class='ocrx_word' id='word_1_407' title='bbox 108 2686 181 2743; x_wconf 90' lang='lat' dir='ltr'><strong>quae</strong></span> <span class='ocrx_word' id='word_1_408' title='bbox 207 2668 243 2723; x_wconf 92' lang='lat' dir='ltr'><strong>de</strong></span> <span class='ocrx_word' id='word_1_409' title='bbox 263 2667 433 2722; x_wconf 85' lang='lat' dir='ltr'><strong>connexione</strong></span> <span class='ocrx_word' id='word_1_410' title='bbox 451 2665 523 2720; x_wconf 87' lang='lat' dir='ltr'><strong>inter</strong></span> <span class='ocrx_word' id='word_1_411' title='bbox 539 2664 768 2720; x_wconf 88' lang='lat' dir='ltr'><strong>resurrectionem</strong></span> <span class='ocrx_word' id='word_1_412' title='bbox 787 2663 891 2719; x_wconf 87' lang='lat' dir='ltr'><strong>Christi</strong></span> <span class='ocrx_word' id='word_1_413' title='bbox 909 2681 943 2719; x_wconf 89' lang='lat' dir='ltr'><strong>ac</strong></span> <span class='ocrx_word' id='word_1_414' title='bbox 968 2666 1115 2737; x_wconf 89' lang='lat' dir='ltr'><strong>pertineat.</strong></span> <span class='ocrx_word' id='word_1_415' title='bbox 1172 2664 1313 2719; x_wconf 88' lang='lat' dir='ltr'><strong>Posterior</strong></span> <span class='ocrx_word' id='word_1_416' title='bbox 1347 2665 1513 2736; x_wconf 90' lang='lat' dir='ltr'><strong>opponenda</strong></span> <span class='ocrx_word' id='word_1_417' title='bbox 1558 2672 1600 2720; x_wconf 89' lang='lat' dir='ltr'><strong>est</strong></span> <span class='ocrx_word' id='word_1_418' title='bbox 1639 2667 1803 2722; x_wconf 81' lang='lat' dir='ltr'><strong>temerariae</strong></span> 
     </span>
     <span class='ocr_line' id='line_1_29' title="bbox 108 2750 1804 2823; baseline -0.001 -16"><span class='ocrx_word' id='word_1_419' title='bbox 108 2761 230 2813; x_wconf 79' lang='lat' dir='ltr'><strong>noemam</strong></span> <span class='ocrx_word' id='word_1_420' title='bbox 256 2753 374 2808; x_wconf 87' lang='lat' dir='ltr'><strong>diximus</strong></span> <span class='ocrx_word' id='word_1_421' title='bbox 396 2752 523 2823; x_wconf 90' lang='lat' dir='ltr'><strong>superius</strong></span> <span class='ocrx_word' id='word_1_422' title='bbox 549 2750 577 2823; x_wconf 66' lang='grc' dir='ltr'><strong>ξ.</strong></span> <span class='ocrx_word' id='word_1_423' title='bbox 600 2756 639 2807; x_wconf 84' lang='grc'><strong>18.</strong></span> <span class='ocrx_word' id='word_1_424' title='bbox 680 2757 704 2807; x_wconf 83' lang='grc'><strong>1.</strong></span> <span class='ocrx_word' id='word_1_425' title='bbox 725 2751 798 2817; x_wconf 84' lang='lat' dir='ltr'><strong>Quia</strong></span> <span class='ocrx_word' id='word_1_426' title='bbox 816 2751 942 2806; x_wconf 89' lang='lat' dir='ltr'><strong>Adamus</strong></span> <span class='ocrx_word' id='word_1_427' title='bbox 969 2751 1142 2823; x_wconf 89' lang='lat' dir='ltr'><strong>quorundam</strong></span> <span class='ocrx_word' id='word_1_428' title='bbox 1167 2751 1326 2818; x_wconf 88' lang='lat' dir='ltr'><strong>assertioni,</strong></span> <span class='ocrx_word' id='word_1_429' title='bbox 1350 2752 1425 2821; x_wconf 89' lang='lat' dir='ltr'><strong>quod</strong></span> <span class='ocrx_word' id='word_1_430' title='bbox 1444 2752 1629 2806; x_wconf 84' lang='lat' dir='ltr'><strong>Caluinionus</strong></span> <span class='ocrx_word' id='word_1_431' title='bbox 1664 2768 1747 2806; x_wconf 83' lang='lat' dir='ltr'><strong>error</strong></span> <span class='ocrx_word' id='word_1_432' title='bbox 1766 2753 1804 2806; x_wconf 87' lang='lat' dir='ltr'><strong>sit</strong></span> 
     </span>
     <span class='ocr_line' id='line_1_30' title="bbox 109 2837 1804 2910; baseline -0.004 -12"><span class='ocrx_word' id='word_1_433' title='bbox 109 2847 138 2898; x_wconf 88' lang='lat' dir='ltr'><strong>et</strong></span> <span class='ocrx_word' id='word_1_434' title='bbox 157 2841 285 2898; x_wconf 87' lang='lat' dir='ltr'><strong>Christus</strong></span> <span class='ocrx_word' id='word_1_435' title='bbox 312 2839 364 2895; x_wconf 91' lang='lat' dir='ltr'><strong>sibi</strong></span> <span class='ocrx_word' id='word_1_436' title='bbox 383 2838 501 2893; x_wconf 83' lang='lat' dir='ltr'><strong>invicem</strong></span> <span class='ocrx_word' id='word_1_437' title='bbox 520 2843 698 2909; x_wconf 91' lang='lat' dir='ltr'><strong>opponuntur</strong></span> <span class='ocrx_word' id='word_1_438' title='bbox 716 2837 824 2892; x_wconf 88' lang='lat' dir='ltr'><strong>ratione</strong></span> <span class='ocrx_word' id='word_1_439' title='bbox 843 2854 889 2903; x_wconf 88' lang='lat' dir='ltr'><strong>ea,</strong></span> <span class='ocrx_word' id='word_1_440' title='bbox 911 2842 943 2891; x_wconf 93' lang='lat' dir='ltr'><strong>ut</strong></span> <span class='ocrx_word' id='word_1_441' title='bbox 968 2847 1092 2894; x_wconf 87' lang='lat' dir='ltr'><strong>statuere</strong></span> <span class='ocrx_word' id='word_1_442' title='bbox 1113 2839 1347 2893; x_wconf 81' lang='lat' dir='ltr'><strong>resurrectionem</strong></span> <span class='ocrx_word' id='word_1_443' title='bbox 1365 2837 1516 2908; x_wconf 75' lang='lat' dir='ltr'><strong>impiomrn</strong></span> <span class='ocrx_word' id='word_1_444' title='bbox 1531 2856 1588 2892; x_wconf 88' lang='lat' dir='ltr'><strong>non</strong></span> <span class='ocrx_word' id='word_1_445' title='bbox 1605 2840 1756 2910; x_wconf 79' lang='lat' dir='ltr'><strong>provenire</strong></span> <span class='ocrx_word' id='word_1_446' title='bbox 1770 2855 1804 2892; x_wconf 82' lang='lat' dir='ltr'><strong>es</strong></span> 
     </span>
     <span class='ocr_line' id='line_1_31' title="bbox 109 2924 1803 2995; baseline -0.003 -11"><span class='ocrx_word' id='word_1_447' title='bbox 109 2929 234 2985; x_wconf 79' lang='lat' dir='ltr'><strong>Adamas</strong></span> <span class='ocrx_word' id='word_1_448' title='bbox 256 2926 318 2981; x_wconf 88' lang='lat' dir='ltr'><strong>ions</strong></span> <span class='ocrx_word' id='word_1_449' title='bbox 343 2925 448 2994; x_wconf 86' lang='lat' dir='ltr'><strong>peceati</strong></span> <span class='ocrx_word' id='word_1_450' title='bbox 466 2931 496 2979; x_wconf 90' lang='lat' dir='ltr'><strong>et</strong></span> <span class='ocrx_word' id='word_1_451' title='bbox 512 2924 608 2979; x_wconf 88' lang='lat' dir='ltr'><strong>mortis</strong></span> <span class='ocrx_word' id='word_1_452' title='bbox 628 2924 657 2979; x_wconf 91' lang='lat' dir='ltr'><strong>in</strong></span> <span class='ocrx_word' id='word_1_453' title='bbox 677 2929 766 2979; x_wconf 89' lang='lat' dir='ltr'><strong>totum</strong></span> <span class='ocrx_word' id='word_1_454' title='bbox 786 2941 873 2994; x_wconf 89' lang='lat' dir='ltr'><strong>genus</strong></span> <span class='ocrx_word' id='word_1_455' title='bbox 890 2924 941 2978; x_wconf 89' lang='lat' dir='ltr'><strong>hu·</strong></span> <span class='ocrx_word' id='word_1_456' title='bbox 969 2926 1068 2981; x_wconf 85' lang='lat' dir='ltr'><strong>merito</strong></span> <span class='ocrx_word' id='word_1_457' title='bbox 1092 2925 1205 2995; x_wconf 77' lang='lat' dir='ltr'><strong>Christi,</strong></span> <span class='ocrx_word' id='word_1_458' title='bbox 1228 2927 1281 2979; x_wconf 83' lang='lat' dir='ltr'><strong>sed</strong></span> <span class='ocrx_word' id='word_1_459' title='bbox 1300 2942 1333 2979; x_wconf 80' lang='lat' dir='ltr'><strong>eu</strong></span> <span class='ocrx_word' id='word_1_460' title='bbox 1349 2924 1411 2979; x_wconf 88' lang='lat' dir='ltr'><strong>solo</strong></span> <span class='ocrx_word' id='word_1_461' title='bbox 1431 2926 1543 2978; x_wconf 83' lang='lat' dir='ltr'><strong>decreto</strong></span> <span class='ocrx_word' id='word_1_462' title='bbox 1561 2935 1587 2979; x_wconf 89' lang='lat' dir='ltr'><strong>st</strong></span> <span class='ocrx_word' id='word_1_463' title='bbox 1600 2925 1718 2994; x_wconf 85' lang='lat' dir='ltr'><strong>justitio</strong></span> <span class='ocrx_word' id='word_1_464' title='bbox 1736 2926 1803 2980; x_wconf 85' lang='lat' dir='ltr'><strong>Dei.</strong></span> 
     </span>
     <span class='ocr_line' id='line_1_32' title="bbox 110 3008 1803 3081; baseline -0.002 -12"><span class='ocrx_word' id='word_1_465' title='bbox 110 3031 223 3070; x_wconf 91' lang='lat' dir='ltr'><strong>manum</strong></span> <span class='ocrx_word' id='word_1_466' title='bbox 241 3011 409 3077; x_wconf 86' lang='lat' dir='ltr'><strong>redundans,</strong></span> <span class='ocrx_word' id='word_1_467' title='bbox 436 3010 563 3066; x_wconf 89' lang='lat' dir='ltr'><strong>Christus</strong></span> <span class='ocrx_word' id='word_1_468' title='bbox 581 3016 674 3065; x_wconf 87' lang='lat' dir='ltr'><strong>autem</strong></span> <span class='ocrx_word' id='word_1_469' title='bbox 694 3010 755 3064; x_wconf 80' lang='lat' dir='ltr'><strong>tons</strong></span> <span class='ocrx_word' id='word_1_470' title='bbox 770 3009 897 3080; x_wconf 87' lang='lat' dir='ltr'><strong>justitiae</strong></span> <span class='ocrx_word' id='word_1_471' title='bbox 915 3015 943 3065; x_wconf 90' lang='lat' dir='ltr'><strong>et</strong></span> <span class='ocrx_word' id='word_1_472' title='bbox 969 3012 1112 3080; x_wconf 79' lang='lat' dir='ltr'><strong>Quomodo</strong></span> <span class='ocrx_word' id='word_1_473' title='bbox 1142 3010 1214 3066; x_wconf 91' lang='lat' dir='ltr'><strong>enim</strong></span> <span class='ocrx_word' id='word_1_474' title='bbox 1245 3008 1437 3066; x_wconf 73' lang='lat' dir='ltr'><strong>Celsinianum</strong></span> <span class='ocrx_word' id='word_1_475' title='bbox 1463 3010 1566 3080; x_wconf 85' lang='lat' dir='ltr'><strong>dogma</strong></span> <span class='ocrx_word' id='word_1_476' title='bbox 1588 3011 1674 3066; x_wconf 88' lang='lat' dir='ltr'><strong>statui</strong></span> <span class='ocrx_word' id='word_1_477' title='bbox 1702 3016 1803 3081; x_wconf 87' lang='lat' dir='ltr'><strong>potest,</strong></span> 
     </span>
     <span class='ocr_line' id='line_1_33' title="bbox 108 3095 1803 3170; baseline -0.002 -15"><span class='ocrx_word' id='word_1_478' title='bbox 108 3100 182 3157; x_wconf 83' lang='lat' dir='ltr'><strong>vitae</strong></span> <span class='ocrx_word' id='word_1_479' title='bbox 208 3097 385 3155; x_wconf 89' lang='lat' dir='ltr'><strong>credentibus</strong></span> <span class='ocrx_word' id='word_1_480' title='bbox 410 3095 446 3152; x_wconf 90' lang='lat' dir='ltr'><strong>ah</strong></span> <span class='ocrx_word' id='word_1_481' title='bbox 472 3097 533 3168; x_wconf 90' lang='lat' dir='ltr'><strong>ipso</strong></span> <span class='ocrx_word' id='word_1_482' title='bbox 550 3095 769 3152; x_wconf 87' lang='lat' dir='ltr'><strong>communicatae</strong></span> <span class='ocrx_word' id='word_1_483' title='bbox 791 3099 940 3151; x_wconf 89' lang='lat' dir='ltr'><strong>statuatur.</strong></span> <span class='ocrx_word' id='word_1_484' title='bbox 968 3100 1048 3170; x_wconf 89' lang='lat' dir='ltr'><strong>cujus</strong></span> <span class='ocrx_word' id='word_1_485' title='bbox 1083 3097 1252 3153; x_wconf 76' lang='lat' dir='ltr'><strong>conharium</strong></span> <span class='ocrx_word' id='word_1_486' title='bbox 1283 3096 1414 3152; x_wconf 83' lang='lat' dir='ltr'><strong>Calvinus</strong></span> <span class='ocrx_word' id='word_1_487' title='bbox 1454 3095 1573 3151; x_wconf 81' lang='lat' dir='ltr'><strong>asserit?</strong></span> <span class='ocrx_word' id='word_1_488' title='bbox 1621 3096 1720 3168; x_wconf 86' lang='lat' dir='ltr'><strong>Neque</strong></span> <span class='ocrx_word' id='word_1_489' title='bbox 1758 3097 1803 3152; x_wconf 92' lang='lat' dir='ltr'><strong>hic</strong></span> 
     </span>
     <span class='ocr_line' id='line_1_34' title="bbox 108 3181 1803 3256; baseline -0.004 -12"><span class='ocrx_word' id='word_1_490' title='bbox 108 3187 187 3244; x_wconf 84' lang='lat' dir='ltr'><strong>Rom.</strong></span> <span class='ocrx_word' id='word_1_491' title='bbox 209 3193 233 3256; x_wconf 85' lang='grc'><strong>5,</strong></span> <span class='ocrx_word' id='word_1_492' title='bbox 249 3202 277 3241; x_wconf 84' lang='lat' dir='ltr'><strong>v.</strong></span> <span class='ocrx_word' id='word_1_493' title='bbox 301 3189 337 3238; x_wconf 89' lang='grc'><strong>12.</strong></span> <span class='ocrx_word' id='word_1_494' title='bbox 359 3188 387 3237; x_wconf 91' lang='grc'><strong>00</strong></span> <span class='ocrx_word' id='word_1_495' title='bbox 403 3198 480 3253; x_wconf 91' lang='lat' dir='ltr'><strong>seqq.</strong></span> <span class='ocrx_word' id='word_1_496' title='bbox 502 3188 524 3236; x_wconf 90' lang='lat'><strong>1.</strong></span> <span class='ocrx_word' id='word_1_497' title='bbox 548 3182 608 3237; x_wconf 88' lang='lat' dir='ltr'><strong>Cor.</strong></span> <span class='ocrx_word' id='word_1_498' title='bbox 628 3186 668 3249; x_wconf 88' lang='grc'><strong>15,</strong></span> <span class='ocrx_word' id='word_1_499' title='bbox 686 3200 713 3238; x_wconf 86' lang='grc'><strong>0.</strong></span> <span class='ocrx_word' id='word_1_500' title='bbox 732 3188 773 3238; x_wconf 89' lang='grc'><strong>21.</strong></span> <span class='ocrx_word' id='word_1_501' title='bbox 791 3187 819 3237; x_wconf 91' lang='grc'><strong>00</strong></span> <span class='ocrx_word' id='word_1_502' title='bbox 835 3187 877 3237; x_wconf 88' lang='grc'><strong>22.</strong></span> <span class='ocrx_word' id='word_1_503' title='bbox 968 3184 1115 3256; x_wconf 90' lang='lat' dir='ltr'><strong>quisquam</strong></span> <span class='ocrx_word' id='word_1_504' title='bbox 1135 3183 1215 3237; x_wconf 89' lang='lat' dir='ltr'><strong>nobis</strong></span> <span class='ocrx_word' id='word_1_505' title='bbox 1235 3181 1412 3254; x_wconf 70' lang='grc' dir='ltr'><strong>00110100,οι</strong></span> <span class='ocrx_word' id='word_1_506' title='bbox 1431 3181 1579 3253; x_wconf 84' lang='lat' dir='ltr'><strong>hypothesi</strong></span> <span class='ocrx_word' id='word_1_507' title='bbox 1597 3182 1653 3251; x_wconf 90' lang='lat' dir='ltr'><strong>ills,</strong></span> <span class='ocrx_word' id='word_1_508' title='bbox 1672 3183 1747 3253; x_wconf 90' lang='lat' dir='ltr'><strong>quod</strong></span> <span class='ocrx_word' id='word_1_509' title='bbox 1761 3201 1803 3239; x_wconf 90' lang='lat' dir='ltr'><strong>re·</strong></span> 
     </span>
     <span class='ocr_line' id='line_1_35' title="bbox 46 3267 1801 3340; baseline -0.003 -11"><span class='ocrx_word' id='word_1_510' title='bbox 46 3289 68 3320; x_wconf 71' lang='grc'><strong>0·</strong></span> <span class='ocrx_word' id='word_1_511' title='bbox 143 3278 185 3329; x_wconf 89' lang='grc'><strong>55.</strong></span> <span class='ocrx_word' id='word_1_512' title='bbox 204 3271 234 3326; x_wconf 87' lang='lat' dir='ltr'><strong>Si</strong></span> <span class='ocrx_word' id='word_1_513' title='bbox 252 3270 287 3326; x_wconf 91' lang='lat' dir='ltr'><strong>de</strong></span> <span class='ocrx_word' id='word_1_514' title='bbox 303 3268 506 3324; x_wconf 88' lang='lat' dir='ltr'><strong>resurrections</strong></span> <span class='ocrx_word' id='word_1_515' title='bbox 526 3268 673 3338; x_wconf 89' lang='lat' dir='ltr'><strong>impiorum</strong></span> <span class='ocrx_word' id='word_1_516' title='bbox 696 3272 724 3323; x_wconf 91' lang='grc'><strong>00</strong></span> <span class='ocrx_word' id='word_1_517' title='bbox 738 3267 941 3322; x_wconf 86' lang='lat' dir='ltr'><strong>incredulorum</strong></span> <span class='ocrx_word' id='word_1_518' title='bbox 968 3271 1101 3325; x_wconf 88' lang='lat' dir='ltr'><strong>surrectio</strong></span> <span class='ocrx_word' id='word_1_519' title='bbox 1118 3270 1266 3340; x_wconf 90' lang='lat' dir='ltr'><strong>impiorum</strong></span> <span class='ocrx_word' id='word_1_520' title='bbox 1286 3267 1433 3338; x_wconf 83' lang='lat' dir='ltr'><strong>proveniat</strong></span> <span class='ocrx_word' id='word_1_521' title='bbox 1451 3284 1486 3322; x_wconf 89' lang='grc'><strong>00</strong></span> <span class='ocrx_word' id='word_1_522' title='bbox 1505 3268 1602 3322; x_wconf 90' lang='lat' dir='ltr'><strong>merito</strong></span> <span class='ocrx_word' id='word_1_523' title='bbox 1621 3267 1733 3336; x_wconf 89' lang='lat' dir='ltr'><strong>Christi,</strong></span> <span class='ocrx_word' id='word_1_524' title='bbox 1754 3287 1801 3339; x_wconf 89' lang='lat' dir='ltr'><strong>op·</strong></span> 
     </span>
     <span class='ocr_line' id='line_1_36' title="bbox 46 3333 1802 3431; baseline -0.003 -16"><span class='ocrx_word' id='word_1_525' title='bbox 46 3333 89 3422; x_wconf 57' lang='lat'>{1²¹⁰</span> <span class='ocrx_word' id='word_1_526' title='bbox 106 3360 144 3415; x_wconf 91' lang='grc'><strong>00</strong></span> <span class='ocrx_word' id='word_1_527' title='bbox 167 3356 304 3431; x_wconf 89' lang='lat' dir='ltr'><strong>judicium</strong></span> <span class='ocrx_word' id='word_1_528' title='bbox 331 3359 497 3426; x_wconf 87' lang='lat' dir='ltr'><strong>quaeratur,</strong></span> <span class='ocrx_word' id='word_1_529' title='bbox 521 3371 558 3409; x_wconf 92' lang='lat' dir='ltr'><strong>an</strong></span> <span class='ocrx_word' id='word_1_530' title='bbox 584 3354 658 3408; x_wconf 89' lang='lat' dir='ltr'><strong>illius</strong></span> <span class='ocrx_word' id='word_1_531' title='bbox 682 3355 869 3409; x_wconf 85' lang='grc'><strong>0010000000</strong></span> <span class='ocrx_word' id='word_1_532' title='bbox 885 3370 941 3408; x_wconf 84' lang='lat' dir='ltr'><strong>ms·</strong></span> <span class='ocrx_word' id='word_1_533' title='bbox 967 3356 1088 3427; x_wconf 80' lang='lat' dir='ltr'><strong>pugnari</strong></span> <span class='ocrx_word' id='word_1_534' title='bbox 1111 3371 1194 3426; x_wconf 91' lang='lat' dir='ltr'><strong>posse</strong></span> <span class='ocrx_word' id='word_1_535' title='bbox 1216 3355 1318 3426; x_wconf 82' lang='lat' dir='ltr'><strong>dogma</strong></span> <span class='ocrx_word' id='word_1_536' title='bbox 1336 3352 1528 3409; x_wconf 73' lang='lat' dir='ltr'><strong>Celsinianum</strong></span> <span class='ocrx_word' id='word_1_537' title='bbox 1556 3353 1591 3421; x_wconf 84' lang='lat' dir='ltr'><strong>de</strong></span> <span class='ocrx_word' id='word_1_538' title='bbox 1614 3359 1718 3425; x_wconf 85' lang='lat' dir='ltr'><strong>negata</strong></span> <span class='ocrx_word' id='word_1_539' title='bbox 1742 3355 1802 3409; x_wconf 90' lang='lat' dir='ltr'><strong>uni·</strong></span> 
     </span>
    </p>
   </div>
   <div class='ocr_carea' id='block_1_3' title="bbox 46 3439 1802 3770">
    <p class='ocr_par' dir='ltr' id='par_1_3' title="bbox 46 3439 1802 3686">
     <span class='ocr_line' id='line_1_37' title="bbox 46 3439 1802 3525; baseline -0.003 -24"><span class='ocrx_word' id='word_1_540' title='bbox 46 3443 325 3525; x_wconf 48' lang='grc' dir='ltr'><strong>Ἦο11001001010οο</strong></span> <span class='ocrx_word' id='word_1_541' title='bbox 345 3441 381 3496; x_wconf 91' lang='lat' dir='ltr'><strong>sit</strong></span> <span class='ocrx_word' id='word_1_542' title='bbox 399 3441 576 3512; x_wconf 87' lang='lat' dir='ltr'><strong>assignanda,</strong></span> <span class='ocrx_word' id='word_1_543' title='bbox 594 3440 844 3496; x_wconf 78' lang='grc' dir='ltr'><strong>000100000οιιοὴο</strong></span> <span class='ocrx_word' id='word_1_544' title='bbox 859 3441 942 3495; x_wconf 90' lang='lat' dir='ltr'><strong>datur</strong></span> <span class='ocrx_word' id='word_1_545' title='bbox 967 3442 1126 3497; x_wconf 84' lang='lat' dir='ltr'><strong>versalitate</strong></span> <span class='ocrx_word' id='word_1_546' title='bbox 1149 3441 1240 3497; x_wconf 87' lang='lat' dir='ltr'><strong>meriti</strong></span> <span class='ocrx_word' id='word_1_547' title='bbox 1258 3440 1369 3496; x_wconf 89' lang='lat' dir='ltr'><strong>Christi.</strong></span> <span class='ocrx_word' id='word_1_548' title='bbox 1410 3439 1486 3510; x_wconf 87' lang='lat' dir='ltr'><strong>Ergo</strong></span> <span class='ocrx_word' id='word_1_549' title='bbox 1511 3454 1528 3492; x_wconf 90' lang='lat' dir='ltr'><strong>a</strong></span> <span class='ocrx_word' id='word_1_550' title='bbox 1553 3440 1691 3494; x_wconf 89' lang='lat' dir='ltr'><strong>contrario</strong></span> <span class='ocrx_word' id='word_1_551' title='bbox 1720 3457 1802 3496; x_wconf 87' lang='grc'><strong>00000</strong></span> 
     </span>
     <span class='ocr_line' id='line_1_38' title="bbox 46 3525 1801 3603; baseline 0.001 -24"><span class='ocrx_word' id='word_1_552' title='bbox 46 3548 92 3579; x_wconf 79' lang='lat' dir='ltr'><strong>rur·</strong></span> <span class='ocrx_word' id='word_1_553' title='bbox 106 3529 305 3603; x_wconf 83' lang='lat' dir='ltr'><strong>responsiones.</strong></span> <span class='ocrx_word' id='word_1_554' title='bbox 340 3527 471 3581; x_wconf 84' lang='lat' dir='ltr'><strong>Calvinus</strong></span> <span class='ocrx_word' id='word_1_555' title='bbox 491 3527 509 3580; x_wconf 93' lang='lat' dir='ltr'><strong>l.</strong></span> <span class='ocrx_word' id='word_1_556' title='bbox 536 3532 561 3583; x_wconf 98' lang='lat'><strong>3.</strong></span> <span class='ocrx_word' id='word_1_557' title='bbox 585 3526 649 3583; x_wconf 91' lang='lat' dir='ltr'><strong>inst.</strong></span> <span class='ocrx_word' id='word_1_558' title='bbox 673 3543 731 3599; x_wconf 85' lang='lat' dir='ltr'><strong>cap.</strong></span> <span class='ocrx_word' id='word_1_559' title='bbox 757 3532 799 3582; x_wconf 90' lang='grc'><strong>25.</strong></span> <span class='ocrx_word' id='word_1_560' title='bbox 825 3531 890 3583; x_wconf 89' lang='lat' dir='ltr'><strong>sect.</strong></span> <span class='ocrx_word' id='word_1_561' title='bbox 916 3532 939 3580; x_wconf 85' lang='grc'><strong>9,</strong></span> <span class='ocrx_word' id='word_1_562' title='bbox 968 3534 1071 3599; x_wconf 87' lang='lat' dir='ltr'><strong>negata</strong></span> <span class='ocrx_word' id='word_1_563' title='bbox 1100 3526 1149 3582; x_wconf 84' lang='lat' dir='ltr'><strong>illa</strong></span> <span class='ocrx_word' id='word_1_564' title='bbox 1174 3525 1337 3597; x_wconf 85' lang='lat' dir='ltr'><strong>hypothesi,</strong></span> <span class='ocrx_word' id='word_1_565' title='bbox 1366 3526 1439 3596; x_wconf 90' lang='lat' dir='ltr'><strong>quod</strong></span> <span class='ocrx_word' id='word_1_566' title='bbox 1465 3525 1629 3580; x_wconf 87' lang='lat' dir='ltr'><strong>resurrectio</strong></span> <span class='ocrx_word' id='word_1_567' title='bbox 1654 3525 1801 3597; x_wconf 88' lang='lat' dir='ltr'><strong>impiorum</strong></span> 
     </span>
     <span class='ocr_line' id='line_1_39' title="bbox 46 3589 1801 3686; baseline -0.002 -15"><span class='ocrx_word' id='word_1_568' title='bbox 46 3589 86 3673; x_wconf 52' lang='lat'><strong>[2¹¹⁸</strong></span> <span class='ocrx_word' id='word_1_569' title='bbox 106 3615 217 3672; x_wconf 85' lang='lat' dir='ltr'><strong>videtur</strong></span> <span class='ocrx_word' id='word_1_570' title='bbox 233 3615 380 3682; x_wconf 85' lang='lat' dir='ltr'><strong>affirmare,</strong></span> <span class='ocrx_word' id='word_1_571' title='bbox 400 3612 439 3665; x_wconf 89' lang='lat' dir='ltr'><strong>sic</strong></span> <span class='ocrx_word' id='word_1_572' title='bbox 452 3611 525 3666; x_wconf 89' lang='lat' dir='ltr'><strong>enim</strong></span> <span class='ocrx_word' id='word_1_573' title='bbox 538 3611 649 3667; x_wconf 90' lang='lat' dir='ltr'><strong>scribit:</strong></span> <span class='ocrx_word' id='word_1_574' title='bbox 670 3614 731 3665; x_wconf 92' lang='lat' dir='ltr'><strong>Nos</strong></span> <span class='ocrx_word' id='word_1_575' title='bbox 744 3614 829 3666; x_wconf 87' lang='lat' dir='ltr'><strong>totius</strong></span> <span class='ocrx_word' id='word_1_576' title='bbox 841 3613 942 3665; x_wconf 82' lang='lat' dir='ltr'><strong>mundi</strong></span> <span class='ocrx_word' id='word_1_577' title='bbox 967 3614 1113 3686; x_wconf 86' lang='lat' dir='ltr'><strong>proveniat</strong></span> <span class='ocrx_word' id='word_1_578' title='bbox 1139 3629 1172 3668; x_wconf 89' lang='grc'><strong>00</strong></span> <span class='ocrx_word' id='word_1_579' title='bbox 1197 3613 1296 3667; x_wconf 90' lang='lat' dir='ltr'><strong>merito</strong></span> <span class='ocrx_word' id='word_1_580' title='bbox 1314 3611 1432 3679; x_wconf 87' lang='lat' dir='ltr'><strong>Christi,</strong></span> <span class='ocrx_word' id='word_1_581' title='bbox 1460 3611 1639 3666; x_wconf 89' lang='lat' dir='ltr'><strong>asserendum</strong></span> <span class='ocrx_word' id='word_1_582' title='bbox 1661 3612 1801 3668; x_wconf 69' lang='grc'><strong>0000001-</strong></span> 
     </span>
    </p>

    <p class='ocr_par' dir='ltr' id='par_1_4' title="bbox 104 3697 1802 3770">
     <span class='ocr_line' id='line_1_40' title="bbox 104 3697 1802 3770; baseline -0.002 -13"><span class='ocrx_word' id='word_1_583' title='bbox 104 3702 261 3757; x_wconf 79' lang='lat' dir='ltr'><strong>hereditate</strong></span> <span class='ocrx_word' id='word_1_584' title='bbox 289 3701 392 3754; x_wconf 87' lang='lat' dir='ltr'><strong>scimus</strong></span> <span class='ocrx_word' id='word_1_585' title='bbox 424 3701 454 3753; x_wconf 84' lang='lat' dir='ltr'><strong>in</strong></span> <span class='ocrx_word' id='word_1_586' title='bbox 486 3699 583 3751; x_wconf 83' lang='lat' dir='ltr'><strong>Adam</strong></span> <span class='ocrx_word' id='word_1_587' title='bbox 604 3698 693 3759; x_wconf 73' lang='grc'><strong>101000</strong></span> <span class='ocrx_word' id='word_1_588' title='bbox 718 3699 863 3769; x_wconf 85' lang='lat' dir='ltr'><strong>privatos,</strong></span> <span class='ocrx_word' id='word_1_589' title='bbox 890 3715 940 3751; x_wconf 85' lang='lat' dir='ltr'><strong>neo</strong></span> <span class='ocrx_word' id='word_1_590' title='bbox 966 3701 1108 3756; x_wconf 71' lang='lat' dir='ltr'><strong>cinianum</strong></span> <span class='ocrx_word' id='word_1_591' title='bbox 1138 3700 1239 3770; x_wconf 85' lang='lat' dir='ltr'><strong>dogma</strong></span> <span class='ocrx_word' id='word_1_592' title='bbox 1274 3698 1309 3753; x_wconf 90' lang='grc'><strong>00</strong></span> <span class='ocrx_word' id='word_1_593' title='bbox 1338 3704 1441 3769; x_wconf 90' lang='lat' dir='ltr'><strong>negata</strong></span> <span class='ocrx_word' id='word_1_594' title='bbox 1472 3697 1680 3753; x_wconf 82' lang='lat' dir='ltr'><strong>universalitate</strong></span> <span class='ocrx_word' id='word_1_595' title='bbox 1711 3698 1802 3754; x_wconf 89' lang='lat' dir='ltr'><strong>meriti</strong></span> 
     </span>
    </p>
   </div>
   <div class='ocr_carea' id='block_1_4' title="bbox 97 3783 1936 5492">
    <p class='ocr_par' dir='ltr' id='par_1_5' title="bbox 103 3783 1803 3943">
     <span class='ocr_line' id='line_1_41' title="bbox 105 3783 1802 3855; baseline -0.003 -12"><span class='ocrx_word' id='word_1_596' title='bbox 105 3789 197 3843; x_wconf 87' lang='lat' dir='ltr'><strong>minus</strong></span> <span class='ocrx_word' id='word_1_597' title='bbox 215 3803 308 3855; x_wconf 81' lang='lat' dir='ltr'><strong>aequo</strong></span> <span class='ocrx_word' id='word_1_598' title='bbox 327 3786 436 3839; x_wconf 84' lang='lat' dir='ltr'><strong>ratione</strong></span> <span class='ocrx_word' id='word_1_599' title='bbox 454 3784 490 3836; x_wconf 80' lang='lat' dir='ltr'><strong>ab</strong></span> <span class='ocrx_word' id='word_1_600' title='bbox 513 3783 654 3836; x_wconf 87' lang='lat' dir='ltr'><strong>alimentis</strong></span> <span class='ocrx_word' id='word_1_601' title='bbox 679 3785 867 3838; x_wconf 83' lang='lat' dir='ltr'><strong>eonsmunibus</strong></span> <span class='ocrx_word' id='word_1_602' title='bbox 889 3802 940 3839; x_wconf 84' lang='lat' dir='ltr'><strong>nos</strong></span> <span class='ocrx_word' id='word_1_603' title='bbox 967 3787 1078 3843; x_wconf 87' lang='lat' dir='ltr'><strong>Christi.</strong></span> <span class='ocrx_word' id='word_1_604' title='bbox 1118 3787 1170 3840; x_wconf 85' lang='lat' dir='ltr'><strong>Est</strong></span> <span class='ocrx_word' id='word_1_605' title='bbox 1200 3785 1274 3839; x_wconf 89' lang='lat' dir='ltr'><strong>enim</strong></span> <span class='ocrx_word' id='word_1_606' title='bbox 1303 3783 1399 3854; x_wconf 90' lang='lat' dir='ltr'><strong>dispar</strong></span> <span class='ocrx_word' id='word_1_607' title='bbox 1431 3783 1512 3842; x_wconf 85' lang='lat' dir='ltr'><strong>ratio.</strong></span> <span class='ocrx_word' id='word_1_608' title='bbox 1547 3783 1589 3837; x_wconf 85' lang='lat' dir='ltr'><strong>Ex</strong></span> <span class='ocrx_word' id='word_1_609' title='bbox 1616 3783 1802 3854; x_wconf 89' lang='lat' dir='ltr'><strong>applicatione</strong></span> 
     </span>
     <span class='ocr_line' id='line_1_42' title="bbox 103 3870 1803 3943; baseline -0.001 -14"><span class='ocrx_word' id='word_1_610' title='bbox 103 3875 201 3930; x_wconf 85' lang='lat' dir='ltr'><strong>areeri</strong></span> <span class='ocrx_word' id='word_1_611' title='bbox 219 3890 301 3943; x_wconf 70' lang='lat' dir='ltr'><strong>qurum</strong></span> <span class='ocrx_word' id='word_1_612' title='bbox 321 3873 357 3926; x_wconf 85' lang='lat' dir='ltr'><strong>ab</strong></span> <span class='ocrx_word' id='word_1_613' title='bbox 375 3889 422 3926; x_wconf 88' lang='lat' dir='ltr'><strong>esu</strong></span> <span class='ocrx_word' id='word_1_614' title='bbox 444 3871 557 3926; x_wconf 79' lang='lat' dir='ltr'><strong>arboris</strong></span> <span class='ocrx_word' id='word_1_615' title='bbox 575 3870 656 3926; x_wconf 79' lang='grc'><strong>01100.</strong></span> <span class='ocrx_word' id='word_1_616' title='bbox 691 3871 770 3925; x_wconf 82' lang='lat' dir='ltr'><strong>Unde</strong></span> <span class='ocrx_word' id='word_1_617' title='bbox 790 3872 880 3939; x_wconf 79' lang='lat' dir='ltr'><strong>r&#39;pitnr</strong></span> <span class='ocrx_word' id='word_1_618' title='bbox 893 3874 939 3939; x_wconf 83' lang='lat' dir='ltr'><strong>fit,</strong></span> <span class='ocrx_word' id='word_1_619' title='bbox 965 3873 1055 3928; x_wconf 87' lang='lat' dir='ltr'><strong>meriti</strong></span> <span class='ocrx_word' id='word_1_620' title='bbox 1079 3879 1154 3928; x_wconf 87' lang='lat' dir='ltr'><strong>recte</strong></span> <span class='ocrx_word' id='word_1_621' title='bbox 1171 3871 1260 3926; x_wconf 85' lang='lat' dir='ltr'><strong>iniero</strong></span> <span class='ocrx_word' id='word_1_622' title='bbox 1278 3870 1508 3942; x_wconf 89' lang='lat' dir='ltr'><strong>acquisitionem,</strong></span> <span class='ocrx_word' id='word_1_623' title='bbox 1534 3871 1583 3926; x_wconf 90' lang='lat' dir='ltr'><strong>sed</strong></span> <span class='ocrx_word' id='word_1_624' title='bbox 1603 3887 1636 3924; x_wconf 87' lang='lat' dir='ltr'><strong>ex</strong></span> <span class='ocrx_word' id='word_1_625' title='bbox 1654 3871 1803 3942; x_wconf 79' lang='lat' dir='ltr'><strong>negatione</strong></span> 
     </span>
    </p>

    <p class='ocr_par' dir='ltr' id='par_1_6' title="bbox 97 3956 1936 4545">
     <span class='ocr_line' id='line_1_43' title="bbox 102 3956 1802 4030; baseline -0.004 -14"><span class='ocrx_word' id='word_1_626' title='bbox 102 3970 134 4016; x_wconf 88' lang='lat' dir='ltr'><strong>ut</strong></span> <span class='ocrx_word' id='word_1_627' title='bbox 153 3964 233 4015; x_wconf 85' lang='lat' dir='ltr'><strong>Deus</strong></span> <span class='ocrx_word' id='word_1_628' title='bbox 258 3977 314 4014; x_wconf 90' lang='lat' dir='ltr'><strong>non</strong></span> <span class='ocrx_word' id='word_1_629' title='bbox 332 3959 424 4012; x_wconf 86' lang='lat' dir='ltr'><strong>solum</strong></span> <span class='ocrx_word' id='word_1_630' title='bbox 442 3958 517 4011; x_wconf 86' lang='lat' dir='ltr'><strong>oriri</strong></span> <span class='ocrx_word' id='word_1_631' title='bbox 538 3957 633 4021; x_wconf 80' lang='lat' dir='ltr'><strong>faciut</strong></span> <span class='ocrx_word' id='word_1_632' title='bbox 649 3957 735 4011; x_wconf 88' lang='lat' dir='ltr'><strong>solem</strong></span> <span class='ocrx_word' id='word_1_633' title='bbox 753 3975 833 4010; x_wconf 87' lang='lat' dir='ltr'><strong>suum</strong></span> <span class='ocrx_word' id='word_1_634' title='bbox 853 3975 938 4027; x_wconf 83' lang='lat' dir='ltr'><strong>super</strong></span> <span class='ocrx_word' id='word_1_635' title='bbox 965 3957 1162 4030; x_wconf 88' lang='lat' dir='ltr'><strong>applicationis</strong></span> <span class='ocrx_word' id='word_1_636' title='bbox 1190 3974 1245 4012; x_wconf 92' lang='lat' dir='ltr'><strong>non</strong></span> <span class='ocrx_word' id='word_1_637' title='bbox 1262 3974 1375 4029; x_wconf 89' lang='lat' dir='ltr'><strong>possum</strong></span> <span class='ocrx_word' id='word_1_638' title='bbox 1394 3956 1496 4013; x_wconf 84' lang='lat' dir='ltr'><strong>inferre</strong></span> <span class='ocrx_word' id='word_1_639' title='bbox 1515 3957 1692 4028; x_wconf 87' lang='lat' dir='ltr'><strong>negationem</strong></span> <span class='ocrx_word' id='word_1_640' title='bbox 1708 3957 1802 4027; x_wconf 90' lang='lat' dir='ltr'><strong>acqui-</strong></span> 
     </span>
     <span class='ocr_line' id='line_1_44' title="bbox 103 4042 1800 4114; baseline 0 -16"><span class='ocrx_word' id='word_1_641' title='bbox 103 4049 189 4102; x_wconf 74' lang='grc'><strong>00000</strong></span> <span class='ocrx_word' id='word_1_642' title='bbox 213 4053 239 4100; x_wconf 89' lang='lat' dir='ltr'><strong>et</strong></span> <span class='ocrx_word' id='word_1_643' title='bbox 263 4046 367 4113; x_wconf 79' lang='grc'><strong>000100,</strong></span> <span class='ocrx_word' id='word_1_644' title='bbox 400 4045 452 4097; x_wconf 87' lang='lat' dir='ltr'><strong>sed</strong></span> <span class='ocrx_word' id='word_1_645' title='bbox 477 4044 573 4114; x_wconf 77' lang='lat' dir='ltr'><strong>quoad</strong></span> <span class='ocrx_word' id='word_1_646' title='bbox 593 4047 754 4111; x_wconf 84' lang='lat' dir='ltr'><strong>proesentis</strong></span> <span class='ocrx_word' id='word_1_647' title='bbox 777 4044 852 4097; x_wconf 86' lang='lat' dir='ltr'><strong>uitae</strong></span> <span class='ocrx_word' id='word_1_648' title='bbox 870 4060 938 4096; x_wconf 83' lang='grc'><strong>0000</strong></span> <span class='ocrx_word' id='word_1_649' title='bbox 964 4045 1079 4110; x_wconf 90' lang='grc'><strong>01110010,</strong></span> <span class='ocrx_word' id='word_1_650' title='bbox 1096 4060 1159 4098; x_wconf 89' lang='grc'><strong>000</strong></span> <span class='ocrx_word' id='word_1_651' title='bbox 1178 4043 1323 4114; x_wconf 90' lang='lat' dir='ltr'><strong>acquisitio</strong></span> <span class='ocrx_word' id='word_1_652' title='bbox 1335 4043 1419 4097; x_wconf 87' lang='lat' dir='ltr'><strong>latius</strong></span> <span class='ocrx_word' id='word_1_653' title='bbox 1432 4048 1528 4113; x_wconf 88' lang='lat' dir='ltr'><strong>pateat</strong></span> <span class='ocrx_word' id='word_1_654' title='bbox 1541 4059 1624 4113; x_wconf 87' lang='lat' dir='ltr'><strong>quam</strong></span> <span class='ocrx_word' id='word_1_655' title='bbox 1638 4042 1800 4113; x_wconf 86' lang='lat' dir='ltr'><strong>applicatio.</strong></span> 
     </span>
     <span class='ocr_line' id='line_1_45' title="bbox 103 4127 1904 4201; baseline 0 -15"><span class='ocrx_word' id='word_1_656' title='bbox 103 4132 317 4187; x_wconf 73' lang='lat' dir='ltr'><strong>inaestimabilis</strong></span> <span class='ocrx_word' id='word_1_657' title='bbox 342 4130 404 4199; x_wconf 86' lang='lat' dir='ltr'><strong>ejus</strong></span> <span class='ocrx_word' id='word_1_658' title='bbox 428 4128 588 4182; x_wconf 78' lang='lat' dir='ltr'><strong>liberalitas</strong></span> <span class='ocrx_word' id='word_1_659' title='bbox 616 4128 701 4197; x_wconf 75' lang='lat' dir='ltr'><strong>torpe</strong></span> <span class='ocrx_word' id='word_1_660' title='bbox 720 4128 803 4198; x_wconf 87' lang='lat' dir='ltr'><strong>copia</strong></span> <span class='ocrx_word' id='word_1_661' title='bbox 822 4130 937 4182; x_wconf 82' lang='lat' dir='ltr'><strong>assidue</strong></span> <span class='ocrx_word' id='word_1_662' title='bbox 999 4137 1040 4186; x_wconf 89' lang='grc'><strong>50.</strong></span> <span class='ocrx_word' id='word_1_663' title='bbox 1074 4129 1231 4201; x_wconf 82' lang='lat' dir='ltr'><strong>Negantsm</strong></span> <span class='ocrx_word' id='word_1_664' title='bbox 1260 4128 1430 4201; x_wconf 88' lang='lat' dir='ltr'><strong>quaestionis</strong></span> <span class='ocrx_word' id='word_1_665' title='bbox 1462 4134 1570 4199; x_wconf 88' lang='lat' dir='ltr'><strong>partem</strong></span> <span class='ocrx_word' id='word_1_666' title='bbox 1603 4127 1730 4198; x_wconf 89' lang='lat' dir='ltr'><strong>plerique</strong></span> <span class='ocrx_word' id='word_1_667' title='bbox 1765 4146 1798 4184; x_wconf 86' lang='grc'><strong>00</strong></span> <span class='ocrx_word' id='word_1_668' title='bbox 1812 4137 1904 4186; x_wconf 68' lang='lat' dir='ltr'><strong>Nesse·</strong></span> 
     </span>
     <span class='ocr_line' id='line_1_46' title="bbox 97 4190 1936 4288; baseline -0.003 -15"><span class='ocrx_word' id='word_1_669' title='bbox 97 4219 247 4288; x_wconf 74' lang='lat' dir='ltr'><strong>profluat!</strong></span> <span class='ocrx_word' id='word_1_670' title='bbox 276 4216 353 4270; x_wconf 87' lang='lat' dir='ltr'><strong>Hine</strong></span> <span class='ocrx_word' id='word_1_671' title='bbox 380 4220 453 4268; x_wconf 87' lang='lat' dir='ltr'><strong>corte</strong></span> <span class='ocrx_word' id='word_1_672' title='bbox 481 4213 685 4282; x_wconf 79' lang='lat' dir='ltr'><strong>eopnosoirnus,</strong></span> <span class='ocrx_word' id='word_1_673' title='bbox 714 4231 786 4283; x_wconf 82' lang='lat' dir='ltr'><strong>quae</strong></span> <span class='ocrx_word' id='word_1_674' title='bbox 811 4215 936 4284; x_wconf 85' lang='lat' dir='ltr'><strong>proprio</strong></span> <span class='ocrx_word' id='word_1_675' title='bbox 961 4217 1062 4272; x_wconf 91' lang='lat' dir='ltr'><strong>nostris</strong></span> <span class='ocrx_word' id='word_1_676' title='bbox 1089 4215 1228 4288; x_wconf 89' lang='lat' dir='ltr'><strong>theologis</strong></span> <span class='ocrx_word' id='word_1_677' title='bbox 1252 4215 1472 4287; x_wconf 88' lang='lat' dir='ltr'><strong>amplectuntur,</strong></span> <span class='ocrx_word' id='word_1_678' title='bbox 1503 4229 1619 4283; x_wconf 87' lang='lat' dir='ltr'><strong>quorum</strong></span> <span class='ocrx_word' id='word_1_679' title='bbox 1647 4214 1800 4271; x_wconf 89' lang='lat' dir='ltr'><strong>sententiae</strong></span> <span class='ocrx_word' id='word_1_680' title='bbox 1812 4190 1936 4280; x_wconf 45' lang='grc' dir='ltr'><strong>1ῐὲῗῇ</strong></span> 
     </span>
     <span class='ocr_line' id='line_1_47' title="bbox 101 4298 1902 4395; baseline -0.003 -36"><span class='ocrx_word' id='word_1_681' title='bbox 101 4311 165 4359; x_wconf 89' lang='lat' dir='ltr'><strong>sunt</strong></span> <span class='ocrx_word' id='word_1_682' title='bbox 181 4302 290 4358; x_wconf 77' lang='lat' dir='ltr'><strong>Christi</strong></span> <span class='ocrx_word' id='word_1_683' title='bbox 307 4310 333 4356; x_wconf 90' lang='lat' dir='ltr'><strong>et</strong></span> <span class='ocrx_word' id='word_1_684' title='bbox 358 4300 540 4354; x_wconf 79' lang='lat' dir='ltr'><strong>membrorum</strong></span> <span class='ocrx_word' id='word_1_685' title='bbox 559 4300 620 4368; x_wconf 83' lang='lat' dir='ltr'><strong>ejus</strong></span> <span class='ocrx_word' id='word_1_686' title='bbox 643 4301 685 4352; x_wconf 86' lang='lat' dir='ltr'><strong>ad</strong></span> <span class='ocrx_word' id='word_1_687' title='bbox 707 4299 809 4371; x_wconf 84' lang='lat' dir='ltr'><strong>impios</strong></span> <span class='ocrx_word' id='word_1_688' title='bbox 828 4316 936 4370; x_wconf 73' lang='lat' dir='ltr'><strong>quaeque</strong></span> <span class='ocrx_word' id='word_1_689' title='bbox 961 4303 1100 4360; x_wconf 86' lang='lat' dir='ltr'><strong>accedunt</strong></span> <span class='ocrx_word' id='word_1_690' title='bbox 1137 4319 1171 4358; x_wconf 87' lang='lat' dir='ltr'><strong>ex</strong></span> <span class='ocrx_word' id='word_1_691' title='bbox 1202 4302 1270 4373; x_wconf 90' lang='lat' dir='ltr'><strong>ipsis</strong></span> <span class='ocrx_word' id='word_1_692' title='bbox 1304 4300 1473 4356; x_wconf 79' lang='lat' dir='ltr'><strong>Celsinianis</strong></span> <span class='ocrx_word' id='word_1_693' title='bbox 1506 4298 1589 4356; x_wconf 88' lang='lat' dir='ltr'><strong>Zach.</strong></span> <span class='ocrx_word' id='word_1_694' title='bbox 1624 4299 1739 4356; x_wconf 89' lang='lat' dir='ltr'><strong>Ursinus</strong></span> <span class='ocrx_word' id='word_1_695' title='bbox 1770 4300 1799 4356; x_wconf 91' lang='lat' dir='ltr'><strong>in</strong></span> <span class='ocrx_word' id='word_1_696' title='bbox 1812 4300 1902 4395; x_wconf 46' lang='lat'><strong>:13⁰2</strong></span> 
     </span>
     <span class='ocr_line' id='line_1_48' title="bbox 102 4384 1883 4460; baseline -0.007 -14"><span class='ocrx_word' id='word_1_697' title='bbox 102 4392 259 4458; x_wconf 74' lang='grc'><strong>0010001000,</strong></span> <span class='ocrx_word' id='word_1_698' title='bbox 286 4405 341 4442; x_wconf 90' lang='lat' dir='ltr'><strong>non</strong></span> <span class='ocrx_word' id='word_1_699' title='bbox 366 4395 398 4440; x_wconf 85' lang='lat' dir='ltr'><strong>ut</strong></span> <span class='ocrx_word' id='word_1_700' title='bbox 422 4385 548 4454; x_wconf 76' lang='lat' dir='ltr'><strong>lepitima</strong></span> <span class='ocrx_word' id='word_1_701' title='bbox 574 4386 612 4438; x_wconf 86' lang='lat' dir='ltr'><strong>sit</strong></span> <span class='ocrx_word' id='word_1_702' title='bbox 627 4386 786 4455; x_wconf 81' lang='lat' dir='ltr'><strong>possessio,</strong></span> <span class='ocrx_word' id='word_1_703' title='bbox 810 4388 864 4439; x_wconf 86' lang='lat' dir='ltr'><strong>sed</strong></span> <span class='ocrx_word' id='word_1_704' title='bbox 881 4402 935 4455; x_wconf 75' lang='lat' dir='ltr'><strong>quo</strong></span> <span class='ocrx_word' id='word_1_705' title='bbox 962 4388 1061 4460; x_wconf 86' lang='lat' dir='ltr'><strong>explic.</strong></span> <span class='ocrx_word' id='word_1_706' title='bbox 1083 4388 1190 4445; x_wconf 82' lang='lat' dir='ltr'><strong>catech.</strong></span> <span class='ocrx_word' id='word_1_707' title='bbox 1215 4393 1288 4458; x_wconf 84' lang='lat' dir='ltr'><strong>part.</strong></span> <span class='ocrx_word' id='word_1_708' title='bbox 1317 4390 1340 4440; x_wconf 87' lang='grc'><strong>2.</strong></span> <span class='ocrx_word' id='word_1_709' title='bbox 1370 4402 1396 4457; x_wconf 92' lang='lat' dir='ltr'><strong>q.</strong></span> <span class='ocrx_word' id='word_1_710' title='bbox 1425 4391 1466 4441; x_wconf 87' lang='grc'><strong>51.</strong></span> <span class='ocrx_word' id='word_1_711' title='bbox 1491 4401 1555 4456; x_wconf 88' lang='lat' dir='ltr'><strong>pag.</strong></span> <span class='ocrx_word' id='word_1_712' title='bbox 1577 4389 1636 4441; x_wconf 84' lang='grc'><strong>431.</strong></span> <span class='ocrx_word' id='word_1_713' title='bbox 1669 4384 1883 4442; x_wconf 71' lang='lat' dir='ltr'><strong>Bucanususss.</strong></span> 
     </span>
     <span class='ocr_line' id='line_1_49' title="bbox 103 4470 1799 4545; baseline -0.001 -14"><span class='ocrx_word' id='word_1_714' title='bbox 103 4478 193 4545; x_wconf 77' lang='lat' dir='ltr'><strong>napis</strong></span> <span class='ocrx_word' id='word_1_715' title='bbox 216 4476 377 4529; x_wconf 70' lang='lat' dir='ltr'><strong>redderetur</strong></span> <span class='ocrx_word' id='word_1_716' title='bbox 404 4471 609 4528; x_wconf 74' lang='lat' dir='ltr'><strong>inaccusabiles</strong></span> <span class='ocrx_word' id='word_1_717' title='bbox 632 4478 682 4525; x_wconf 88' lang='lat' dir='ltr'><strong>etc.</strong></span> <span class='ocrx_word' id='word_1_718' title='bbox 721 4471 757 4525; x_wconf 77' lang='lat' dir='ltr'><strong>si</strong></span> <span class='ocrx_word' id='word_1_719' title='bbox 778 4471 841 4541; x_wconf 73' lang='lat' dir='ltr'><strong>qush</strong></span> <span class='ocrx_word' id='word_1_720' title='bbox 865 4471 936 4525; x_wconf 82' lang='lat' dir='ltr'><strong>oroi·</strong></span> <span class='ocrx_word' id='word_1_721' title='bbox 961 4475 990 4529; x_wconf 95' lang='lat' dir='ltr'><strong>in</strong></span> <span class='ocrx_word' id='word_1_722' title='bbox 1015 4475 1067 4530; x_wconf 90' lang='lat' dir='ltr'><strong>loc.</strong></span> <span class='ocrx_word' id='word_1_723' title='bbox 1094 4478 1135 4531; x_wconf 84' lang='grc'><strong>31.</strong></span> <span class='ocrx_word' id='word_1_724' title='bbox 1162 4491 1226 4545; x_wconf 90' lang='lat' dir='ltr'><strong>pag.</strong></span> <span class='ocrx_word' id='word_1_725' title='bbox 1246 4478 1305 4528; x_wconf 82' lang='grc'><strong>119.</strong></span> <span class='ocrx_word' id='word_1_726' title='bbox 1334 4471 1442 4541; x_wconf 87' lang='lat' dir='ltr'><strong>Martyr</strong></span> <span class='ocrx_word' id='word_1_727' title='bbox 1468 4471 1548 4526; x_wconf 88' lang='lat' dir='ltr'><strong>class.</strong></span> <span class='ocrx_word' id='word_1_728' title='bbox 1567 4476 1591 4526; x_wconf 83' lang='grc'><strong>3.</strong></span> <span class='ocrx_word' id='word_1_729' title='bbox 1610 4470 1661 4526; x_wconf 88' lang='grc'><strong>100.</strong></span> <span class='ocrx_word' id='word_1_730' title='bbox 1678 4487 1737 4542; x_wconf 86' lang='lat' dir='ltr'><strong>cap.</strong></span> <span class='ocrx_word' id='word_1_731' title='bbox 1760 4479 1799 4530; x_wconf 86' lang='grc'><strong>17.</strong></span> 
     </span>
    </p>

    <p class='ocr_par' dir='ltr' id='par_1_7' title="bbox 97 4555 1798 4634">
     <span class='ocr_line' id='line_1_50' title="bbox 97 4555 1798 4634; baseline -0.003 -17"><span class='ocrx_word' id='word_1_732' title='bbox 97 4564 177 4634; x_wconf 83' lang='lat' dir='ltr'><strong>piot,</strong></span> <span class='ocrx_word' id='word_1_733' title='bbox 202 4560 318 4615; x_wconf 83' lang='lat' dir='ltr'><strong>oeduois</strong></span> <span class='ocrx_word' id='word_1_734' title='bbox 342 4566 368 4613; x_wconf 87' lang='lat' dir='ltr'><strong>et</strong></span> <span class='ocrx_word' id='word_1_735' title='bbox 391 4558 513 4614; x_wconf 87' lang='lat' dir='ltr'><strong>terrenis</strong></span> <span class='ocrx_word' id='word_1_736' title='bbox 537 4557 676 4621; x_wconf 71' lang='lat' dir='ltr'><strong>benefieiis</strong></span> <span class='ocrx_word' id='word_1_737' title='bbox 703 4557 936 4611; x_wconf 79' lang='lat' dir='ltr'><strong>resurrectionem</strong></span> <span class='ocrx_word' id='word_1_738' title='bbox 961 4578 988 4615; x_wconf 89' lang='lat' dir='ltr'><strong>n.</strong></span> <span class='ocrx_word' id='word_1_739' title='bbox 1008 4566 1030 4614; x_wconf 83' lang='lat' dir='ltr'><strong>t.</strong></span> <span class='ocrx_word' id='word_1_740' title='bbox 1055 4576 1119 4631; x_wconf 87' lang='lat' dir='ltr'><strong>pag.</strong></span> <span class='ocrx_word' id='word_1_741' title='bbox 1140 4565 1198 4615; x_wconf 81' lang='grc'><strong>131.</strong></span> <span class='ocrx_word' id='word_1_742' title='bbox 1230 4557 1352 4613; x_wconf 89' lang='lat' dir='ltr'><strong>Polanus</strong></span> <span class='ocrx_word' id='word_1_743' title='bbox 1380 4556 1409 4610; x_wconf 92' lang='lat' dir='ltr'><strong>in</strong></span> <span class='ocrx_word' id='word_1_744' title='bbox 1429 4555 1538 4626; x_wconf 89' lang='lat' dir='ltr'><strong>symph.</strong></span> <span class='ocrx_word' id='word_1_745' title='bbox 1558 4556 1659 4612; x_wconf 89' lang='lat' dir='ltr'><strong>cathol.</strong></span> <span class='ocrx_word' id='word_1_746' title='bbox 1677 4574 1738 4627; x_wconf 87' lang='lat' dir='ltr'><strong>cap.</strong></span> <span class='ocrx_word' id='word_1_747' title='bbox 1757 4563 1798 4614; x_wconf 82' lang='lat'><strong>3⁰.</strong></span> 
     </span>
    </p>

    <p class='ocr_par' dir='ltr' id='par_1_8' title="bbox 100 4641 1800 4887">
     <span class='ocr_line' id='line_1_51' title="bbox 102 4641 1800 4717; baseline -0.004 -14"><span class='ocrx_word' id='word_1_748' title='bbox 102 4667 158 4703; x_wconf 89' lang='lat' dir='ltr'><strong>non</strong></span> <span class='ocrx_word' id='word_1_749' title='bbox 192 4654 256 4717; x_wconf 86' lang='lat' dir='ltr'><strong>opto</strong></span> <span class='ocrx_word' id='word_1_750' title='bbox 286 4644 430 4712; x_wconf 75' lang='lat' dir='ltr'><strong>conferri,</strong></span> <span class='ocrx_word' id='word_1_751' title='bbox 462 4643 508 4697; x_wconf 85' lang='lat' dir='ltr'><strong>iric</strong></span> <span class='ocrx_word' id='word_1_752' title='bbox 545 4659 653 4714; x_wconf 84' lang='lat' dir='ltr'><strong>qnoque</strong></span> <span class='ocrx_word' id='word_1_753' title='bbox 683 4644 852 4713; x_wconf 83' lang='lat' dir='ltr'><strong>respondeo,</strong></span> <span class='ocrx_word' id='word_1_754' title='bbox 888 4642 938 4695; x_wconf 83' lang='lat' dir='ltr'><strong>uti</strong></span> <span class='ocrx_word' id='word_1_755' title='bbox 960 4646 999 4700; x_wconf 90' lang='lat' dir='ltr'><strong>th.</strong></span> <span class='ocrx_word' id='word_1_756' title='bbox 1025 4651 1048 4700; x_wconf 86' lang='lat'><strong>3.</strong></span> <span class='ocrx_word' id='word_1_757' title='bbox 1077 4661 1141 4716; x_wconf 88' lang='lat' dir='ltr'><strong>pag.</strong></span> <span class='ocrx_word' id='word_1_758' title='bbox 1172 4648 1230 4699; x_wconf 82' lang='grc'><strong>016.</strong></span> <span class='ocrx_word' id='word_1_759' title='bbox 1257 4648 1286 4698; x_wconf 92' lang='grc'><strong>00</strong></span> <span class='ocrx_word' id='word_1_760' title='bbox 1313 4642 1342 4696; x_wconf 88' lang='grc'><strong>10</strong></span> <span class='ocrx_word' id='word_1_761' title='bbox 1361 4647 1470 4712; x_wconf 87' lang='lat' dir='ltr'><strong>syntag.</strong></span> <span class='ocrx_word' id='word_1_762' title='bbox 1488 4641 1574 4699; x_wconf 87' lang='lat' dir='ltr'><strong>theol.</strong></span> <span class='ocrx_word' id='word_1_763' title='bbox 1597 4643 1615 4698; x_wconf 95' lang='lat' dir='ltr'><strong>l.</strong></span> <span class='ocrx_word' id='word_1_764' title='bbox 1634 4649 1658 4698; x_wconf 90' lang='grc'><strong>0.</strong></span> <span class='ocrx_word' id='word_1_765' title='bbox 1677 4660 1737 4714; x_wconf 88' lang='lat' dir='ltr'><strong>cap.</strong></span> <span class='ocrx_word' id='word_1_766' title='bbox 1757 4647 1800 4699; x_wconf 86' lang='grc'><strong>60.</strong></span> 
     </span>
     <span class='ocr_line' id='line_1_52' title="bbox 100 4727 1798 4804; baseline -0.004 -16"><span class='ocrx_word' id='word_1_767' title='bbox 100 4735 224 4804; x_wconf 87' lang='lat' dir='ltr'><strong>primurn</strong></span> <span class='ocrx_word' id='word_1_768' title='bbox 249 4731 371 4786; x_wconf 85' lang='lat' dir='ltr'><strong>alienati</strong></span> <span class='ocrx_word' id='word_1_769' title='bbox 396 4736 461 4784; x_wconf 88' lang='lat' dir='ltr'><strong>sunt</strong></span> <span class='ocrx_word' id='word_1_770' title='bbox 485 4748 504 4782; x_wconf 87' lang='lat' dir='ltr'><strong>a</strong></span> <span class='ocrx_word' id='word_1_771' title='bbox 525 4731 588 4785; x_wconf 89' lang='lat' dir='ltr'><strong>Deo</strong></span> <span class='ocrx_word' id='word_1_772' title='bbox 611 4730 682 4782; x_wconf 83' lang='lat' dir='ltr'><strong>uitus</strong></span> <span class='ocrx_word' id='word_1_773' title='bbox 710 4730 803 4796; x_wconf 82' lang='lat' dir='ltr'><strong>sonte,</strong></span> <span class='ocrx_word' id='word_1_774' title='bbox 828 4728 938 4782; x_wconf 82' lang='lat' dir='ltr'><strong>diaboii</strong></span> <span class='ocrx_word' id='word_1_775' title='bbox 961 4749 1025 4803; x_wconf 84' lang='lat' dir='ltr'><strong>pag.</strong></span> <span class='ocrx_word' id='word_1_776' title='bbox 1060 4736 1119 4787; x_wconf 88' lang='grc'><strong>510.</strong></span> <span class='ocrx_word' id='word_1_777' title='bbox 1166 4729 1340 4801; x_wconf 81' lang='lat' dir='ltr'><strong>Argumenta</strong></span> <span class='ocrx_word' id='word_1_778' title='bbox 1370 4727 1561 4783; x_wconf 85' lang='lat' dir='ltr'><strong>confirmantia</strong></span> <span class='ocrx_word' id='word_1_779' title='bbox 1590 4729 1698 4799; x_wconf 89' lang='lat' dir='ltr'><strong>potiora</strong></span> <span class='ocrx_word' id='word_1_780' title='bbox 1727 4727 1798 4784; x_wconf 89' lang='lat' dir='ltr'><strong>haec</strong></span> 
     </span>
     <span class='ocr_line' id='line_1_53' title="bbox 101 4814 1797 4887; baseline -0.004 -12"><span class='ocrx_word' id='word_1_781' title='bbox 101 4821 245 4875; x_wconf 80' lang='lat' dir='ltr'><strong>interitum</strong></span> <span class='ocrx_word' id='word_1_782' title='bbox 257 4818 355 4886; x_wconf 73' lang='lat' dir='ltr'><strong>fecisse</strong></span> <span class='ocrx_word' id='word_1_783' title='bbox 370 4816 556 4887; x_wconf 84' lang='lat' dir='ltr'><strong>promeritos,</strong></span> <span class='ocrx_word' id='word_1_784' title='bbox 586 4832 640 4887; x_wconf 82' lang='lat' dir='ltr'><strong>quo</strong></span> <span class='ocrx_word' id='word_1_785' title='bbox 652 4833 776 4885; x_wconf 85' lang='lat' dir='ltr'><strong>prorsus</strong></span> <span class='ocrx_word' id='word_1_786' title='bbox 791 4815 936 4870; x_wconf 85' lang='lat' dir='ltr'><strong>aboleren·</strong></span> <span class='ocrx_word' id='word_1_787' title='bbox 960 4823 1032 4873; x_wconf 87' lang='lat' dir='ltr'><strong>sunt.</strong></span> <span class='ocrx_word' id='word_1_788' title='bbox 1083 4824 1104 4872; x_wconf 91' lang='grc'><strong>1.</strong></span> <span class='ocrx_word' id='word_1_789' title='bbox 1136 4817 1163 4870; x_wconf 83' lang='grc' dir='ltr'><strong><em>Α</em></strong></span> <span class='ocrx_word' id='word_1_790' title='bbox 1196 4831 1299 4870; x_wconf 82' lang='lat' dir='ltr'><strong>cousus</strong></span> <span class='ocrx_word' id='word_1_791' title='bbox 1326 4814 1525 4883; x_wconf 77' lang='lat' dir='ltr'><strong>assipnatione.</strong></span> <span class='ocrx_word' id='word_1_792' title='bbox 1570 4815 1657 4886; x_wconf 90' lang='lat' dir='ltr'><strong>Cujus</strong></span> <span class='ocrx_word' id='word_1_793' title='bbox 1685 4831 1797 4870; x_wconf 89' lang='lat' dir='ltr'><strong>causam</strong></span> 
     </span>
    </p>

    <p class='ocr_par' dir='ltr' id='par_1_9' title="bbox 101 4899 1799 5060">
     <span class='ocr_line' id='line_1_54' title="bbox 101 4899 1798 4975; baseline -0.009 -5"><span class='ocrx_word' id='word_1_794' title='bbox 101 4914 162 4970; x_wconf 67' lang='lat' dir='ltr'><strong>dtr·</strong></span> <span class='ocrx_word' id='word_1_795' title='bbox 179 4903 348 4958; x_wconf 65' lang='lat' dir='ltr'><strong>admirabili</strong></span> <span class='ocrx_word' id='word_1_796' title='bbox 364 4910 456 4956; x_wconf 67' lang='grc'><strong>102160</strong></span> <span class='ocrx_word' id='word_1_797' title='bbox 475 4903 535 4955; x_wconf 70' lang='grc' dir='ltr'><strong>1)θί</strong></span> <span class='ocrx_word' id='word_1_798' title='bbox 551 4902 670 4956; x_wconf 63' lang='grc' dir='ltr'><strong>000811ῖο</strong></span> <span class='ocrx_word' id='word_1_799' title='bbox 688 4902 936 4970; x_wconf 59' lang='lat' dir='ltr'><strong>reportavisset&amp;</strong></span> <span class='ocrx_word' id='word_1_800' title='bbox 960 4904 1105 4975; x_wconf 84' lang='lat' dir='ltr'><strong>Scriptura</strong></span> <span class='ocrx_word' id='word_1_801' title='bbox 1123 4917 1202 4958; x_wconf 86' lang='lat' dir='ltr'><strong>saera</strong></span> <span class='ocrx_word' id='word_1_802' title='bbox 1221 4918 1276 4956; x_wconf 90' lang='lat' dir='ltr'><strong>non</strong></span> <span class='ocrx_word' id='word_1_803' title='bbox 1289 4899 1387 4956; x_wconf 86' lang='lat' dir='ltr'><strong>tribuit</strong></span> <span class='ocrx_word' id='word_1_804' title='bbox 1402 4901 1594 4956; x_wconf 87' lang='lat' dir='ltr'><strong>resurrectioni</strong></span> <span class='ocrx_word' id='word_1_805' title='bbox 1617 4900 1728 4968; x_wconf 87' lang='lat' dir='ltr'><strong>Christi,</strong></span> <span class='ocrx_word' id='word_1_806' title='bbox 1748 4899 1798 4955; x_wconf 91' lang='lat' dir='ltr'><strong>sed</strong></span> 
     </span>
     <span class='ocr_line' id='line_1_55' title="bbox 101 4985 1799 5060; baseline -0.004 -14"><span class='ocrx_word' id='word_1_807' title='bbox 101 4992 222 5048; x_wconf 86' lang='lat' dir='ltr'><strong>medium</strong></span> <span class='ocrx_word' id='word_1_808' title='bbox 242 4998 361 5059; x_wconf 85' lang='lat' dir='ltr'><strong>statum,</strong></span> <span class='ocrx_word' id='word_1_809' title='bbox 390 4995 421 5042; x_wconf 88' lang='lat' dir='ltr'><strong>nt</strong></span> <span class='ocrx_word' id='word_1_810' title='bbox 439 4995 520 5041; x_wconf 77' lang='lat' dir='ltr'><strong>ostra</strong></span> <span class='ocrx_word' id='word_1_811' title='bbox 538 4988 625 5042; x_wconf 86' lang='lat' dir='ltr'><strong>sitam</strong></span> <span class='ocrx_word' id='word_1_812' title='bbox 646 4989 677 5040; x_wconf 86' lang='lat' dir='ltr'><strong>in</strong></span> <span class='ocrx_word' id='word_1_813' title='bbox 697 4994 787 5042; x_wconf 86' lang='lat' dir='ltr'><strong>morte</strong></span> <span class='ocrx_word' id='word_1_814' title='bbox 806 4987 935 5043; x_wconf 85' lang='lat' dir='ltr'><strong>viverent.</strong></span> <span class='ocrx_word' id='word_1_815' title='bbox 961 4991 1072 5046; x_wconf 78' lang='lat' dir='ltr'><strong>decreto</strong></span> <span class='ocrx_word' id='word_1_816' title='bbox 1100 4996 1128 5044; x_wconf 91' lang='lat' dir='ltr'><strong>et</strong></span> <span class='ocrx_word' id='word_1_817' title='bbox 1149 4986 1277 5060; x_wconf 76' lang='lat' dir='ltr'><strong>Justitiae</strong></span> <span class='ocrx_word' id='word_1_818' title='bbox 1301 4986 1427 5053; x_wconf 85' lang='lat' dir='ltr'><strong>divinae,</strong></span> <span class='ocrx_word' id='word_1_819' title='bbox 1454 4986 1522 5041; x_wconf 90' lang='lat' dir='ltr'><strong>illud</strong></span> <span class='ocrx_word' id='word_1_820' title='bbox 1548 5003 1603 5040; x_wconf 94' lang='lat' dir='ltr'><strong>non</strong></span> <span class='ocrx_word' id='word_1_821' title='bbox 1628 4991 1721 5057; x_wconf 90' lang='lat' dir='ltr'><strong>potest</strong></span> <span class='ocrx_word' id='word_1_822' title='bbox 1743 4985 1799 5040; x_wconf 92' lang='lat' dir='ltr'><strong>dici</strong></span> 
     </span>
    </p>

    <p class='ocr_par' dir='ltr' id='par_1_10' title="bbox 103 5070 1799 5148">
     <span class='ocr_line' id='line_1_56' title="bbox 103 5070 1799 5148; baseline -0.006 -9"><span class='ocrx_word' id='word_1_823' title='bbox 103 5077 201 5134; x_wconf 72' lang='lat' dir='ltr'><strong>Nihilo</strong></span> <span class='ocrx_word' id='word_1_824' title='bbox 226 5076 378 5130; x_wconf 54' lang='lat' dir='ltr'><strong>absurdam</strong></span> <span class='ocrx_word' id='word_1_825' title='bbox 403 5074 497 5128; x_wconf 65' lang='lat' dir='ltr'><strong>videri</strong></span> <span class='ocrx_word' id='word_1_826' title='bbox 520 5075 616 5137; x_wconf 68' lang='lat' dir='ltr'><strong>debet,</strong></span> <span class='ocrx_word' id='word_1_827' title='bbox 642 5073 670 5125; x_wconf 58' lang='grc' dir='ltr'><strong>εἰ</strong></span> <span class='ocrx_word' id='word_1_828' title='bbox 692 5073 878 5127; x_wconf 73' lang='lat' dir='ltr'><strong>accidentalis</strong></span> <span class='ocrx_word' id='word_1_829' title='bbox 895 5081 935 5126; x_wconf 65' lang='lat' dir='ltr'><strong>eet</strong></span> <span class='ocrx_word' id='word_1_830' title='bbox 960 5075 1106 5148; x_wconf 80' lang='lat' dir='ltr'><strong>provenire</strong></span> <span class='ocrx_word' id='word_1_831' title='bbox 1121 5091 1153 5130; x_wconf 88' lang='grc'><strong>00</strong></span> <span class='ocrx_word' id='word_1_832' title='bbox 1168 5074 1270 5130; x_wconf 87' lang='lat' dir='ltr'><strong>virtute</strong></span> <span class='ocrx_word' id='word_1_833' title='bbox 1287 5079 1316 5126; x_wconf 88' lang='lat' dir='ltr'><strong>et</strong></span> <span class='ocrx_word' id='word_1_834' title='bbox 1332 5071 1458 5127; x_wconf 86' lang='lat' dir='ltr'><strong>efficacia</strong></span> <span class='ocrx_word' id='word_1_835' title='bbox 1470 5070 1678 5128; x_wconf 89' lang='lat' dir='ltr'><strong>resurrectionis</strong></span> <span class='ocrx_word' id='word_1_836' title='bbox 1687 5071 1799 5129; x_wconf 91' lang='lat' dir='ltr'><strong>Christi.</strong></span> 
     </span>
    </p>

    <p class='ocr_par' dir='ltr' id='par_1_11' title="bbox 100 5156 1799 5402">
     <span class='ocr_line' id='line_1_57' title="bbox 100 5156 1798 5236; baseline -0.006 -18"><span class='ocrx_word' id='word_1_837' title='bbox 100 5164 196 5236; x_wconf 72' lang='lat' dir='ltr'><strong>inpiis</strong></span> <span class='ocrx_word' id='word_1_838' title='bbox 215 5163 398 5225; x_wconf 71' lang='lat' dir='ltr'><strong>resumentes,</strong></span> <span class='ocrx_word' id='word_1_839' title='bbox 419 5176 492 5229; x_wconf 82' lang='lat' dir='ltr'><strong>quos</strong></span> <span class='ocrx_word' id='word_1_840' title='bbox 517 5158 619 5217; x_wconf 86' lang='lat' dir='ltr'><strong>insitos</strong></span> <span class='ocrx_word' id='word_1_841' title='bbox 638 5159 735 5213; x_wconf 75' lang='lat' dir='ltr'><strong>transt</strong></span> <span class='ocrx_word' id='word_1_842' title='bbox 753 5163 794 5213; x_wconf 86' lang='lat' dir='ltr'><strong>od</strong></span> <span class='ocrx_word' id='word_1_843' title='bbox 810 5159 935 5213; x_wconf 74' lang='lat' dir='ltr'><strong>tribernoi</strong></span> <span class='ocrx_word' id='word_1_844' title='bbox 961 5163 1081 5219; x_wconf 89' lang='lat' dir='ltr'><strong>Causam</strong></span> <span class='ocrx_word' id='word_1_845' title='bbox 1103 5158 1321 5216; x_wconf 87' lang='lat' dir='ltr'><strong>resuscitationis</strong></span> <span class='ocrx_word' id='word_1_846' title='bbox 1338 5157 1487 5229; x_wconf 90' lang='lat' dir='ltr'><strong>impiorum</strong></span> <span class='ocrx_word' id='word_1_847' title='bbox 1507 5156 1650 5227; x_wconf 85' lang='lat' dir='ltr'><strong>Scriptura</strong></span> <span class='ocrx_word' id='word_1_848' title='bbox 1670 5156 1798 5226; x_wconf 90' lang='lat' dir='ltr'><strong>nuspiam</strong></span> 
     </span>
     <span class='ocr_line' id='line_1_58' title="bbox 103 5241 1799 5319; baseline -0.005 -15"><span class='ocrx_word' id='word_1_849' title='bbox 103 5250 219 5317; x_wconf 73' lang='lat' dir='ltr'><strong>Christi,</strong></span> <span class='ocrx_word' id='word_1_850' title='bbox 247 5265 328 5319; x_wconf 82' lang='lat' dir='ltr'><strong>quern</strong></span> <span class='ocrx_word' id='word_1_851' title='bbox 350 5264 424 5302; x_wconf 89' lang='lat' dir='ltr'><strong>nuno</strong></span> <span class='ocrx_word' id='word_1_852' title='bbox 442 5246 546 5300; x_wconf 83' lang='lat' dir='ltr'><strong>audire</strong></span> <span class='ocrx_word' id='word_1_853' title='bbox 564 5244 731 5316; x_wconf 82' lang='lat' dir='ltr'><strong>nsopistrum</strong></span> <span class='ocrx_word' id='word_1_854' title='bbox 750 5253 775 5301; x_wconf 88' lang='lat' dir='ltr'><strong>et</strong></span> <span class='ocrx_word' id='word_1_855' title='bbox 793 5248 935 5301; x_wconf 84' lang='lat' dir='ltr'><strong>doctorem</strong></span> <span class='ocrx_word' id='word_1_856' title='bbox 959 5247 1059 5303; x_wconf 89' lang='lat' dir='ltr'><strong>tribuit</strong></span> <span class='ocrx_word' id='word_1_857' title='bbox 1076 5243 1269 5304; x_wconf 86' lang='lat' dir='ltr'><strong>resurrectioni</strong></span> <span class='ocrx_word' id='word_1_858' title='bbox 1289 5242 1406 5311; x_wconf 90' lang='lat' dir='ltr'><strong>Christi,</strong></span> <span class='ocrx_word' id='word_1_859' title='bbox 1433 5242 1483 5299; x_wconf 91' lang='grc'><strong>000</strong></span> <span class='ocrx_word' id='word_1_860' title='bbox 1499 5243 1611 5297; x_wconf 86' lang='lat' dir='ltr'><strong>decreto</strong></span> <span class='ocrx_word' id='word_1_861' title='bbox 1629 5247 1657 5296; x_wconf 91' lang='lat' dir='ltr'><strong>et</strong></span> <span class='ocrx_word' id='word_1_862' title='bbox 1670 5241 1799 5311; x_wconf 83' lang='lat' dir='ltr'><strong>J&#39;ustitias</strong></span> 
     </span>
     <span class='ocr_line' id='line_1_59' title="bbox 100 5326 1799 5402; baseline -0.006 -10"><span class='ocrx_word' id='word_1_863' title='bbox 100 5341 238 5392; x_wconf 72' lang='lat' dir='ltr'><strong>remeant.</strong></span> <span class='ocrx_word' id='word_1_864' title='bbox 282 5333 398 5390; x_wconf 84' lang='lat' dir='ltr'><strong>Calvino</strong></span> <span class='ocrx_word' id='word_1_865' title='bbox 426 5331 547 5402; x_wconf 81' lang='lat' dir='ltr'><strong>assurgit</strong></span> <span class='ocrx_word' id='word_1_866' title='bbox 575 5332 621 5386; x_wconf 85' lang='lat' dir='ltr'><strong>Fr.</strong></span> <span class='ocrx_word' id='word_1_867' title='bbox 649 5331 752 5389; x_wconf 77' lang='lat' dir='ltr'><strong>iunius</strong></span> <span class='ocrx_word' id='word_1_868' title='bbox 779 5333 809 5388; x_wconf 93' lang='lat' dir='ltr'><strong>in</strong></span> <span class='ocrx_word' id='word_1_869' title='bbox 835 5349 933 5389; x_wconf 89' lang='lat' dir='ltr'><strong>comm.</strong></span> <span class='ocrx_word' id='word_1_870' title='bbox 960 5333 1079 5390; x_wconf 81' lang='lat' dir='ltr'><strong>divinae.</strong></span> <span class='ocrx_word' id='word_1_871' title='bbox 1115 5332 1191 5402; x_wconf 85' lang='lat' dir='ltr'><strong>Ergo</strong></span> <span class='ocrx_word' id='word_1_872' title='bbox 1209 5328 1385 5386; x_wconf 88' lang='lat' dir='ltr'><strong>resuscitatio</strong></span> <span class='ocrx_word' id='word_1_873' title='bbox 1404 5328 1549 5400; x_wconf 89' lang='lat' dir='ltr'><strong>impiorum</strong></span> <span class='ocrx_word' id='word_1_874' title='bbox 1570 5344 1626 5382; x_wconf 92' lang='lat' dir='ltr'><strong>nou</strong></span> <span class='ocrx_word' id='word_1_875' title='bbox 1640 5331 1732 5397; x_wconf 87' lang='lat' dir='ltr'><strong>potest</strong></span> <span class='ocrx_word' id='word_1_876' title='bbox 1744 5326 1799 5382; x_wconf 89' lang='lat' dir='ltr'><strong>dici</strong></span> 
     </span>
    </p>

    <p class='ocr_par' dir='ltr' id='par_1_12' title="bbox 99 5412 1800 5492">
     <span class='ocr_line' id='line_1_60' title="bbox 99 5412 1800 5492; baseline -0.005 -14"><span class='ocrx_word' id='word_1_877' title='bbox 99 5422 171 5479; x_wconf 88' lang='lat' dir='ltr'><strong>Dan.</strong></span> <span class='ocrx_word' id='word_1_878' title='bbox 196 5436 259 5492; x_wconf 87' lang='lat' dir='ltr'><strong>cap.</strong></span> <span class='ocrx_word' id='word_1_879' title='bbox 286 5426 325 5477; x_wconf 93' lang='grc'><strong>12.</strong></span> <span class='ocrx_word' id='word_1_880' title='bbox 350 5426 415 5478; x_wconf 89' lang='lat' dir='ltr'><strong>tom.</strong></span> <span class='ocrx_word' id='word_1_881' title='bbox 442 5425 463 5475; x_wconf 90' lang='grc'><strong>1.</strong></span> <span class='ocrx_word' id='word_1_882' title='bbox 496 5433 612 5485; x_wconf 90' lang='lat' dir='ltr'><strong>operum</strong></span> <span class='ocrx_word' id='word_1_883' title='bbox 639 5434 704 5489; x_wconf 80' lang='lat' dir='ltr'><strong>pag.</strong></span> <span class='ocrx_word' id='word_1_884' title='bbox 733 5424 799 5476; x_wconf 81' lang='lat'><strong>931:</strong></span> <span class='ocrx_word' id='word_1_885' title='bbox 831 5421 934 5475; x_wconf 82' lang='lat' dir='ltr'><strong>Resur-</strong></span> <span class='ocrx_word' id='word_1_886' title='bbox 959 5418 1104 5492; x_wconf 85' lang='lat' dir='ltr'><strong>provenire</strong></span> <span class='ocrx_word' id='word_1_887' title='bbox 1147 5435 1180 5474; x_wconf 87' lang='grc'><strong>00</strong></span> <span class='ocrx_word' id='word_1_888' title='bbox 1222 5415 1327 5471; x_wconf 81' lang='lat' dir='ltr'><strong>virtuts</strong></span> <span class='ocrx_word' id='word_1_889' title='bbox 1363 5418 1392 5471; x_wconf 92' lang='lat' dir='ltr'><strong>st</strong></span> <span class='ocrx_word' id='word_1_890' title='bbox 1429 5412 1555 5469; x_wconf 82' lang='lat' dir='ltr'><strong>efficacia</strong></span> <span class='ocrx_word' id='word_1_891' title='bbox 1590 5412 1800 5470; x_wconf 85' lang='lat' dir='ltr'><strong>resurrectionis</strong></span> 
     </span>
    </p>
   </div>
   <div class='ocr_carea' id='block_1_5' title="bbox 99 5498 1798 5578">
    <p class='ocr_par' dir='ltr' id='par_1_13' title="bbox 99 5498 1798 5578">
     <span class='ocr_line' id='line_1_61' title="bbox 99 5498 1798 5578; baseline -0.005 -14"><span class='ocrx_word' id='word_1_892' title='bbox 99 5508 249 5566; x_wconf 84' lang='lat' dir='ltr'><strong>rectionem</strong></span> <span class='ocrx_word' id='word_1_893' title='bbox 269 5506 396 5562; x_wconf 74' lang='grc'><strong>00010100</strong></span> <span class='ocrx_word' id='word_1_894' title='bbox 420 5501 505 5578; x_wconf 77' lang='lat' dir='ltr'><strong>efficit</strong></span> <span class='ocrx_word' id='word_1_895' title='bbox 522 5501 551 5555; x_wconf 91' lang='lat' dir='ltr'><strong>in</strong></span> <span class='ocrx_word' id='word_1_896' title='bbox 574 5505 701 5561; x_wconf 73' lang='lat' dir='ltr'><strong>omnebus</strong></span> <span class='ocrx_word' id='word_1_897' title='bbox 725 5512 757 5559; x_wconf 90' lang='lat' dir='ltr'><strong>ut</strong></span> <span class='ocrx_word' id='word_1_898' title='bbox 774 5513 860 5578; x_wconf 85' lang='lat' dir='ltr'><strong>ceput</strong></span> <span class='ocrx_word' id='word_1_899' title='bbox 879 5523 933 5560; x_wconf 83' lang='lat' dir='ltr'><strong>ons·</strong></span> <span class='ocrx_word' id='word_1_900' title='bbox 960 5505 1072 5564; x_wconf 84' lang='lat' dir='ltr'><strong>Christi.</strong></span> <span class='ocrx_word' id='word_1_901' title='bbox 1111 5503 1191 5561; x_wconf 91' lang='lat' dir='ltr'><strong>Prior</strong></span> <span class='ocrx_word' id='word_1_902' title='bbox 1208 5519 1273 5575; x_wconf 87' lang='lat' dir='ltr'><strong>pars</strong></span> <span class='ocrx_word' id='word_1_903' title='bbox 1292 5500 1470 5558; x_wconf 88' lang='lat' dir='ltr'><strong>assumtionis</strong></span> <span class='ocrx_word' id='word_1_904' title='bbox 1484 5498 1722 5574; x_wconf 77' lang='lat' dir='ltr'><strong>dperrcontiusns</strong></span> <span class='ocrx_word' id='word_1_905' title='bbox 1737 5516 1798 5572; x_wconf 88' lang='lat' dir='ltr'><strong>pro-</strong></span> 
     </span>
    </p>
   </div>
   <div class='ocr_carea' id='block_1_6' title="bbox 0 0 2056 6007">
    <p class='ocr_par' dir='ltr' id='par_1_14' title="bbox 0 0 2056 6007">
     <span class='ocr_line' id='line_1_62' title="bbox 0 0 2056 6007; baseline 0 0"><span class='ocrx_word' id='word_1_906' title='bbox 0 0 2056 6007; x_wconf 95' lang='lat' dir='ltr'><strong> </strong></span> 
     </span>
    </p>
   </div>
  </div>
 </body>
</html>
