4074 6022
821 308 874 364 DE
894 304 1037 364 MORTE.
1723 317 1789 375 297·

83 471 159 540 ipsis
177 469 320 542 promittit
350 469 449 527 Mattb.
467 475 515 540 11,
542 489 566 527 v.
585 475 626 529 28.
656 470 707 540 qui
729 471 881 524 adauctos
899 475 925 522 et
951 463 1076 521 defuncti
1112 470 1179 522 sunt
1209 466 1379 521 mediatores
1406 467 1537 535 mediati,
1567 482 1619 538 per
1648 481 1718 537 quos
1749 464 1786 520 ad

83 564 296 611 connssnrator
315 557 418 612 sulats's
443 565 558 612 nostras
578 555 665 613 Hebr.
692 560 738 620 tr,
766 573 793 613 v.
818 561 841 610 2.
864 555 923 626 jam
950 550 1089 609 Christum
1108 551 1189 609 uobis
1207 552 1349 625 parandus
1366 552 1468 624 aditus,
1488 553 1537 624 qui
1550 560 1592 610 est
1612 551 1740 607 sacerdos
1758 557 1787 607 et

83 659 154 698 sero
176 641 247 699 baec
273 644 398 701 membra
425 643 620 715 descriptionis
642 647 672 699 et
697 640 867 714 conjunctim
895 645 925 696 et
950 639 1090 695 mediator
1117 640 1311 705 immediatas,
1341 656 1514 711 musaqueus
1543 638 1642 708 fuerit,
1674 644 1785 695 sanctos

84 729 238 800 separatim
256 735 373 802 accepta
397 749 453 786 non
472 728 642 786 conveniunt
661 729 777 794 sanctis,
804 727 853 783 ssd
873 727 922 783 soli
950 725 1048 795 majori
1067 725 1217 782 dilectione
1237 744 1288 782 nos
1315 727 1463 798 complecti
1487 743 1571 799 quam
1594 726 1684 797 ipsum
1705 724 1786 780 Chri·-

85 813 208 873 Cbristo.
248 815 324 890 Ergo
344 817 433 872 sancti
452 816 578 872 defuncti
600 832 657 872 non
676 821 742 871 sunt
758 814 923 871 mediatores
949 815 1038 878 ttum,
1063 812 1130 883 quia
1149 817 1261 868 sanctm
1279 812 1413 867 accedere
1439 827 1587 884 possumus
1604 810 1663 866 sine
1681 810 1786 866 media·

83 900 292 957 intercessionis
334 903 408 974 apud
441 903 547 972 Dauum
586 901 636 958 sed
677 902 752 958 solus
788 900 923 958 christus.
949 899 1022 968 tore,
1053 898 1091 954 ad
1112 897 1252 954 Christum
1280 903 1373 957 autem
1400 897 1462 954 aliia
1488 897 1687 955 mediatoribus
1704 896 1786 952 nobis

88 994 114 1043 ⁵.
132 986 297 1043 Mediateris
316 989 402 1044 nostrl
425 988 502 1060 apud
525 989 617 1044 Deum
641 987 801 1044 intercmm
824 987 924 1043 nititur
949 997 1027 1052 opus.
1074 989 1115 1044 tt.
1141 983 1303 1041 Mediatoris
1330 990 1374 1041 est
1400 983 1474 1055 parti
1498 983 1591 1040 laesae
1616 982 1778 1039 satisfacere

85 1074 213 1145 ejusdem
233 1074 424 1130 satisfactione
442 1091 476 1130 sc
496 1075 602 1146 memte,
619 1075 695 1131 unde
712 1075 741 1129 in
757 1073 922 1130 sacerdotali
949 1068 990 1124 At
1008 1068 1147 1140 Christus,
1172 1071 1209 1126 ad
1227 1087 1310 1143 quem
1330 1087 1381 1143 per
1409 1077 1521 1127 sanctas
1541 1069 1713 1141 accedimus,
1745 1076 1787 1126 est

87 1159 190 1216 curiae
215 1159 309 1216 officio
337 1162 515 1228 satisfactio,
550 1162 678 1217 marn
708 1169 735 1216 et
760 1161 922 1216 intercessio
948 1171 1014 1226 pars
1033 1156 1115 1215 laesa
1154 1157 1229 1213 Huic
1248 1175 1315 1231 ergo
1333 1157 1507 1215 satisfacient
1524 1158 1613 1213 sancti
1631 1157 1678 1215 vel
1691 1156 1786 1212 imme-

86 1244 227 1302 indivulso
256 1261 331 1303 nexu
358 1248 567 1320 conjunguntur
592 1253 615 1306 1,
637 1246 758 1303 'limotln
786 1253 816 1316 2,
847 1264 873 1302 v,
899 1251 922 1302 5.
949 1242 1038 1309 diaie,
1068 1249 1097 1299 et
1121 1243 1261 1300 uicerunt
1284 1245 1438 1302 immediati
1467 1245 1676 1309 interemtores,
1709 1244 1786 1317 quod

88 1339 108 1389 t.
120 1332 183 1388 tob.
197 1338 223 1404 t,
239 1348 266 1389 s.
280 1339 305 1390 2.
317 1338 369 1390 etc.
395 1333 459 1393 lion
472 1339 566 1407 potest
574 1350 641 1407 ergo
654 1335 727 1391 inter
739 1336 923 1390 medmtorem
948 1334 1042 1384 nmen
1059 1334 1165 1402 negant
1181 1329 1337 1400 Pontificii;
1363 1332 1408 1387 vel
1425 1331 1561 1396 mediate,
1579 1336 1608 1387 et
1624 1331 1666 1385 sia
1683 1330 1786 1387 edisse-

84 1421 268 1476 reslamtionis
285 1427 312 1475 et
329 1421 541 1477 intercessionis
568 1438 602 1478 eo
618 1422 702 1483 modo
719 1420 868 1493 distingui,
891 1425 924 1475 ut
950 1421 1015 1472 rent
1032 1415 1112 1472 nobis
1132 1416 1209 1472 alind
1229 1416 1364 1488 medium,
1383 1435 1434 1489 per
1451 1417 1593 1474 Christum
1612 1417 1686 1473 enim
1702 1433 1786 1490 agere

86 1505 161 1561 solus
173 1504 302 1563 Christus
320 1511 459 1564 metuatur
476 1507 612 1564 mediator
628 1506 816 1577 redemtionis,
835 1506 923 1562 sancti
950 1517 1006 1557 non
1024 1508 1150 1574 possunt,
1167 1519 1231 1558 curn
1249 1503 1286 1559 sit
1299 1503 1396 1575 juder,
1412 1521 1504 1576 neque
1517 1502 1786 1575 possuntPontiticii

85 1596 181 1646 autem
211 1591 322 1649 Christo
352 1592 545 1665 adjungantur
577 1594 607 1648 iu
638 1592 732 1649 officio
761 1591 924 1649 mediatorio
950 1589 1103 1660 exprimere
1132 1589 1210 1645 aliud
1239 1588 1370 1646 medium.
1418 1591 1495 1662 Ergo
1522 1591 1611 1646 sancti
1640 1605 1693 1647 nec
1722 1595 1788 1646 sunt

85 1678 309 1747 intemessiouis,
338 1678 388 1735 red
415 1685 447 1735 ut
470 1680 546 1735 solus
570 1677 696 1734 Christus
721 1685 765 1734 eat
787 1679 924 1735 mediator
950 1675 1064 1732 mediati
1090 1674 1257 1731 mediatores
1282 1681 1312 1732 et
1335 1692 1386 1748 per
1404 1693 1576 1750 consequeus
1594 1693 1707 1748 prorsus
1731 1694 1786 1732 non

85 1763 283 1835 mutinum,
299 1765 340 1821 its
359 1782 472 1838 quoque
492 1767 567 1822 solus
584 1771 627 1821 est
643 1764 778 1821 mediator
794 1765 924 1822 interces-
950 1767 1016 1816 sunt
1032 1761 1207 1827 mediatores,
1224 1761 1320 1834 sicque
1331 1761 1472 1818 Pontificii
1482 1763 1616 1828 manat,
1635 1764 1706 1833 qaid
1717 1765 1786 1818 ado-

87 1849 181 1907 siouis.
227 1850 408 1909 Mediatorem
436 1859 562 1908 nostrum
590 1856 701 1923 oportet
724 1868 785 1908 esse
815 1869 833 1906 a
862 1852 924 1906 Deo
949 1856 1013 1903 rent
1031 1847 1095 1904 Joh.
1115 1853 1148 1917 t,
1171 1867 1198 1904 v.
1219 1853 1262 1906 22.
1307 1848 1787 1920 11.siaen1nctsssnotispreees

86 1937 149 2008 ipso
167 1937 206 1992 sd
223 1935 278 1993 hoc
294 1936 418 1994 officium
439 1939 573 2008 electum,
600 1938 779 1995 constitutum
802 1942 832 1993 st
848 1937 923 1993 ordi·
950 1939 1062 1990 norbae
1078 1951 1130 2006 per
1149 1934 1272 1989 divinam
1291 1935 1488 1990 revelationem
1515 1935 1707 2003 innotescunt,
1730 1952 1787 1990 non

86 2030 200 2092 natum;
223 2023 291 2079 item
314 2029 426 2096 oportet
441 2041 506 2080 eum
528 2041 589 2080 esse
606 2024 666 2079 sine
684 2029 801 2094 peccato
818 2029 847 2079 et
862 2041 923 2095 per·
950 2027 1067 2092 possum
1086 2021 1209 2077 invocari
1237 2025 1269 2076 ut
1287 2022 1458 2076 mediatores
1476 2021 1692 2080 intercessionis.
1730 2021 1786 2080 Sed

87 2108 161 2164 fecte
190 2109 315 2181 J'ustum3
353 2110 475 2184 denique
508 2115 620 2181 oportet
647 2110 739 2180 ipsum
777 2127 828 2165 nos
862 2109 924 2165 Deo
950 2107 1027 2179 prius
1051 2113 1178 2164 statuum
1196 2107 1276 2164 multi
1302 2125 1337 2164 ex
1354 2106 1523 2179 Pontificiis,
1552 2115 1584 2163 ut
1609 2108 1730 2164 vidimus
1755 2109 1786 2163 iu

87 2195 276 2253 reconciliare.
303 2196 344 2252 At
361 2196 415 2253 hae
432 2197 604 2254 conditiones
621 2196 669 2253 nni
688 2203 717 2252 et
732 2196 784 2252 soli
804 2195 924 2259 Christo,
949 2193 1113 2266 quaestione
1129 2193 1232 2265 prima,
1262 2199 1417 2265 agnoscant
1442 2211 1509 2266 ergo
1533 2194 1617 2250 etiam
1640 2195 1786 2267 pmterius.

87 2300 143 2338 non
172 2286 397 2347 sutemsunetis
425 2285 602 2340 conveniunt
647 2282 866 2355 ili*ltsugustinus
894 2283 924 2338 in
949 2279 1091 2336 Oonnemo
1119 2280 1232 2351 maJ‘oris
1258 2279 1407 2352 probatur,
1444 2281 1510 2352 quia
1542 2280 1591 2352 qui
1627 2281 1787 2338 mediatoris

86 2368 134 2427 lib.
155 2369 280 2426 meditat
299 2386 359 2443 esp.
371 2378 401 2427 52
422 2370 509 2435 Quem
526 2371 616 2426 ctiam
632 2371 757 2438 ‹tiricam
770 2369 822 2423 titi
838 2370 924 2425 inter-
950 2365 1043 2423 officio
1062 2366 1142 2440 iungi
1158 2367 1272 2439 expetit,
1290 2366 1338 2423 ille
1361 2365 1447 2422 debet
1462 2383 1513 2438 per
1530 2383 1561 2422 se
1579 2367 1676 2424 audire
1689 2385 1786 2440 preces

86 2472 226 2511 curarem
243 2457 303 2512 nebi
319 2458 399 2525 tanc,
417 2456 468 2527 qni
484 2465 526 2511 est
539 2458 711 2527 propitiatio
728 2457 924 2526 propeccatis
950 2469 1053 2521 eorum,
1071 2453 1120 2525 qui
1140 2452 1227 2525 ipsius
1244 2452 1468 2510 intercessionem
1485 2452 1653 2510 desiderant.
1690 2455 1787 2522 Qualis

85 2542 258 2599 sonnsttt
305 2549 329 2601 t.
357 2544 457 2616 Neque
485 2551 542 2614 est,
574 2543 650 2615 qnod
681 2557 808 2615 regeres,
839 2544 923 2598 eMam
950 2538 1024 2595 euim
1037 2539 1173 2595 mediator
1192 2541 1244 2596 erit
1262 2540 1295 2610 is,
1314 2539 1359 2595 cui
1376 2539 1413 2596 ab
1432 2556 1475 2611 eo,
1494 2540 1665 2612 apudquem
1683 2543 1787 2600 media·

84 2631 209 2685 recentes
241 2638 355 2686 samos
387 2648 441 2702 pro
477 2631 632 2686 cambes
667 2630 853 2700 intercedere,
889 2647 924 2686 aa
949 2631 1036 2682 torem
1055 2642 1140 2699 agere
1159 2626 1258 2697 debet,
1272 2626 1350 2698 prius
1369 2624 1563 2692 indicandum,
1582 2629 1657 2700 quod
1676 2630 1714 2685 ab
1731 2630 1787 2687 alio

83 2717 209 2786 proinde
240 2734 297 2774 non
327 2719 420 2773 solam
451 2719 594 2775 C'irs'stam
626 2732 685 2773 ssse
717 2717 924 2772 mensionis
949 2714 986 2769 ait
1000 2712 1137 2768 mediator
1160 2718 1189 2769 et
1205 2713 1372 2770 intercessor
1388 2713 1466 2784 prius
1482 2713 1568 2770 fcerit
1584 2716 1787 2788 compellatus?

84 2803 280 2861 mediatorem.
325 2803 563 2877 Distinguendum
591 2805 666 2860 enim
692 2804 765 2860 inter
788 2803 924 2860 sscmdo-
953 2804 992 2855 12.
1011 2799 1041 2855 Si
1062 2798 1153 2854 sancti
1169 2805 1263 2856 meent
1285 2799 1452 2855 mediatores
1478 2799 1696 2868 intercessionis,
1718 2808 1786 2859 tunc

83 2889 186 2955 ulem,
214 2889 412 2946 mediatorium
438 2896 467 2946 et
497 2891 656 2960 fiammis,
685 2890 861 2945 meritoriam
888 2908 923 2946 oc
949 2886 978 2941 in
996 2885 1147 2957 scripturis
1167 2885 1277 2957 uspiam
1299 2886 1351 2942 hoc
1371 2886 1498 2942 encomio
1522 2890 1692 2944 ornarentur.
1730 2890 1786 2946 Sed

80 2977 319 3047 propitiatoriam
347 2977 586 3043 intercessionem,
615 2993 672 3050 qua
694 2976 770 3033 solus
796 2975 923 3033 Christus
948 2971 1001 3028 hcc
1019 2972 1157 3044 posterius
1175 2971 1288 3043 probari
1307 2972 1414 3044 nequit.
1457 2973 1533 3046 Ergo
1550 2990 1603 3030 uec
1620 2974 1698 3045 prius
1710 2992 1786 3032 asse·

84 3063 114 3116 ri
135 3062 301 3118 sanctissimi
320 3081 354 3119 ae
374 3063 598 3120 suffimentissimi
618 3064 662 3119 sui
675 3062 765 3120 meriti
777 3081 830 3135 pro
842 3063 923 3119 nobis
948 3059 1073 3116 rendum.
1113 3058 1229 3130 Begerit
1247 3059 1359 3131 quidem
1378 3059 1579 3132 Bellarminus,
1602 3063 1723 3131 Moysen
1739 3081 1785 3118 oo·

84 3148 215 3220 pnsstiti
232 3149 308 3222 apud
327 3149 418 3207 Deum
438 3151 549 3206 Patrem
567 3150 727 3219 intercedit,
749 3156 777 3206 et
792 3151 923 3205 interces-
952 3148 1017 3200 cori
1034 3146 1234 3211 mediatorem,
1253 3146 1303 3202 sed
1319 3144 1373 3202 hoc
1391 3153 1586 3220 argumentum
1605 3153 1648 3204 est
1665 3164 1683 3204 a
1701 3165 1786 3222 quae·

83 3234 192 3288 mamm
216 3237 469 3307 amayarsansrir,
496 3253 552 3307 qua
579 3236 683 3304 musti,
710 3236 760 3309 qui
785 3235 815 3291 iu
843 3237 924 3293 terris
949 3233 1040 3288 mone
1056 3233 1184 3290 alienum.
1230 3232 1362 3299 Quaestio
1389 3234 1464 3289 enim
1492 3241 1535 3290 eat
1553 3234 1589 3289 de
1616 3235 1719 3291 mustis
1739 3235 1785 3292 de

84 3320 180 3376 adhuc
191 3322 319 3392 militant,
331 3324 488 3396 conjunctis
500 3323 631 3395 precibus
646 3323 780 3379 adeamus
791 3324 923 3381 &tenum
949 3319 1064 3385 functis,
1081 3319 1131 3375 aed
1143 3325 1337 3392 argumentum
1356 3319 1480 3392 loquitur
1493 3321 1529 3377 de
1544 3321 1640 3392 Moyse
1657 3321 1686 3376 iu
1705 3322 1786 3378 terris

85 3414 116 3464 et
134 3408 195 3478 ejus
215 3423 322 3482 organa
339 3410 485 3465 nobiscum
505 3416 642 3482 pugnant.
684 3411 721 3463 In
737 3410 822 3465 terris
839 3408 923 3465 habe·
949 3405 1072 3462 officium
1090 3423 1171 3462 suum
1196 3413 1373 3480 exsequente.
1414 3407 1458 3463 De
1483 3406 1532 3462 tali
1559 3407 1711 3464 mediatore
1732 3409 1786 3465 hoc

83 3510 148 3548 mus
174 3494 276 3550 multos
300 3494 509 3565 infamatores,
536 3495 585 3566 qui
611 3494 753 3552 humiliter
778 3495 923 3550 nobiscum
949 3494 1011 3549 loco
1033 3493 1161 3566 quaestio
1185 3498 1240 3556 est,
1273 3493 1321 3565 qui
1355 3494 1533 3547 meritoriam
1562 3495 1785 3550 intercessionem

83 3578 209 3636 dirim
228 3581 446 3638 misericordiam
473 3587 503 3637 et
530 3597 611 3653 opem
634 3581 797 3652 implorent,
825 3582 923 3638 sedin
949 3578 1010 3658 Deo
1029 3597 1080 3651 pro
1097 3579 1178 3635 nobis
1197 3580 1226 3635 in
1244 3579 1322 3635 coelo
1341 3579 1450 3637 offerat
1483 3580 1562 3637 Talis
1579 3580 1715 3636 mediator
1733 3597 1786 3639 nec

82 3667 172 3722 codd
209 3668 322 3724 unicum
364 3667 543 3724 mediatorem
585 3673 615 3723 et
651 3667 860 3723 intercessorem
895 3667 923 3722 si
950 3667 1075 3739 Moyses,
1102 3682 1154 3723 nec
1184 3666 1259 3723 ullus
1287 3666 1369 3722 homo
1389 3665 1457 3733 fuit,
1486 3667 1535 3723 sed
1560 3666 1606 3722 hic
1629 3667 1717 3723 honor
1734 3669 1786 3724 soli

81 3754 253 3810 mrtissimi
272 3753 315 3808 sni
333 3754 424 3810 meriti
444 3769 495 3826 pro
514 3753 596 3810 nobis
622 3755 821 3827 deprecantem
838 3753 923 3810 habe
949 3752 1060 3810 Christo
1085 3753 1224 3824 competit
1271 3752 1333 3819 Quo
1362 3771 1446 3809 seusu
1461 3771 1494 3809 sc
1519 3760 1648 3826 respectu
1674 3756 1809 3834 Moyses,

82 3857 147 3896 mus
164 3841 260 3897 «lesum
279 3841 426 3897 (farisiam.
458 3841 597 3898 Pontificii
617 3859 683 3899 vero
699 3842 775 3899 hunc
791 3843 923 3900 bonorem
950 3840 1061 3896 dicatur
1080 3841 1231 3911 mediator,
1256 3841 1324 3896 satis
1341 3840 1489 3898 manifeste
1511 3842 1658 3913 exponitur
1672 3843 1786 3900 Denter.

80 3927 137 3983 soli
167 3927 278 3984 Christo
313 3927 439 3984 debitum
478 3943 542 3984 cum
577 3928 681 3984 sanctis
708 3930 921 3989 communicant.
951 3929 1370 3998 acemanecestriae
1392 3930 1485 3982 Deam
1503 3935 1530 3983 et
1545 3947 1594 3984 uos
1613 3930 1786 4001 intempore

83 4022 112 4071 t.
133 4012 162 4071 Si
179 4015 270 4070 uncti
294 4014 420 4070 defuncti
443 4020 538 4072 meent
561 4014 726 4071 mediatores
750 4016 922 4074 intercessio
948 4013 1016 4079 dle,
1040 4021 1071 4067 ut
1090 4014 1287 4067 annandarcm
1312 4013 1390 4069 cobis
1406 4015 1490 4068 oeta
1513 4015 1581 4082 sias.
1624 4016 1701 4087 Ergo
1717 4033 1785 4088 qna·

81 4101 137 4169 nis,
155 4105 216 4156 tum
234 4099 371 4157 baberent
386 4101 563 4169 mundatum,
587 4117 643 4172 quo
663 4108 756 4172 partes
772 4102 837 4158 illae
853 4102 923 4157 disi·
949 4105 1031 4156 unns
1046 4099 1159 4170 Moyses
1178 4098 1234 4155 fuit
1252 4099 1440 4155 internuntius
1459 4099 1569 4155 divinae
1586 4100 1738 4156 voluntatis
1757 4107 1787 4158 et

80 4187 160 4243 nitus
187 4186 255 4258 ipsis
283 4187 506 4259 imponerentur,
544 4186 680 4244 haberent
705 4189 922 4260 promissionem,
949 4185 1073 4240 minister
1084 4190 1261 4262 νομοθεσίας,
1274 4190 1517 4242 eatenusrocstur
1530 4186 1679 4243 mediator:
1699 4189 1785 4260 Atqui

80 4272 161 4346 quod
191 4288 247 4344 pro
282 4273 345 4328 aliis
376 4272 579 4330 intercedentes
615 4274 767 4331 certesime
802 4275 924 4331 debeant
949 4271 1006 4327 tale
1030 4271 1154 4327 officium
1179 4270 1282 4326 sanctis
1306 4275 1464 4342 competere
1488 4270 1634 4344 Scriptura
1656 4273 1785 4344 nuspiam

81 4358 224 4430 amrin,
253 4366 346 4416 essem
374 4359 479 4414 conscii
504 4359 628 4415 omnium
659 4376 767 4426 eorum,
796 4378 869 4433 quae
894 4363 923 4417 in
948 4357 1055 4413 merit.
1107 4363 1144 4413 ta.
1174 4356 1203 4412 st
1232 4357 1321 4412 sancti
1349 4356 1474 4413 defuncti
1501 4364 1595 4414 ament
1620 4358 1785 4415 mediatores

81 4445 166 4502 terris
182 4450 331 4518 guantur,
356 4445 482 4517 adeoque
500 4445 623 4501 omnium
640 4446 843 4517 calamitatum,
862 4448 923 4520 qui·
948 4442 1167 4511 intercessionis,
1189 4443 1289 4514 utique
1313 4444 1344 4496 in
1365 4444 1492 4513 ipsoram
1514 4444 1625 4499 nomine
1648 4445 1785 4501 orandum

81 4532 197 4589 basilii
222 4538 397 4605 premuntur,
422 4533 471 4604 qni
498 4533 527 4588 in
551 4533 682 4605 precibus
707 4534 743 4590 sd
766 4533 840 4606 ipsos
856 4552 922 4591 con·
947 4530 1029 4599 foret,
1048 4535 1079 4584 et
1094 4527 1148 4585 hoe
1166 4528 1278 4584 honoris
1296 4529 1450 4584 encomium
1468 4529 1552 4585 etam
1569 4531 1675 4586 sanctis
1692 4531 1785 4588 riven-

80 4619 199 4691 fugiunt
226 4623 279 4675 etc.
328 4618 384 4675 Sed
414 4618 483 4674 nibil
512 4618 610 4676 borum
641 4620 780 4677 defunctis
817 4622 921 4676 sanctis
949 4615 1024 4672 tibus
1046 4633 1097 4687 pro
1120 4616 1200 4671 nobis
1226 4616 1304 4686 apud
1324 4616 1412 4671 Deum
1439 4615 1681 4686 interpellantibus
1698 4617 1785 4674 tribui

83 4705 228 4778 competit
265 4705 343 4778 Ergo
362 4722 418 4761 non
438 4711 504 4761 aunt
524 4706 690 4763 mediatores
707 4707 920 4767 intercessionis.
948 4709 1051 4775 posset.
1093 4702 1148 4759 Sed
1167 4718 1340 4774 consequens
1360 4708 1403 4757 est
1422 4702 1582 4759 absurdum.
1624 4710 1663 4761 14.
1681 4704 1785 4761 Conce-

83 4799 110 4850 8.
128 4790 158 4848 ti
175 4791 381 4851 &adsedem
409 4791 485 4846 illam
512 4791 586 4847 iuter
609 4794 792 4849 mediatorem
813 4796 921 4850 redem-
947 4789 990 4844 dit
1002 4788 1202 4854 Bellarminus,
1219 4787 1363 4843 Cimmam
1381 4787 1447 4841 ideo
1467 4788 1565 4842 uocari
1584 4806 1671 4845 anum
1687 4808 1723 4844 ac
1741 4809 1784 4846 so·
1865 4859 1873 4869 ·

83 4877 173 4932 Monet
191 4885 218 4931 et
236 4878 444 4933 intercessionis
468 4877 591 4935 novisset
606 4894 656 4934 rex
673 4878 757 4934 Uriae
784 4884 809 4937 2.
829 4879 921 4938 Parui.
947 4877 1007 4932 lum
1030 4875 1216 4930 nsediatorem
1234 4875 1291 4929 Dei
1308 4882 1335 4928 et
1351 4875 1508 4939 bominum,
1532 4875 1601 4945 qaia
1619 4893 1675 4930 non
1693 4878 1785 4933 rotam

83 4968 134 5031 26,
158 4980 185 5019 r.
205 4968 246 5019 18.
271 4962 412 5019 luculente
437 4963 560 5019 refutare
583 4965 720 5036 potuisset
738 4965 866 5021 Amrism
894 4972 924 5021 et
947 4964 1059 5018 ratione
1078 4962 1185 5029 ostiosi,
1217 4962 1271 5015 sed
1292 4960 1378 5015 ettam
1399 4961 1510 5016 ratione
1534 4969 1655 5019 namroe
1673 4970 1713 5017 est
1731 4979 1785 5017 me·

82 5046 154 5104 snos
171 5048 328 5105 moerdctes
347 5048 480 5114 tenerae,
499 5049 548 5121 qui
561 5049 699 5119 dixerunt,
719 5051 782 5121 ey‘sss
794 5068 851 5106 non
863 5067 924 5106 esse
949 5052 1053 5120 dictor,
1072 5067 1135 5104 eum
1152 5049 1190 5102 sit
1204 5049 1284 5103 Deus
1304 5054 1331 5101 et
1349 5045 1438 5117 torno,
1451 5061 1485 5102 ex
1501 5062 1558 5118 quo
1574 5046 1615 5102 its
1632 5046 1784 5107 inferimur.

82 5134 203 5189 odotem
217 5135 367 5205 inensem,
384 5137 436 5189 sed
453 5137 632 5190 sacerdotem
649 5137 774 5202 fitiorum
786 5138 922 5193 Amore.
947 5136 1113 5208 Quicunque
1136 5134 1211 5206 apud
1229 5132 1321 5189 Deum
1338 5139 1381 5188 cst
1398 5132 1535 5188 mediator
1557 5132 1779 5189 intercessionis:

84 5219 265 5292 Distinguere
284 5221 358 5276 enim
375 5221 472 5276 eodem
489 5222 572 5277 modo
590 5223 741 5293 potuisset,
765 5223 923 5279 sacerdotes
947 5224 1060 5278 ratione
1080 5221 1181 5292 officii,
1196 5219 1274 5275 illum
1293 5218 1378 5275 etism
1394 5223 1506 5290 oportet
1524 5233 1585 5273 ease
1603 5218 1784 5275 mediatorem

84 5306 200 5379 quidem
224 5306 298 5363 solos
323 5306 425 5362 offerre
448 5315 576 5380 oportere
604 5325 688 5380 super
711 5309 800 5366 altare
819 5309 922 5366 sacrifi·
947 5310 1059 5363 radone
1077 5322 1226 5379 personae.
1255 5304 1396 5361 connexio
1415 5304 1560 5375 probatur,
1579 5304 1646 5376 quia
1662 5305 1784 5363 officium

84 5393 192 5448 ciorum
217 5399 247 5449 et
267 5392 443 5449 mctimsrum
469 5399 604 5464 tanquam
629 5393 796 5450 mediatores
813 5396 923 5452 rodem
949 5393 1127 5450 mediationis
1154 5392 1238 5449 talem
1265 5407 1412 5463 personam
1436 5389 1591 5446 merendo
1615 5391 1783 5463 requirebat,

14 5500 59 5547 1¹7
84 5477 185 5549 donis,
216 5479 266 5535 scd
291 5495 376 5550 snper
400 5477 489 5535 altars
511 5477 635 5544 suffitus,
662 5479 737 5550 quod
756 5487 817 5537 erat
835 5482 923 5538 altare
948 5498 1020 5555 quae
1037 5488 1111 5536 esset
1128 5480 1205 5536 Dens
1222 5482 1253 5534 et
1272 5478 1369 5548 bomo,
1392 5483 1424 5532 ut
1449 5492 1500 5532 suo
1525 5475 1587 5533 loco
1607 5477 1716 5549 plenius
1736 5479 1783 5536 de-

80 5563 712 5640 intmessdenbetismaliosod'erreposse.
740 5567 923 5626 Mitissneti
947 5573 1125 5627 momtrstur.
1165 5564 1565 5640 cummunionem
1587 5565 1766 5638 leptim
