4104 6014
216 272 277 366 srs'
803 299 1152 360 nocnsvronsruus
1172 301 1319 360 666666

216 454 305 512 iessor
329 457 470 512 Duscenis
497 457 526 511 16
546 473 645 513 comm.
672 457 699 511 h.
724 456 741 510 1.
766 474 831 528 pag.
855 462 918 512 tet:
954 456 1051 510 Versio
1078 461 1157 523 runt,
1187 457 1223 512 ab
1248 458 1316 528 ipsis
1339 458 1425 530 igitur
1451 456 1568 514 formam
1592 473 1674 513 verae
1693 463 1723 511 st
1739 456 1801 512 Deo
1819 461 1918 528 366166

217 542 326 595 clarior
359 551 428 595 66661
462 543 513 596 boc
539 546 636 612 modo,
669 552 788 598 ceterum
826 543 900 597 dubo
928 559 1051 613 operum,
1078 541 1260 598 invocationis
1291 545 1397 601 discere
1423 561 1478 600 non
1510 561 1657 617 possumus
1689 560 1740 600 nec
1770 542 1915 599 debemus.

217 628 302 682 etium
319 630 474 682 idems'dcm
490 646 574 699 persae
592 648 641 684 uos
659 638 825 700 postratum
838 630 1051 684 obitumbontm
1079 632 1103 681 1.
1122 627 1213 698 Epulo
1237 629 1383 685 intercedit
1408 648 1459 701 pro
1481 629 1615 685 fratribus
1639 630 1697 684 suia
1723 629 1798 700 apud
1825 627 1917 683 Abra·

216 716 378 768 mentionem
394 717 501 781 facere,
520 717 537 770 s'.
558 734 581 770 6.
602 718 671 786 quia
691 724 826 770 etcuram
839 723 922 785 atquc
935 733 1051 786 operum
1077 712 1204 780 hamum,
1234 723 1264 770 at
1287 715 1331 770 hic
1358 717 1483 787 quaestio
1509 723 1551 771 est
1575 716 1610 770 de
1637 716 1835 772 intercessione
1852 731 1915 769 san·

216 801 360 865 adhibebo,
390 809 420 854 ut
446 810 513 870 post
542 820 630 855 meum
660 805 802 856 66666666
829 803 906 857 omas'
929 811 1052 872 tempore
1078 806 1185 856 ctorum
1214 803 1290 872 apud
1319 803 1419 859 Deum.
1471 811 1493 858 5.
1512 803 1687 874 Augustinus
1713 802 1761 857 lib.
1787 802 1823 856 de
1848 818 1917 856 cura

214 886 330 959 possitis
352 886 466 955 borum,
490 890 526 942 de
547 889 645 958 qulbus
664 907 738 943 6666
757 890 862 952 scribo,
888 889 1052 942 memoriam
1078 905 1129 957 pro
1149 888 1263 944 mortuis
1280 906 1340 960 cap.
1364 895 1403 947 11.
1422 889 1499 959 dicit,
1520 891 1636 960 epuloni
1649 892 1689 944 ita
1705 892 1799 957 fuisse
1816 906 1916 943 curam

216 973 443 1027 cobserenooare.
461 975 605 1028 [dautem
613 975 949 1044 fecitrcliaquendot'lle'a
957 993 1052 1028 66666·
1079 976 1116 1026 dc
1138 974 1223 1040 civis,
1248 975 1375 1044 quamvis
1405 975 1477 1043 quta
1498 982 1614 1045 agerem
1646 976 1758 1030 omnino
1783 975 1913 1045 66661661,

217 1066 337 1111 mentum
356 1076 473 1112 suorum
492 1060 691 1130 epistolarum,
723 1062 823 1130 quibua
840 1077 925 1131 saepe
941 1060 1053 1114 relectis
1079 1062 1313 1128 quemadmodum
1337 1068 1378 1114 cst
1395 1062 1474 1114 nobie
1493 1079 1564 1115 curn
1584 1064 1619 1115 de
1637 1062 1760 1130 61661616,
1788 1061 1915 1130 66666616
1929 1063 2013 1104 xvltt.
2028 1063 2045 1105 11

211 1145 347 1212 futurum
368 1152 452 1213 esset,
471 1153 500 1197 ut
516 1155 732 1216 praeceptorum
751 1165 787 1201 66
805 1148 973 1202 monitorum
990 1147 1053 1214 ejus
1080 1148 1150 1213 quid
1172 1156 1260 1214 69661
1286 1148 1397 1201 omnino
1420 1148 1584 1203 nesciamus.
1633 1148 1709 1218 Ergo
1734 1164 1790 1202 non
1812 1147 1867 1202 tuit
1886 1147 1914 1201 16

219 1246 362 1298 nunquam
396 1231 630 1288 obliviscerentur.
674 1232 806 1298 Quinimo
830 1232 931 1287 diserte
952 1231 1054 1287 refellit
1080 1232 1174 1303 specie
1199 1239 1228 1287 et
1249 1232 1393 1304 sigillatim
1419 1250 1523 1304 gnarus
1545 1249 1653 1302 eorum,
1683 1231 1869 1303 quaefratres
1887 1233 1916 1287 in

219 1315 475 1386 interpretationem
503 1317 594 1387 illam,
621 1336 677 1388 qua
693 1319 729 1374 ad
747 1319 972 1374 intercessionem
990 1335 1053 1373 san·
1079 1317 1160 1374 terris
1177 1317 1306 1389 agebant.
1341 1323 1366 1374 6.
1394 1318 1438 1373 Ι)6
1456 1319 1507 1373 1611
1524 1319 1747 1390 interpellatione
1765 1318 1812 1373 hio
1831 1335 1915 1390 quae·

217 1408 323 1456 ctorem
349 1402 541 1459 defunctorum
567 1405 612 1460 hic
632 1399 710 1461 iocus
728 1405 854 1462 refertur.
890 1404 986 1473 Certe,
1011 1404 1052 1458 iu·
1079 1405 1161 1471 ritur,
1186 1422 1257 1475 qnae
1282 1405 1320 1459 sit
1337 1404 1483 1477 religiosae
1506 1402 1675 1461 adorationis
1694 1405 1915 1473 fundamentum,

217 1488 291 1560 quit,
317 1507 374 1543 nort
402 1492 584 1561 6666666661,
617 1500 649 1545 ut
678 1493 799 1557 diceret,
829 1492 902 1545 dabo
929 1508 1053 1561 operam,
1079 1508 1111 1546 eo
1137 1491 1210 1546 enim
1227 1491 1412 1546 Bellarminus
1436 1491 1507 1546 hanc
1533 1508 1611 1545 suam
1636 1490 1854 1562 disputationem
1873 1508 1914 1546 re·

217 1577 330 1643 curabo,
350 1576 512 1643 σπουδάσω,
536 1596 597 1632 marn
615 1578 693 1633 illuct
708 1580 802 1632 sancti
817 1579 932 1643 faciam
950 1579 1054 1647 absque
1079 1583 1174 1643 vocat,
1199 1577 1273 1647 quod
1301 1585 1413 1630 sanctos
1437 1578 1586 1641 destructos
1611 1578 1743 1648 religiose
1773 1577 1865 1631 colere
1890 1585 1915 1629 et

217 1679 287 1715 6666
319 1671 345 1716 61
375 1665 566 1720 solicitudine.
624 1672 649 1721 5.
684 1664 762 1740 Quae
793 1664 928 1736 expositio
957 1670 1053 1719 nostra
1079 1663 1211 1717 16666666
1234 1663 1393 1733 possimus,
1420 1664 1489 1732 quia
1511 1682 1569 1733 pro
1587 1665 1667 1717 nobie
1685 1671 1770 1720 orent.
1809 1662 1914 1727 Quodsi

217 1745 326 1803 Gracco
348 1749 436 1803 textui
462 1751 505 1804 vel
525 1750 643 1805 maxime
660 1751 803 1822 congruit,
829 1749 877 1821 qui
895 1750 934 1805 sic
953 1749 1055 1807 habet:
1079 1749 1212 1820 ejusmodi
1227 1748 1477 1819 interpellationem
1491 1765 1525 1803 ex
1538 1749 1631 1803 divitis
1644 1749 1770 1819 epulonis
1788 1749 1914 1819 exemplo

217 1831 378 1888 Σπουδᾶσω
397 1836 429 1890 ot
446 1841 492 1891 καὶ
505 1836 634 1891 ἑκάστοτε
647 1837 733 1908 (vulg.
746 1835 867 1891 reddidit
871 1838 1052 1905 fremanter,
1078 1836 1197 1906 probare
1217 1835 1292 1901 velit,
1310 1844 1453 1907 agnoscat,
1473 1837 1557 1891 ctiam
1578 1836 1691 1890 divitem
1709 1835 1857 1907 epulonem
1873 1836 1913 1890 in·

218 1918 358 1974 Lutherus
375 1921 488 1991 ubique,
508 1928 600 1992 potest
628 1922 807 1977 etiamreddi
825 1923 1051 1991 omnitempore)
1079 1922 1170 1976 vocari
1191 1939 1279 1992 posse.
1320 1930 1343 1978 l.
1365 1922 1504 1977 Pontificii
1522 1924 1644 1977 nondum
1666 1922 1737 1977 inter
1758 1938 1913 1978 66666666.-

219 2006 292 2075 tyra
314 2005 386 2080 ὑμᾶς
402 2007 471 2078 perd
486 2006 537 2071 τὴν
556 2008 655 2070 ἔξοδον
668 2008 738 2083 ipris
755 2007 804 2076 τὴν
823 2005 929 2063 τούτων
940 2007 1055 2082 μνήμην
1079 2007 1159 2073 tiunt,
1179 2024 1215 2062 an
1235 2007 1773 2077 6666666611666616611616166666
1786 2024 1851 2062 vero
1863 2023 1912 2078 pu·

218 2100 381 2160 66616666,
399 2093 448 2148 ubi
467 2095 498 2148 rb
517 2096 589 2164 ἔχειν
610 2094 781 2149 Graecorum
805 2111 880 2149 moro
904 2100 1053 2164 usurpatur
1079 2093 1182 2149 rabula.
1218 2093 1319 2148 Confer
1344 2092 1371 2166 ξ.
1400 2100 1455 2150 stt.
1494 2094 1524 2149 Si
1546 2094 1680 2165 parabola
1703 2099 1760 2159 est,
1784 2111 1840 2148 666
1866 2110 1914 2162 po·

217 2193 376 2248 proposse.
417 2181 539 2248 Operam
558 2180 632 2234 dabo
651 2181 844 2248 frequentibus
865 2179 1053 2234 6661666166-
1079 2181 1145 2234 terit
1172 2179 1285 2235 evidens
1313 2184 1508 2251 argumentum
1525 2196 1576 2250 pro
1591 2178 1787 2235 intercessione
1805 2185 1914 2234 sancto-

217 2265 368 2318 totionibus
395 2273 420 2318 ct
443 2265 655 2335 scriptionibus,
682 2274 712 2319 ut
728 2283 776 2319 uos
793 2267 923 2335 excitem,
950 2275 981 2319 ut
999 2284 1051 2319 mc·
1078 2283 1139 2320 rum
1157 2266 1350 2338 suppeditare3
1377 2266 1421 2320 616
1438 2264 1561 2334 historia,
1581 2283 1635 2320 non
1654 2271 1747 2320 tamen
1766 2283 1800 2320 ex
1816 2282 1851 2321 ea
1869 2265 1910 2320 iu-

217 2353 338 2405 morium
354 2351 455 2405 barum
475 2369 600 2406 mearum
620 2353 842 2407 admonitionum
860 2361 887 2407 et
905 2352 1053 2407 doctrinae
1078 2351 1145 2405 ferri
1162 2357 1261 2421 potest,
1282 2351 1356 2422 quod
1375 2351 1558 2407 Bellarminus
1577 2351 1703 2420 intendit,
1726 2351 1819 2423 agitur
1839 2351 1912 2406 enim

217 2438 396 2507 evangelicoe
413 2439 497 2491 ettam
509 2447 577 2507 post
595 2455 685 2492 meum
703 2439 887 2494 6611666116
901 2440 1052 2493 6166666666
1079 2437 1113 2491 de
1138 2437 1335 2492 intercessione
1359 2446 1529 2492 sanctorum.
1567 2437 1643 2508 Ergo
1668 2437 1913 2494 demonstrandum

216 2522 370 2576 reticeatis.
410 2524 470 2581 Neo
496 2524 564 2577 dicit
579 2524 681 2579 Petrus
705 2523 776 2598 μετὰ
804 2523 852 2594 τὴν
869 2525 939 2598 ἐμὴν
957 2525 1053 2585 ἔξοδον
1079 2523 1158 2592 foret,
1176 2522 1365 2578 Abrahamum
1384 2526 1428 2580 vel
1443 2525 1581 2579 Lazarum
1592 2541 1643 2595 pro
1657 2524 1814 2579 viventibus
1829 2524 1912 2579 iuter·

218 2605 385 2678 neustriam,
417 2608 466 2663 sed
490 2607 642 2664 σπουδάσω
669 2611 700 2664 bl
725 2609 854 2665 bedarese
881 2613 953 2681 ἔχειν
983 2610 1053 2679 ὑμᾶς
1079 2609 1200 2664 cessisse.
1236 2614 1260 2664 8.
1281 2609 1486 2680 Argumentum
1505 2609 1541 2664 ab
1560 2610 1688 2681 analogia
1704 2610 1823 2681 petitum
1844 2608 1922 2665 veri?

215 2693 284 2766 μετὰ
311 2696 360 2760 τὴν
384 2695 453 2767 ἐμὴν
473 2696 577 2757 ἔξοδον.
617 2702 641 2753 6.
661 2696 768 2750 Eadem
786 2697 994 2752 accommodata
1011 2702 1054 2751 est
1079 2694 1195 2749 similem
1228 2696 1363 2750 duntaxat
1395 2695 1601 2767 probationem,
1640 2713 1695 2749 uon
1725 2703 1818 2750 autem
1847 2713 1913 2766 apo·

218 2781 253 2834 ad
272 2781 388 2850 apostoli
409 2797 532 2853 scopum,
553 2800 579 2835 v.
602 2787 641 2837 12.
661 2781 823 2853 inquitatis
842 2782 979 2857 ἀμελήσω,
996 2800 1052 2837 666
1080 2780 1210 2835 dictinum
1245 2781 1507 2836 demonstrationem
1544 2781 1663 2838 exhibet
1720 2781 1913 2846 concedimus,

217 2867 358 2937 negligam
383 2886 431 2921 666
457 2884 565 2937 semper
588 2875 823 2938 commonefacere
850 2873 887 2924 de
906 2871 1053 2926 bisetium
1079 2866 1227 2922 verisimile
1254 2884 1329 2937 esse,
1361 2869 1435 2938 qnod
1467 2868 1556 2922 sancti
1581 2868 1611 2921 iu
1635 2883 1737 2939 genere
1761 2884 1812 2937 pro
1834 2867 1914 2924 nobis

216 2953 335 3007 66166166
358 2962 384 3008 61
407 2956 588 3024 confirmatos
610 2956 641 3008 s'a
661 2957 810 3024 praesenta·
833 2958 948 3011 veritate
974 2959 1052 3029 (quo
1079 2958 1166 3008 orent

219 3040 300 3095 modo
328 3039 387 3097 scil
412 3040 575 3095 electionem
605 3047 633 3095 et
659 3042 832 3096 vocationem
861 3049 979 3098 vestram
1006 3042 1052 3097 ds·
1114 3044 1172 3094 111.
1209 3045 1233 3095 6.
1255 3039 1345 3110 Apoc.
1369 3044 1393 3093 6.
1425 3038 1547 3093 Animae
1572 3044 1734 3092 sauctorum
1757 3047 1913 3108 martyrum
1925 3045 1947 3087 ⁶·
1964 3045 2045 3096 apost

218 3115 314 3182 beatis
332 3126 440 3182 11661666
465 3126 557 3182 facere
576 3146 600 3183 6.
623 3131 688 3196 lb),
718 3133 816 3199 postea
833 3128 948 3200 subjicit
965 3146 990 3184 v.
1012 3134 1051 3183 13.
1079 3144 1181 3195 maeno
1201 3128 1324 3182 clamore
1342 3135 1441 3197 petunt
1459 3126 1613 3180 vindictam
1632 3127 1667 3179 de
1686 3118 1913 3191 interfectoribus
1926 3099 2045 3200 :inffffli

212 3214 323 3284 justum
341 3222 433 3268 cutem
453 3215 593 3281 arbitror,
614 3215 750 3284 quamdiu
767 3233 829 3269 mun
848 3216 878 3268 s'a
895 3214 946 3270 hoc
964 3215 1051 3268 luber·
1078 3214 1146 3269 suis.
1180 3215 1260 3282 Ergo
1279 3214 1366 3268 multo
1384 3213 1476 3284 magis
1494 3212 1719 3267 misericordiam
1732 3220 1832 3282 petunt
1845 3214 1913 3277 fro·
1926 3203 2043 3294 fflffl'l

218 3301 320 3355 666616
349 3299 414 3367 (mei
438 3299 584 3371 corporis),
608 3300 745 3355 6666ιῖ666
770 3318 820 3355 666
850 3302 881 3356 s'n
900 3315 1052 3355 commone·
1078 3299 1168 3353 tribue
1191 3301 1260 3354 suis.
1312 3299 1538 3370 Respondemus:
1579 3304 1602 3354 1.
1630 3299 1740 3355 animae
1766 3298 1831 3354 illae
1857 3316 1913 3355 666

211 3386 352 3456 suetiam,
361 3404 385 3440 v.
400 3392 439 3444 15.
467 3387 552 3439 Dabo
566 3394 660 3440 autem
675 3403 798 3457 operam,
810 3385 911 3440 habere
924 3403 973 3440 666
985 3393 1052 3456 post
1078 3403 1130 3457 pro
1145 3386 1216 3453 aliis,
1231 3387 1279 3441 sed
1293 3404 1344 3456 pro
1362 3403 1391 3440 se
1405 3391 1485 3440 orant
1503 3393 1531 3440 et
1544 3388 1627 3457 juxta
1640 3385 1814 3457 quorundam
1827 3386 1910 3441 inter·

218 3473 322 3529 obtem
340 3489 437 3540 meum,
456 3479 487 3525 ut
506 3472 605 3527 horum
623 3472 786 3526 mamertem
799 3472 931 3541 sociatis,
949 3472 1053 3542 scripta
1080 3471 1263 3542 pretationem
1287 3471 1386 3526 stolam
1406 3471 1556 3525 secundam
1576 3469 1628 3538 (uti
1646 3473 1757 3536 vocant)
1774 3471 1912 3542 glorifica·

218 3558 277 3614 scih
306 3575 368 3614 mea
384 3557 464 3613 vobis
485 3557 665 3630 relinquendo
683 3564 712 3613 et
728 3557 825 3613 fideles
841 3559 967 3614 doctores
987 3574 1052 3612 con·
1080 3558 1162 3613 tionis
1183 3575 1222 3614 sc.
1244 3573 1389 3627 corporum
1409 3563 1519 3627 petunt,
1531 3556 1670 3627 judicium
1688 3563 1840 3612 extremum
1853 3563 1913 3612 tan·

219 3645 367 3701 stitueudo.
396 3662 422 3699 v.
452 3650 492 3704 16.
520 3664 576 3700 666
605 3646 677 3698 enim
702 3645 801 3698 doctus
818 3645 942 3713 subulae
965 3645 1054 3699 secuti
1080 3644 1143 3700 dem
1161 3644 1312 3698 adventare
1324 3643 1516 3712 desiderando,
1533 3649 1566 3698 ut
1577 3643 1711 3699 ecclesiae
1722 3642 1815 3697 hostes
1827 3651 1914 3698 aeter·

218 3749 314 3785 sumus
336 3736 387 3786 otc.
425 3729 480 3784 Hic
504 3729 622 3801 quilibet
651 3731 741 3800 videt,
765 3731 915 3801 genuinum
936 3730 1053 3804 apostoli
1080 3731 1123 3785 nis
1136 3731 1232 3801 poenis
1253 3729 1446 3800 subjiciantur,
1462 3730 1540 3800 ipsae
1557 3745 1622 3785 vero
1640 3728 1801 3802 glorificatis
1817 3745 1912 3799 corpo·

219 3832 333 3886 scopum
354 3823 382 3871 et
400 3833 510 3871 sensum
528 3833 603 3881 esse,
629 3817 703 3887 quod
724 3832 860 3888 exponere
878 3815 959 3887 velit,
985 3817 1052 3887 quid
1079 3816 1156 3871 ribus
1174 3816 1364 3870 restituantur.
1399 3815 1551 3887 Gregorius
1571 3815 1619 3870 lib.
1641 3822 1664 3870 t.
1689 3815 1783 3871 moral.
1803 3832 1863 3887 cap.
1883 3821 1913 3871 t:

220 3904 250 3957 in
277 3902 348 3957 vivis
381 3903 471 3957 adhuc
501 3903 635 3958 exsistens
665 3902 756 3957 facere
782 3901 863 3967 velit,
894 3907 926 3956 ut
955 3901 1052 3957 fideles
1081 3905 1206 3971 Moenus
1221 3903 1380 3955 animarum
1399 3904 1508 3957 clamor
1528 3920 1660 3970 66666661
1681 3910 1721 3955 cst
1738 3902 1914 3955 desiderium

220 4006 329 4056 eorum,
359 4005 432 4059 qnae
448 3987 485 4042 ab
505 3988 566 4059 ipso
584 3987 752 4057 didicerant,
771 3994 934 4059 perpetuam
954 4004 1054 4043 memo·
1082 3989 1389 4056 166666666666116616,
1415 3997 1472 4042 tum
1493 3989 1615 4058 judicii;
1645 3995 1724 4042 tauto
1749 3989 1915 4056 66666616-

221 4074 292 4128 riam
312 4074 395 4129 etiam
413 4080 476 4145 post
494 4079 610 4130 mortem
630 4091 708 4128 sunm
728 4073 847 4128 retinere
864 4074 980 4143 possint,
999 4090 1054 4128 non
1082 4091 1133 4143 quc
1154 4075 1914 4144 6166661666,666616616ωά66ἰά66·61,6116616

221 4166 312 4215 autem
323 4160 390 4230 quid
400 4161 461 4230 ipse
473 4166 536 4232 post
547 4165 663 4215 mortem
677 4176 755 4214 suam
764 4159 857 4215 facere
867 4158 941 4214 velit.
962 4166 986 4219 1.
999 4159 1055 4215 De·
1081 4163 1217 4231 majorem
1239 4177 1333 4215 vocem
1360 4163 1504 4233 caprimit,
1535 4169 1639 4231 qsruato
1664 4177 1693 4214 se
1716 4163 1747 4214 ia
1770 4161 1816 4215 rei
1843 4163 1916 4215 clesi-

224 4247 313 4302 functi
332 4245 421 4300 sancti
439 4246 467 4300 16
484 4245 596 4316 speculo
616 4244 726 4301 divinae
746 4246 986 4302 essentiaeomnia
1000 4264 1055 4303 unc
1083 4249 1193 4303 clerium
1216 4248 1331 4316 6166166
1355 4249 1463 4311 suadit.
1500 4254 1524 4305 2.
1551 4247 1631 4312 Quod
1658 4253 1761 4302 statum
1782 4247 1915 4302 ecclesiae

131 4397 133 4402 Ι
222 4349 255 4387 66
281 4332 400 4403 simplici
426 4333 529 4387 intuitu
554 4332 647 4388 videre
673 4350 691 4387 a
709 4331 864 4387 Pontificiis
896 4333 1055 4399 creduntur,
1083 4333 1226 4388 militantis
1255 4341 1320 4388 καθ’
1346 4335 1462 4390 ἕκαστον
1494 4334 1573 4390 etin
1600 4334 1692 4406 specie
1718 4333 1915 4405 ignoraverint,

221 4419 359 4491 quomodo
385 4418 472 4491 igitur
496 4418 606 4489 proprie
631 4424 660 4473 et
683 4424 811 4473 accurate
834 4418 972 4489 loquendo
999 4437 1054 4474 me·
1083 4425 1200 4493 apparet
1218 4435 1251 4474 ex
1269 4438 1346 4492 seqq.
1358 4422 1459 4490 verbis,
1477 4420 1526 4476 nbi
1540 4422 1601 4475 illes
1612 4422 1725 4484 dicitur,
1743 4428 1774 4472 ut
1786 4421 1916 4488 exiguum

222 4506 313 4560 moria
331 4505 389 4560 sive
409 4507 571 4560 recordatio
592 4504 647 4560 illis
664 4504 749 4559 tribui
768 4504 881 4576 potest?
1082 4515 1188 4577 tempus
1209 4507 1368 4576 6661666661,
1393 4509 1480 4561 donec
1505 4507 1680 4577 compleatur
1697 4522 1829 4559 66666666
1848 4524 1915 4560 666-

93 4590 208 4682 mm.
256 4597 315 4647 416.
349 4597 373 4646 6.
393 4591 461 4648 Luc.
478 4596 516 4646 16.
548 4592 638 4646 Diues
657 4591 739 4662 epulo
759 4598 822 4645 orat
837 4608 894 4659 pro
913 4591 1056 4656 frutribus
1081 4609 1224 4648 servorum
1249 4601 1277 4647 et
1299 4596 1438 4662 fratrum,
1465 4609 1535 4664 quos
1558 4591 1656 4648 eadem
1683 4592 1712 4645 in
1736 4591 1789 4645 hoc
1811 4591 1915 4647 mundo

93 4670 169 4743 spiro.
221 4678 309 4747 ruis,
326 4694 393 4747 erpo
414 4679 501 4732 multo
526 4679 618 4749 magis
643 4687 726 4734 orant
749 4679 826 4747 justi
848 4696 906 4747 pro
929 4685 988 4734 tota
1013 4697 1055 4734 ec·
1080 4677 1193 4733 1661666
1215 4685 1341 4744 maneat,
1365 4677 1446 4733 videl.
1469 4685 1501 4733 ut
1517 4678 1571 4749 ipsi
1592 4695 1702 4751 quoqne
1719 4677 1755 4732 ob
1777 4677 1914 4749 evangelii

221 4765 318 4820 alcala
357 4765 581 4836 Respondemus:
604 4772 626 4820 1.
645 4773 706 4821 orat
723 4765 800 4821 dives
818 4765 908 4836 epulo,
929 4765 978 4820 sed
998 4783 1054 4821 666
1080 4765 1279 4820 confessionem
1303 4763 1517 4830 interficiantur,
1543 4763 1640 4836 quodsi
1657 4765 1716 4835 jam
1735 4762 1912 4818 6616661616-

222 4850 377 4907 exauditur.
413 4848 518 4916 Quodsi
539 4867 605 4924 ergo
625 4857 752 4907 constare
770 4850 853 4907 debet
873 4852 1053 4922 comparatio,
1081 4856 1158 4921 sent,
1189 4868 1246 4906 non
1265 4850 1365 4906 fuisset
1392 4868 1462 4922 opus
1487 4850 1527 4906 eis
1547 4848 1672 4906 indicari.
1716 4855 1740 4904 3.
1759 4850 1913 4905 Clamorem

223 4953 396 5008 consequens
423 4935 524 4999 166611,
567 4936 650 4991 etiam
679 4945 789 4993 sanctos
821 4938 966 4994 defunctos
998 4957 1055 4995 non
1082 4944 1235 5008 martyrum
1259 4955 1315 4994 666
1343 4942 1452 4993 tantum
1477 4928 1583 5008 patres,
1613 4935 1663 4991 sed
1692 4936 1776 4992 ctiam
1802 4936 1914 5007 quidam

222 5022 354 5079 exaudiri.
398 5027 422 5077 2.
448 5021 564 5077 Invocat
591 5023 669 5079 dives
693 5024 776 5095 epulo
804 5024 993 5080 Abrahamum
1023 5032 1056 5080 nt
1081 5041 1114 5079 ex
1140 5023 1208 5094 ipsis
1231 5023 1385 5080 Pontificiis
1407 5023 1592 5095 metaphorice
1613 5028 1763 5094 exponunt.
1798 5023 1840 5078 llx
1866 5039 1914 5095 ps-

223 5110 498 5179 ops'tulatorem,non
511 5114 542 5163 ut
556 5108 772 5167 intercessorem.
803 5110 945 5167 Jamvero
958 5128 992 5167 ex
1005 5111 1055 5183 hy·
1081 5109 1171 5164 tribus
1200 5109 1378 5180 producimus
1397 5109 1586 5182 Augustinum
1609 5109 1639 5163 in
1656 5114 1762 5181 quaest.
1781 5126 1815 5164 ex
1833 5108 1868 5166 V.
1887 5113 1916 5164 et

222 5195 329 5266 pothesi
355 5194 517 5252 Bellarmini
543 5210 604 5266 cap.
635 5200 673 5250 19.
700 5196 790 5251 666611
816 5196 964 5252 invocandi
991 5207 1056 5255 sunt
1080 5194 1116 5253 N.
1137 5196 1170 5253 T.
1194 5213 1221 5268 q.
1241 5200 1289 5252 68:
1316 5196 1365 5250 eo
1382 5197 1494 5251 animae
1521 5197 1677 5250 occisorum
1694 5195 1831 5263 clamant,
1852 5211 1916 5249 oen·

221 5286 330 5337 tantum
341 5289 373 5338 nt
385 5282 588 5348 intercessores,
606 5298 662 5337 non
673 5289 706 5336 ut
717 5282 905 5352 opitulatores.
934 5284 1054 5341 anam-
1083 5282 1180 5337 dt‘cart'
1197 5299 1227 5336 66
1249 5283 1439 5352 postulantes,
1467 5284 1540 5337 61661
1556 5282 1673 5352 sanguis
1690 5282 1763 5336 Abel
1781 5281 1917 5336 clamavit

221 5368 281 5423 6611
299 5385 362 5424 cum
380 5369 479 5440 661661,
495 5387 514 5424 6
527 5370 588 5424 Deo
603 5385 663 5424 sess
680 5385 793 5440 prorsus
811 5369 944 5440 abjectos,
962 5371 1055 5427 Deum
1082 5372 1223 5425 deterre
1256 5369 1552 5439 0666666966661,
1583 5387 1657 5441 quae
1675 5370 1799 5423 clamare
1817 5369 1917 5423 dicum

221 5452 351 5525 fugiunt,
379 5454 433 5524 ipsi
451 5455 608 5511 irascuntur
624 5462 653 5510 et
672 5453 878 5525 blasphemant,
910 5472 944 5511 ac
962 5458 1055 5512 ubivis
1081 5464 1136 5524 tur,
1157 5474 1219 5510 cum
1236 5456 1315 5526 toqui
1334 5476 1390 5512 666
1403 5458 1522 5526 possim.
1573 5456 1700 5525 8666616
1720 5456 1793 5510 caim
1813 5457 1918 5526 effimua

221 5539 414 5610 potiusquam
432 5542 509 5613 apud
522 5542 614 5598 Deum
632 5539 759 5596 66161166
775 5546 804 5598 61
822 5540 955 5598 auxilinm
972 5560 1055 5617 quae·
1081 5541 1153 5613 quid
1169 5541 1253 5595 aliud
1271 5559 1353 5613 quum
1365 5543 1502 5613 judicari
1517 5559 1548 5597 ss
1564 5544 1699 5614 postulat,
1717 5542 1844 5597 61666666
1861 5558 1918 5596 666
