<?xml version="1.0" encoding="UTF-8"?>
<!DOCTYPE html PUBLIC "-//W3C//DTD XHTML 1.0 Transitional//EN"
    "http://www.w3.org/TR/xhtml1/DTD/xhtml1-transitional.dtd">
<html xmlns="http://www.w3.org/1999/xhtml" xml:lang="en" lang="en">
 <head>
  <title>
</title>
<meta http-equiv="Content-Type" content="text/html;charset=utf-8" />
  <meta name='ocr-system' content='tesseract 3.04.00' />
  <meta name='ocr-capabilities' content='ocr_page ocr_carea ocr_par ocr_line ocrx_word'/>
</head>
<body>
  <div class='ocr_page' id='page_1' title='image "./locitheologicit00gerhgoog/locitheologicit00gerhgoog_0262.png"; bbox 0 0 4104 6014; ppageno 0'>
   <div class='ocr_carea' id='block_1_1' title="bbox 896 308 1844 378">
    <p class='ocr_par' dir='ltr' id='par_1_1' title="bbox 896 308 1844 378">
     <span class='ocr_line' id='line_1_1' title="bbox 896 308 1844 378; baseline 0.008 -8"><span class='ocrx_word' id='word_1_1' title='bbox 896 314 949 370; x_wconf 76' lang='lat' dir='ltr'><strong>De</strong></span> <span class='ocrx_word' id='word_1_2' title='bbox 968 308 1107 373; x_wconf 76' lang='lat' dir='ltr'><strong>MORTE.</strong></span> <span class='ocrx_word' id='word_1_3' title='bbox 1785 319 1844 378; x_wconf 78' lang='lat'><strong>251</strong></span> 
     </span>
    </p>
   </div>
   <div class='ocr_carea' id='block_1_2' title="bbox 11 469 1992 5112">
    <p class='ocr_par' dir='ltr' id='par_1_2' title="bbox 11 469 1992 5112">
     <span class='ocr_line' id='line_1_2' title="bbox 149 469 1849 595; baseline -0.003 -68"><span class='ocrx_word' id='word_1_4' title='bbox 149 477 227 527; x_wconf 81' lang='lat' dir='ltr'><strong>taxat</strong></span> <span class='ocrx_word' id='word_1_5' title='bbox 250 469 365 526; x_wconf 87' lang='lat' dir='ltr'><strong>notitiae</strong></span> <span class='ocrx_word' id='word_1_6' title='bbox 391 476 520 542; x_wconf 87' lang='lat' dir='ltr'><strong>respectu</strong></span> <span class='ocrx_word' id='word_1_7' title='bbox 550 485 585 526; x_wconf 87' lang='lat' dir='ltr'><strong>ea</strong></span> <span class='ocrx_word' id='word_1_8' title='bbox 603 470 778 542; x_wconf 77' lang='lat' dir='ltr'>ignorarent,</span> <span class='ocrx_word' id='word_1_9' title='bbox 808 470 919 526; x_wconf 87' lang='lat' dir='ltr'><strong>interim</strong></span> <span class='ocrx_word' id='word_1_10' title='bbox 951 469 1002 595; x_wconf 55' lang='lat' dir='ltr'><strong>ex!</strong></span> <span class='ocrx_word' id='word_1_11' title='bbox 1051 475 1109 527; x_wconf 82' lang='lat'>³18.</span> <span class='ocrx_word' id='word_1_12' title='bbox 1145 475 1170 527; x_wconf 77' lang='lat'><strong>5.</strong></span> <span class='ocrx_word' id='word_1_13' title='bbox 1186 470 1374 539; x_wconf 83' lang='lat' dir='ltr'><strong>Aupustinum</strong></span> <span class='ocrx_word' id='word_1_14' title='bbox 1397 470 1478 539; x_wconf 85' lang='lat' dir='ltr'><strong>loqui</strong></span> <span class='ocrx_word' id='word_1_15' title='bbox 1501 470 1536 523; x_wconf 90' lang='lat' dir='ltr'><strong>de</strong></span> <span class='ocrx_word' id='word_1_16' title='bbox 1561 470 1718 540; x_wconf 72' lang='lat' dir='ltr'><strong>cognitione</strong></span> <span class='ocrx_word' id='word_1_17' title='bbox 1742 476 1768 525; x_wconf 87' lang='lat' dir='ltr'><strong>et</strong></span> <span class='ocrx_word' id='word_1_18' title='bbox 1785 485 1849 522; x_wconf 86' lang='lat' dir='ltr'><strong>eon·</strong></span> 
     </span>
     <span class='ocr_line' id='line_1_3' title="bbox 153 556 1851 629; baseline -0.002 -17"><span class='ocrx_word' id='word_1_19' title='bbox 153 558 246 612; x_wconf 89' lang='lat' dir='ltr'><strong>divina</strong></span> <span class='ocrx_word' id='word_1_20' title='bbox 265 556 436 613; x_wconf 85' lang='lat' dir='ltr'><strong>revelatione</strong></span> <span class='ocrx_word' id='word_1_21' title='bbox 454 557 551 612; x_wconf 90' lang='lat' dir='ltr'><strong>eadem</strong></span> <span class='ocrx_word' id='word_1_22' title='bbox 572 558 686 629; x_wconf 91' lang='lat' dir='ltr'><strong>cognita</strong></span> <span class='ocrx_word' id='word_1_23' title='bbox 704 557 848 626; x_wconf 88' lang='lat' dir='ltr'><strong>baberent,</strong></span> <span class='ocrx_word' id='word_1_24' title='bbox 867 575 922 613; x_wconf 90' lang='lat' dir='ltr'><strong>non</strong></span> <span class='ocrx_word' id='word_1_25' title='bbox 939 557 986 610; x_wconf 91' lang='lat' dir='ltr'><strong>de·</strong></span> <span class='ocrx_word' id='word_1_26' title='bbox 1013 559 1170 613; x_wconf 65' lang='lat' dir='ltr'><strong>recutiens</strong></span> <span class='ocrx_word' id='word_1_27' title='bbox 1200 558 1329 612; x_wconf 71' lang='lat' dir='ltr'><strong>namrali</strong></span> <span class='ocrx_word' id='word_1_28' title='bbox 1362 566 1446 627; x_wconf 64' lang='lat' dir='ltr'><strong>atqu</strong></span> <span class='ocrx_word' id='word_1_29' title='bbox 1477 558 1511 612; x_wconf 86' lang='lat' dir='ltr'><strong>id</strong></span> <span class='ocrx_word' id='word_1_30' title='bbox 1540 559 1631 614; x_wconf 85' lang='lat' dir='ltr'><strong>solum</strong></span> <span class='ocrx_word' id='word_1_31' title='bbox 1657 557 1742 625; x_wconf 84' lang='lat' dir='ltr'><strong>velle,</strong></span> <span class='ocrx_word' id='word_1_32' title='bbox 1773 556 1851 625; x_wconf 86' lang='lat' dir='ltr'><strong>quod</strong></span> 
     </span>
     <span class='ocr_line' id='line_1_4' title="bbox 150 642 1849 714; baseline -0.004 -14"><span class='ocrx_word' id='word_1_33' title='bbox 150 645 247 700; x_wconf 70' lang='lat' dir='ltr'><strong>berem</strong></span> <span class='ocrx_word' id='word_1_34' title='bbox 265 650 415 714; x_wconf 86' lang='lat' dir='ltr'><strong>propterea</strong></span> <span class='ocrx_word' id='word_1_35' title='bbox 439 642 477 699; x_wconf 82' lang='lat' dir='ltr'><strong>ab</strong></span> <span class='ocrx_word' id='word_1_36' title='bbox 504 643 572 714; x_wconf 90' lang='lat' dir='ltr'><strong>ipsis</strong></span> <span class='ocrx_word' id='word_1_37' title='bbox 590 643 626 698; x_wconf 91' lang='lat' dir='ltr'><strong>ad</strong></span> <span class='ocrx_word' id='word_1_38' title='bbox 645 642 737 699; x_wconf 91' lang='lat' dir='ltr'><strong>Deum</strong></span> <span class='ocrx_word' id='word_1_39' title='bbox 764 660 794 698; x_wconf 90' lang='lat' dir='ltr'><strong>se</strong></span> <span class='ocrx_word' id='word_1_40' title='bbox 819 648 987 698; x_wconf 87' lang='lat' dir='ltr'><strong>convertere.</strong></span> <span class='ocrx_word' id='word_1_41' title='bbox 1013 645 1119 697; x_wconf 84' lang='lat' dir='ltr'><strong>mortui</strong></span> <span class='ocrx_word' id='word_1_42' title='bbox 1134 662 1192 698; x_wconf 91' lang='lat' dir='ltr'><strong>non</strong></span> <span class='ocrx_word' id='word_1_43' title='bbox 1210 652 1356 698; x_wconf 72' lang='lat' dir='ltr'><strong>oerssnur</strong></span> <span class='ocrx_word' id='word_1_44' title='bbox 1376 644 1526 711; x_wconf 81' lang='lat' dir='ltr'><strong>nobiscum,</strong></span> <span class='ocrx_word' id='word_1_45' title='bbox 1545 661 1595 698; x_wconf 86' lang='lat' dir='ltr'><strong>nee</strong></span> <span class='ocrx_word' id='word_1_46' title='bbox 1612 644 1669 697; x_wconf 85' lang='lat' dir='ltr'><strong>sint</strong></span> <span class='ocrx_word' id='word_1_47' title='bbox 1687 642 1794 697; x_wconf 85' lang='lat' dir='ltr'><strong>soliciti</strong></span> <span class='ocrx_word' id='word_1_48' title='bbox 1814 643 1849 694; x_wconf 85' lang='lat' dir='ltr'><strong>de</strong></span> 
     </span>
     <span class='ocr_line' id='line_1_5' title="bbox 152 727 1850 799; baseline -0.003 -14"><span class='ocrx_word' id='word_1_49' title='bbox 152 729 263 785; x_wconf 82' lang='lat' dir='ltr'><strong>Sufficit</strong></span> <span class='ocrx_word' id='word_1_50' title='bbox 280 730 354 784; x_wconf 93' lang='lat' dir='ltr'><strong>enim</strong></span> <span class='ocrx_word' id='word_1_51' title='bbox 374 730 410 784; x_wconf 88' lang='lat' dir='ltr'><strong>ad</strong></span> <span class='ocrx_word' id='word_1_52' title='bbox 435 734 595 784; x_wconf 89' lang='lat' dir='ltr'><strong>sanctorum</strong></span> <span class='ocrx_word' id='word_1_53' title='bbox 620 729 822 784; x_wconf 80' lang='lat' dir='ltr'><strong>invocationem</strong></span> <span class='ocrx_word' id='word_1_54' title='bbox 842 746 876 785; x_wconf 88' lang='lat' dir='ltr'><strong>ex</strong></span> <span class='ocrx_word' id='word_1_55' title='bbox 900 728 987 799; x_wconf 83' lang='lat' dir='ltr'><strong>hypo·</strong></span> <span class='ocrx_word' id='word_1_56' title='bbox 1000 746 1002 785; x_wconf 84' lang='grc' dir='ltr'>ι</span> <span class='ocrx_word' id='word_1_57' title='bbox 1014 729 1097 783; x_wconf 73' lang='lat' dir='ltr'><strong>rann</strong></span> <span class='ocrx_word' id='word_1_58' title='bbox 1113 730 1233 799; x_wconf 81' lang='lat' dir='ltr'><strong>nostris,</strong></span> <span class='ocrx_word' id='word_1_59' title='bbox 1258 747 1309 783; x_wconf 86' lang='lat' dir='ltr'><strong>neo</strong></span> <span class='ocrx_word' id='word_1_60' title='bbox 1327 745 1376 783; x_wconf 86' lang='lat' dir='ltr'><strong>eas</strong></span> <span class='ocrx_word' id='word_1_61' title='bbox 1395 737 1575 799; x_wconf 72' lang='lat' dir='ltr'><strong>cognoscant,</strong></span> <span class='ocrx_word' id='word_1_62' title='bbox 1600 730 1674 783; x_wconf 85' lang='lat' dir='ltr'><strong>sieut</strong></span> <span class='ocrx_word' id='word_1_63' title='bbox 1693 727 1850 794; x_wconf 82' lang='lat' dir='ltr'><strong>faciebant,</strong></span> 
     </span>
     <span class='ocr_line' id='line_1_6' title="bbox 150 790 1851 885; baseline -0.003 -15"><span class='ocrx_word' id='word_1_64' title='bbox 150 815 222 870; x_wconf 88' lang='lat' dir='ltr'><strong>thesi</strong></span> <span class='ocrx_word' id='word_1_65' title='bbox 242 814 398 879; x_wconf 85' lang='lat' dir='ltr'><strong>Pontificia‚</strong></span> <span class='ocrx_word' id='word_1_66' title='bbox 418 823 528 870; x_wconf 73' lang='lat' dir='ltr'><strong>muetos</strong></span> <span class='ocrx_word' id='word_1_67' title='bbox 548 814 627 881; x_wconf 88' lang='lat' dir='ltr'><strong>scire,</strong></span> <span class='ocrx_word' id='word_1_68' title='bbox 646 815 714 884; x_wconf 90' lang='lat' dir='ltr'><strong>quid</strong></span> <span class='ocrx_word' id='word_1_69' title='bbox 734 814 763 869; x_wconf 91' lang='lat' dir='ltr'><strong>in</strong></span> <span class='ocrx_word' id='word_1_70' title='bbox 780 815 861 869; x_wconf 89' lang='lat' dir='ltr'><strong>terris</strong></span> <span class='ocrx_word' id='word_1_71' title='bbox 879 823 988 885; x_wconf 90' lang='lat' dir='ltr'><strong>agatur,</strong></span> <span class='ocrx_word' id='word_1_72' title='bbox 1000 790 1002 884; x_wconf 73' lang='lat' dir='ltr'><strong>l</strong></span> <span class='ocrx_word' id='word_1_73' title='bbox 1014 832 1077 868; x_wconf 84' lang='lat' dir='ltr'><strong>eum</strong></span> <span class='ocrx_word' id='word_1_74' title='bbox 1101 816 1147 869; x_wconf 78' lang='lat' dir='ltr'><strong>irie</strong></span> <span class='ocrx_word' id='word_1_75' title='bbox 1174 815 1314 885; x_wconf 72' lang='lat' dir='ltr'><strong>eirrerent5</strong></span> <span class='ocrx_word' id='word_1_76' title='bbox 1348 816 1460 869; x_wconf 82' lang='lat' dir='ltr'><strong>iuterim</strong></span> <span class='ocrx_word' id='word_1_77' title='bbox 1487 823 1580 868; x_wconf 86' lang='lat' dir='ltr'><strong>tamen</strong></span> <span class='ocrx_word' id='word_1_78' title='bbox 1605 822 1743 883; x_wconf 73' lang='lat' dir='ltr'><strong>statum,</strong></span> <span class='ocrx_word' id='word_1_79' title='bbox 1774 813 1851 882; x_wconf 86' lang='lat' dir='ltr'><strong>quod</strong></span> 
     </span>
     <span class='ocr_line' id='line_1_7' title="bbox 151 891 1850 975; baseline -0.003 -20"><span class='ocrx_word' id='word_1_80' title='bbox 151 902 174 955; x_wconf 88' lang='lat' dir='ltr'><strong>si</strong></span> <span class='ocrx_word' id='word_1_81' title='bbox 192 901 237 956; x_wconf 88' lang='lat' dir='ltr'><strong>vel</strong></span> <span class='ocrx_word' id='word_1_82' title='bbox 257 902 374 956; x_wconf 83' lang='lat' dir='ltr'><strong>maxime</strong></span> <span class='ocrx_word' id='word_1_83' title='bbox 393 901 556 956; x_wconf 72' lang='lat' dir='ltr'><strong>naturaliter</strong></span> <span class='ocrx_word' id='word_1_84' title='bbox 567 901 636 956; x_wconf 89' lang='lat' dir='ltr'><strong>illud</strong></span> <span class='ocrx_word' id='word_1_85' title='bbox 655 919 711 956; x_wconf 92' lang='lat' dir='ltr'><strong>non</strong></span> <span class='ocrx_word' id='word_1_86' title='bbox 732 901 827 955; x_wconf 87' lang='lat' dir='ltr'><strong>sciant.</strong></span> <span class='ocrx_word' id='word_1_87' title='bbox 860 907 884 957; x_wconf 86' lang='lat'><strong>8.</strong></span> <span class='ocrx_word' id='word_1_88' title='bbox 903 891 1273 975; x_wconf 73' lang='lat' dir='ltr'><strong>Quid-lsrqrernaturatiter</strong></span> <span class='ocrx_word' id='word_1_89' title='bbox 1291 901 1384 954; x_wconf 71' lang='lat' dir='ltr'><strong>edent</strong></span> <span class='ocrx_word' id='word_1_90' title='bbox 1403 902 1502 954; x_wconf 82' lang='lat' dir='ltr'><strong>diuina</strong></span> <span class='ocrx_word' id='word_1_91' title='bbox 1519 901 1697 967; x_wconf 69' lang='lat' dir='ltr'><strong>revelatione,</strong></span> <span class='ocrx_word' id='word_1_92' title='bbox 1715 915 1787 968; x_wconf 65' lang='lat' dir='ltr'><strong>meae</strong></span> <span class='ocrx_word' id='word_1_93' title='bbox 1804 897 1850 950; x_wconf 81' lang='lat' dir='ltr'><strong>bie</strong></span> 
     </span>
     <span class='ocr_line' id='line_1_8' title="bbox 154 983 1850 1059; baseline -0.004 -17"><span class='ocrx_word' id='word_1_94' title='bbox 154 987 265 1059; x_wconf 90' lang='lat' dir='ltr'><strong>quidin</strong></span> <span class='ocrx_word' id='word_1_95' title='bbox 283 987 457 1058; x_wconf 89' lang='lat' dir='ltr'><strong>oppositione</strong></span> <span class='ocrx_word' id='word_1_96' title='bbox 476 987 636 1042; x_wconf 87' lang='lat' dir='ltr'><strong>immediata</strong></span> <span class='ocrx_word' id='word_1_97' title='bbox 661 987 696 1042; x_wconf 91' lang='lat' dir='ltr'><strong>de</strong></span> <span class='ocrx_word' id='word_1_98' title='bbox 720 1003 776 1040; x_wconf 93' lang='lat' dir='ltr'><strong>uno</strong></span> <span class='ocrx_word' id='word_1_99' title='bbox 799 987 989 1058; x_wconf 87' lang='lat' dir='ltr'><strong>oppositorum</strong></span> <span class='ocrx_word' id='word_1_100' title='bbox 1015 995 1138 1056; x_wconf 79' lang='lat' dir='ltr'><strong>apuntur</strong></span> <span class='ocrx_word' id='word_1_101' title='bbox 1162 1005 1225 1057; x_wconf 80' lang='lat' dir='ltr'><strong>cap.</strong></span> <span class='ocrx_word' id='word_1_102' title='bbox 1250 992 1291 1042; x_wconf 77' lang='lat'><strong>15.</strong></span> <span class='ocrx_word' id='word_1_103' title='bbox 1323 995 1350 1040; x_wconf 91' lang='lat' dir='ltr'><strong>et</strong></span> <span class='ocrx_word' id='word_1_104' title='bbox 1378 989 1456 1056; x_wconf 84' lang='lat' dir='ltr'><strong>quod</strong></span> <span class='ocrx_word' id='word_1_105' title='bbox 1486 987 1585 1039; x_wconf 83' lang='lat' dir='ltr'><strong>diuina</strong></span> <span class='ocrx_word' id='word_1_106' title='bbox 1613 989 1715 1041; x_wconf 84' lang='lat' dir='ltr'><strong>virtute</strong></span> <span class='ocrx_word' id='word_1_107' title='bbox 1738 983 1850 1053; x_wconf 80' lang='lat' dir='ltr'><strong>possint</strong></span> 
     </span>
     <span class='ocr_line' id='line_1_9' title="bbox 151 1071 1850 1145; baseline -0.002 -18"><span class='ocrx_word' id='word_1_108' title='bbox 151 1072 306 1128; x_wconf 80' lang='lat' dir='ltr'><strong>affirmatur</strong></span> <span class='ocrx_word' id='word_1_109' title='bbox 336 1079 365 1128; x_wconf 88' lang='lat' dir='ltr'><strong>et</strong></span> <span class='ocrx_word' id='word_1_110' title='bbox 395 1074 431 1128; x_wconf 93' lang='lat' dir='ltr'><strong>de</strong></span> <span class='ocrx_word' id='word_1_111' title='bbox 460 1073 549 1128; x_wconf 88' lang='lat' dir='ltr'><strong>altero</strong></span> <span class='ocrx_word' id='word_1_112' title='bbox 590 1090 718 1144; x_wconf 75' lang='lat' dir='ltr'>expresse</span> <span class='ocrx_word' id='word_1_113' title='bbox 749 1080 881 1145; x_wconf 77' lang='lat' dir='ltr'><strong>negetur,</strong></span> <span class='ocrx_word' id='word_1_114' title='bbox 919 1072 988 1126; x_wconf 92' lang='lat' dir='ltr'><strong>illud</strong></span> <span class='ocrx_word' id='word_1_115' title='bbox 1015 1076 1067 1129; x_wconf 79' lang='lat' dir='ltr'><strong>hus</strong></span> <span class='ocrx_word' id='word_1_116' title='bbox 1086 1074 1180 1128; x_wconf 87' lang='lat' dir='ltr'><strong>uenire</strong></span> <span class='ocrx_word' id='word_1_117' title='bbox 1200 1082 1227 1127; x_wconf 86' lang='lat' dir='ltr'><strong>et</strong></span> <span class='ocrx_word' id='word_1_118' title='bbox 1245 1074 1324 1127; x_wconf 73' lang='lat' dir='ltr'><strong>nodis</strong></span> <span class='ocrx_word' id='word_1_119' title='bbox 1341 1091 1422 1142; x_wconf 84' lang='lat' dir='ltr'><strong>opem</strong></span> <span class='ocrx_word' id='word_1_120' title='bbox 1447 1074 1529 1138; x_wconf 81' lang='lat' dir='ltr'><strong>ferre</strong></span> <span class='ocrx_word' id='word_1_121' title='bbox 1555 1090 1619 1142; x_wconf 83' lang='lat' dir='ltr'><strong>cop.</strong></span> <span class='ocrx_word' id='word_1_122' title='bbox 1638 1075 1681 1129; x_wconf 81' lang='lat'><strong>16.</strong></span> <span class='ocrx_word' id='word_1_123' title='bbox 1724 1071 1850 1141; x_wconf 86' lang='lat' dir='ltr'><strong>Respon-</strong></span> 
     </span>
     <span class='ocr_line' id='line_1_10' title="bbox 150 1157 1850 1231; baseline -0.002 -17"><span class='ocrx_word' id='word_1_124' title='bbox 150 1159 228 1214; x_wconf 88' lang='lat' dir='ltr'><strong>salva</strong></span> <span class='ocrx_word' id='word_1_125' title='bbox 253 1159 435 1229; x_wconf 87' lang='lat' dir='ltr'><strong>oppositionis</strong></span> <span class='ocrx_word' id='word_1_126' title='bbox 459 1159 521 1230; x_wconf 90' lang='lat' dir='ltr'><strong>lege</strong></span> <span class='ocrx_word' id='word_1_127' title='bbox 551 1159 628 1214; x_wconf 91' lang='lat' dir='ltr'><strong>nullo</strong></span> <span class='ocrx_word' id='word_1_128' title='bbox 654 1166 782 1230; x_wconf 90' lang='lat' dir='ltr'><strong>respectu</strong></span> <span class='ocrx_word' id='word_1_129' title='bbox 805 1158 860 1227; x_wconf 91' lang='lat' dir='ltr'><strong>illi,</strong></span> <span class='ocrx_word' id='word_1_130' title='bbox 882 1157 917 1214; x_wconf 91' lang='lat' dir='ltr'><strong>de</strong></span> <span class='ocrx_word' id='word_1_131' title='bbox 934 1174 989 1229; x_wconf 92' lang='lat' dir='ltr'><strong>quo</strong></span> <span class='ocrx_word' id='word_1_132' title='bbox 1016 1162 1127 1215; x_wconf 87' lang='lat' dir='ltr'><strong>demus:</strong></span> <span class='ocrx_word' id='word_1_133' title='bbox 1155 1165 1184 1215; x_wconf 89' lang='lat'><strong>1..</strong></span> <span class='ocrx_word' id='word_1_134' title='bbox 1202 1159 1377 1231; x_wconf 74' lang='lat' dir='ltr'><strong>Augustinus</strong></span> <span class='ocrx_word' id='word_1_135' title='bbox 1400 1176 1433 1214; x_wconf 89' lang='lat' dir='ltr'><strong>ex</strong></span> <span class='ocrx_word' id='word_1_136' title='bbox 1459 1159 1524 1215; x_wconf 83' lang='lat' dir='ltr'><strong>Esa.</strong></span> <span class='ocrx_word' id='word_1_137' title='bbox 1550 1165 1591 1215; x_wconf 82' lang='grc'><strong>64.</strong></span> <span class='ocrx_word' id='word_1_138' title='bbox 1614 1164 1643 1213; x_wconf 89' lang='lat' dir='ltr'><strong>et</strong></span> <span class='ocrx_word' id='word_1_139' title='bbox 1668 1164 1692 1216; x_wconf 84' lang='lat'><strong>2.</strong></span> <span class='ocrx_word' id='word_1_140' title='bbox 1719 1157 1788 1229; x_wconf 85' lang='lat' dir='ltr'><strong>Beg.</strong></span> <span class='ocrx_word' id='word_1_141' title='bbox 1809 1162 1850 1212; x_wconf 81' lang='lat'><strong>22.</strong></span> 
     </span>
     <span class='ocr_line' id='line_1_11' title="bbox 152 1243 1851 1317; baseline 0.001 -19"><span class='ocrx_word' id='word_1_142' title='bbox 152 1250 285 1315; x_wconf 86' lang='lat' dir='ltr'><strong>negatur,</strong></span> <span class='ocrx_word' id='word_1_143' title='bbox 314 1244 430 1300; x_wconf 88' lang='lat' dir='ltr'><strong>attribui</strong></span> <span class='ocrx_word' id='word_1_144' title='bbox 455 1252 553 1315; x_wconf 83' lang='lat' dir='ltr'><strong>potest</strong></span> <span class='ocrx_word' id='word_1_145' title='bbox 591 1245 679 1316; x_wconf 83' lang='lat' dir='ltr'><strong>Atqui</strong></span> <span class='ocrx_word' id='word_1_146' title='bbox 698 1244 769 1299; x_wconf 89' lang='lat' dir='ltr'><strong>scira</strong></span> <span class='ocrx_word' id='word_1_147' title='bbox 786 1261 834 1313; x_wconf 90' lang='lat' dir='ltr'><strong>ea,</strong></span> <span class='ocrx_word' id='word_1_148' title='bbox 863 1261 935 1317; x_wconf 90' lang='lat' dir='ltr'><strong>quae</strong></span> <span class='ocrx_word' id='word_1_149' title='bbox 960 1245 988 1298; x_wconf 93' lang='lat' dir='ltr'><strong>in</strong></span> <span class='ocrx_word' id='word_1_150' title='bbox 1016 1246 1128 1316; x_wconf 90' lang='lat' dir='ltr'><strong>probat,</strong></span> <span class='ocrx_word' id='word_1_151' title='bbox 1159 1251 1281 1301; x_wconf 90' lang='lat' dir='ltr'><strong>mortuos</strong></span> <span class='ocrx_word' id='word_1_152' title='bbox 1310 1246 1425 1309; x_wconf 87' lang='lat' dir='ltr'><strong>nescire,</strong></span> <span class='ocrx_word' id='word_1_153' title='bbox 1453 1261 1525 1316; x_wconf 91' lang='lat' dir='ltr'><strong>quae</strong></span> <span class='ocrx_word' id='word_1_154' title='bbox 1556 1244 1586 1298; x_wconf 92' lang='lat' dir='ltr'><strong>in</strong></span> <span class='ocrx_word' id='word_1_155' title='bbox 1614 1243 1693 1299; x_wconf 90' lang='lat' dir='ltr'><strong>terris</strong></span> <span class='ocrx_word' id='word_1_156' title='bbox 1723 1251 1851 1314; x_wconf 71' lang='lat' dir='ltr'><strong>aguntur,</strong></span> 
     </span>
     <span class='ocr_line' id='line_1_12' title="bbox 152 1329 1852 1405; baseline 0 -21"><span class='ocrx_word' id='word_1_157' title='bbox 152 1330 232 1384; x_wconf 90' lang='lat' dir='ltr'><strong>terris</strong></span> <span class='ocrx_word' id='word_1_158' title='bbox 251 1337 398 1402; x_wconf 90' lang='lat' dir='ltr'><strong>geruntur,</strong></span> <span class='ocrx_word' id='word_1_159' title='bbox 425 1330 461 1385; x_wconf 90' lang='lat' dir='ltr'><strong>de</strong></span> <span class='ocrx_word' id='word_1_160' title='bbox 477 1330 538 1384; x_wconf 93' lang='lat' dir='ltr'><strong>Deo</strong></span> <span class='ocrx_word' id='word_1_161' title='bbox 564 1329 738 1399; x_wconf 85' lang='lat' dir='ltr'><strong>affirmatur,</strong></span> <span class='ocrx_word' id='word_1_162' title='bbox 765 1331 802 1385; x_wconf 93' lang='lat' dir='ltr'><strong>de</strong></span> <span class='ocrx_word' id='word_1_163' title='bbox 820 1330 989 1397; x_wconf 90' lang='lat' dir='ltr'><strong>Abrahamo,</strong></span> <span class='ocrx_word' id='word_1_164' title='bbox 1015 1333 1102 1405; x_wconf 87' lang='lat' dir='ltr'><strong>Atqui</strong></span> <span class='ocrx_word' id='word_1_165' title='bbox 1120 1350 1154 1388; x_wconf 87' lang='lat' dir='ltr'><strong>ex</strong></span> <span class='ocrx_word' id='word_1_166' title='bbox 1174 1333 1235 1404; x_wconf 90' lang='lat' dir='ltr'><strong>ipso</strong></span> <span class='ocrx_word' id='word_1_167' title='bbox 1252 1333 1422 1388; x_wconf 89' lang='lat' dir='ltr'><strong>Bellarmino</strong></span> <span class='ocrx_word' id='word_1_168' title='bbox 1437 1331 1692 1399; x_wconf 81' lang='lat' dir='ltr'><strong>demonstravimus,</strong></span> <span class='ocrx_word' id='word_1_169' title='bbox 1711 1329 1787 1385; x_wconf 88' lang='lat' dir='ltr'><strong>dieta</strong></span> <span class='ocrx_word' id='word_1_170' title='bbox 1803 1329 1852 1384; x_wconf 91' lang='lat' dir='ltr'><strong>illa</strong></span> 
     </span>
     <span class='ocr_line' id='line_1_13' title="bbox 150 1416 1850 1488; baseline 0 -17"><span class='ocrx_word' id='word_1_171' title='bbox 150 1416 253 1472; x_wconf 83' lang='lat' dir='ltr'><strong>lsraiile</strong></span> <span class='ocrx_word' id='word_1_172' title='bbox 277 1423 306 1470; x_wconf 90' lang='lat' dir='ltr'><strong>et</strong></span> <span class='ocrx_word' id='word_1_173' title='bbox 335 1416 437 1471; x_wconf 77' lang='lat' dir='ltr'><strong>muntia</strong></span> <span class='ocrx_word' id='word_1_174' title='bbox 465 1417 603 1471; x_wconf 87' lang='lat' dir='ltr'><strong>defunctis</strong></span> <span class='ocrx_word' id='word_1_175' title='bbox 630 1424 755 1488; x_wconf 90' lang='lat' dir='ltr'><strong>negatur.</strong></span> <span class='ocrx_word' id='word_1_176' title='bbox 807 1417 882 1487; x_wconf 87' lang='lat' dir='ltr'><strong>Ergo</strong></span> <span class='ocrx_word' id='word_1_177' title='bbox 912 1417 990 1470; x_wconf 85' lang='lat' dir='ltr'><strong>salva</strong></span> <span class='ocrx_word' id='word_1_178' title='bbox 1017 1420 1165 1474; x_wconf 87' lang='lat' dir='ltr'><strong>excludere</strong></span> <span class='ocrx_word' id='word_1_179' title='bbox 1183 1438 1239 1474; x_wconf 93' lang='lat' dir='ltr'><strong>non</strong></span> <span class='ocrx_word' id='word_1_180' title='bbox 1258 1419 1346 1475; x_wconf 91' lang='lat' dir='ltr'><strong>solum</strong></span> <span class='ocrx_word' id='word_1_181' title='bbox 1366 1419 1494 1474; x_wconf 89' lang='lat' dir='ltr'><strong>notitiam</strong></span> <span class='ocrx_word' id='word_1_182' title='bbox 1512 1419 1680 1484; x_wconf 84' lang='lat' dir='ltr'><strong>naturalem,</strong></span> <span class='ocrx_word' id='word_1_183' title='bbox 1700 1416 1850 1472; x_wconf 90' lang='lat' dir='ltr'><strong>sedetiam</strong></span> 
     </span>
     <span class='ocr_line' id='line_1_14' title="bbox 151 1501 1851 1576; baseline 0 -20"><span class='ocrx_word' id='word_1_184' title='bbox 151 1501 332 1574; x_wconf 88' lang='lat' dir='ltr'><strong>oppositionis</strong></span> <span class='ocrx_word' id='word_1_185' title='bbox 358 1503 421 1574; x_wconf 88' lang='lat' dir='ltr'><strong>lege</strong></span> <span class='ocrx_word' id='word_1_186' title='bbox 447 1521 503 1558; x_wconf 92' lang='lat' dir='ltr'><strong>non</strong></span> <span class='ocrx_word' id='word_1_187' title='bbox 528 1508 620 1573; x_wconf 89' lang='lat' dir='ltr'><strong>potest</strong></span> <span class='ocrx_word' id='word_1_188' title='bbox 639 1510 715 1558; x_wconf 89' lang='lat' dir='ltr'><strong>certo</strong></span> <span class='ocrx_word' id='word_1_189' title='bbox 740 1511 867 1573; x_wconf 88' lang='lat' dir='ltr'><strong>respectu</strong></span> <span class='ocrx_word' id='word_1_190' title='bbox 886 1502 988 1557; x_wconf 89' lang='lat' dir='ltr'><strong>sanctis</strong></span> <span class='ocrx_word' id='word_1_191' title='bbox 1016 1505 1263 1576; x_wconf 75' lang='lat' dir='ltr'><strong>supernaturalem,</strong></span> <span class='ocrx_word' id='word_1_192' title='bbox 1283 1505 1349 1576; x_wconf 91' lang='lat' dir='ltr'><strong>quia</strong></span> <span class='ocrx_word' id='word_1_193' title='bbox 1365 1505 1517 1576; x_wconf 90' lang='lat' dir='ltr'><strong>loquuntur</strong></span> <span class='ocrx_word' id='word_1_194' title='bbox 1534 1504 1569 1559; x_wconf 92' lang='lat' dir='ltr'><strong>de</strong></span> <span class='ocrx_word' id='word_1_195' title='bbox 1586 1501 1851 1575; x_wconf 89' lang='lat' dir='ltr'><strong>patribusinlimbo</strong></span> 
     </span>
     <span class='ocr_line' id='line_1_15' title="bbox 152 1588 1852 1664; baseline -0.001 -20"><span class='ocrx_word' id='word_1_196' title='bbox 152 1588 245 1657; x_wconf 89' lang='lat' dir='ltr'><strong>tribui,</strong></span> <span class='ocrx_word' id='word_1_197' title='bbox 266 1595 294 1644; x_wconf 89' lang='lat' dir='ltr'><strong>et</strong></span> <span class='ocrx_word' id='word_1_198' title='bbox 310 1605 360 1658; x_wconf 89' lang='lat' dir='ltr'><strong>per</strong></span> <span class='ocrx_word' id='word_1_199' title='bbox 374 1603 545 1659; x_wconf 90' lang='lat' dir='ltr'><strong>consequens</strong></span> <span class='ocrx_word' id='word_1_200' title='bbox 558 1589 613 1644; x_wconf 89' lang='lat' dir='ltr'><strong>dici</strong></span> <span class='ocrx_word' id='word_1_201' title='bbox 631 1589 736 1659; x_wconf 89' lang='lat' dir='ltr'><strong>nequit,</strong></span> <span class='ocrx_word' id='word_1_202' title='bbox 754 1589 829 1660; x_wconf 89' lang='lat' dir='ltr'><strong>q&#39;uod</strong></span> <span class='ocrx_word' id='word_1_203' title='bbox 846 1589 989 1660; x_wconf 89' lang='lat' dir='ltr'><strong>ignorave-</strong></span> <span class='ocrx_word' id='word_1_204' title='bbox 1016 1593 1173 1647; x_wconf 86' lang='lat' dir='ltr'><strong>constitutis</strong></span> <span class='ocrx_word' id='word_1_205' title='bbox 1193 1608 1226 1646; x_wconf 92' lang='lat' dir='ltr'><strong>ac</strong></span> <span class='ocrx_word' id='word_1_206' title='bbox 1245 1592 1362 1664; x_wconf 91' lang='lat' dir='ltr'><strong>proinde</strong></span> <span class='ocrx_word' id='word_1_207' title='bbox 1380 1591 1502 1646; x_wconf 87' lang='lat' dir='ltr'><strong>nondum</strong></span> <span class='ocrx_word' id='word_1_208' title='bbox 1521 1590 1618 1646; x_wconf 91' lang='lat' dir='ltr'><strong>beatis.</strong></span> <span class='ocrx_word' id='word_1_209' title='bbox 1649 1597 1672 1645; x_wconf 82' lang='lat' dir='ltr'><strong>t.</strong></span> <span class='ocrx_word' id='word_1_210' title='bbox 1689 1591 1748 1644; x_wconf 91' lang='lat' dir='ltr'><strong>Aut</strong></span> <span class='ocrx_word' id='word_1_211' title='bbox 1764 1589 1852 1644; x_wconf 91' lang='lat' dir='ltr'><strong>credi-</strong></span> 
     </span>
     <span class='ocr_line' id='line_1_16' title="bbox 153 1674 1853 1750; baseline 0 -22"><span class='ocrx_word' id='word_1_212' title='bbox 153 1674 208 1729; x_wconf 91' lang='lat' dir='ltr'><strong>rint</strong></span> <span class='ocrx_word' id='word_1_213' title='bbox 229 1691 262 1728; x_wconf 92' lang='lat' dir='ltr'><strong>ea</strong></span> <span class='ocrx_word' id='word_1_214' title='bbox 279 1674 451 1744; x_wconf 84' lang='lat' dir='ltr'><strong>naturaliter,</strong></span> <span class='ocrx_word' id='word_1_215' title='bbox 469 1675 601 1730; x_wconf 88' lang='lat' dir='ltr'><strong>sciverint</strong></span> <span class='ocrx_word' id='word_1_216' title='bbox 615 1691 680 1730; x_wconf 90' lang='lat' dir='ltr'><strong>vero</strong></span> <span class='ocrx_word' id='word_1_217' title='bbox 693 1675 941 1746; x_wconf 82' lang='lat' dir='ltr'><strong>supernaturaliter</strong></span> <span class='ocrx_word' id='word_1_218' title='bbox 954 1691 988 1730; x_wconf 87' lang='lat' dir='ltr'><strong>ex</strong></span> <span class='ocrx_word' id='word_1_219' title='bbox 1018 1678 1059 1732; x_wconf 92' lang='lat' dir='ltr'><strong>dit</strong></span> <span class='ocrx_word' id='word_1_220' title='bbox 1074 1677 1264 1750; x_wconf 83' lang='lat' dir='ltr'><strong>Augustinus,</strong></span> <span class='ocrx_word' id='word_1_221' title='bbox 1295 1683 1405 1732; x_wconf 89' lang='lat' dir='ltr'><strong>sanctos</strong></span> <span class='ocrx_word' id='word_1_222' title='bbox 1434 1676 1497 1731; x_wconf 91' lang='lat' dir='ltr'><strong>illos</strong></span> <span class='ocrx_word' id='word_1_223' title='bbox 1524 1676 1611 1731; x_wconf 87' lang='lat' dir='ltr'><strong>fuisse</strong></span> <span class='ocrx_word' id='word_1_224' title='bbox 1628 1676 1657 1730; x_wconf 93' lang='lat' dir='ltr'><strong>in</strong></span> <span class='ocrx_word' id='word_1_225' title='bbox 1676 1675 1775 1739; x_wconf 88' lang='lat' dir='ltr'><strong>limbo,</strong></span> <span class='ocrx_word' id='word_1_226' title='bbox 1803 1680 1853 1729; x_wconf 87' lang='lat' dir='ltr'><strong>aut</strong></span> 
     </span>
     <span class='ocr_line' id='line_1_17' title="bbox 153 1759 1852 1836; baseline 0.001 -23"><span class='ocrx_word' id='word_1_227' title='bbox 153 1759 286 1830; x_wconf 78' lang='lat' dir='ltr'><strong>peculiari</strong></span> <span class='ocrx_word' id='word_1_228' title='bbox 305 1759 482 1815; x_wconf 85' lang='lat' dir='ltr'><strong>revelatione.</strong></span> <span class='ocrx_word' id='word_1_229' title='bbox 1015 1765 1130 1819; x_wconf 90' lang='lat' dir='ltr'><strong>limbum</strong></span> <span class='ocrx_word' id='word_1_230' title='bbox 1150 1763 1296 1836; x_wconf 83' lang='lat' dir='ltr'><strong>ignoravit.</strong></span> <span class='ocrx_word' id='word_1_231' title='bbox 1335 1762 1365 1819; x_wconf 84' lang='lat' dir='ltr'><strong>si</strong></span> <span class='ocrx_word' id='word_1_232' title='bbox 1382 1763 1469 1834; x_wconf 89' lang='lat' dir='ltr'><strong>prius,</strong></span> <span class='ocrx_word' id='word_1_233' title='bbox 1488 1764 1574 1818; x_wconf 89' lang='lat' dir='ltr'><strong>verba</strong></span> <span class='ocrx_word' id='word_1_234' title='bbox 1594 1765 1653 1834; x_wconf 87' lang='lat' dir='ltr'><strong>ejus</strong></span> <span class='ocrx_word' id='word_1_235' title='bbox 1671 1779 1727 1816; x_wconf 93' lang='lat' dir='ltr'><strong>non</strong></span> <span class='ocrx_word' id='word_1_236' title='bbox 1744 1767 1852 1817; x_wconf 89' lang='lat' dir='ltr'><strong>tantum</strong></span> 
     </span>
     <span class='ocr_line' id='line_1_18' title="bbox 188 1846 1851 1917; baseline -0.001 -15"><span class='ocrx_word' id='word_1_237' title='bbox 188 1852 249 1902; x_wconf 76' lang='grc'><strong>317.</strong></span> <span class='ocrx_word' id='word_1_238' title='bbox 284 1851 309 1903; x_wconf 76' lang='lat' dir='ltr'><strong>A</strong></span> <span class='ocrx_word' id='word_1_239' title='bbox 333 1849 438 1902; x_wconf 85' lang='lat' dir='ltr'><strong>Locum</strong></span> <span class='ocrx_word' id='word_1_240' title='bbox 461 1849 488 1902; x_wconf 83' lang='lat'><strong>2.</strong></span> <span class='ocrx_word' id='word_1_241' title='bbox 506 1847 578 1917; x_wconf 65' lang='grc' dir='ltr'><strong>Περ.</strong></span> <span class='ocrx_word' id='word_1_242' title='bbox 604 1849 651 1901; x_wconf 82' lang='lat'><strong>22.</strong></span> <span class='ocrx_word' id='word_1_243' title='bbox 677 1865 734 1902; x_wconf 87' lang='lat' dir='ltr'><strong>nen</strong></span> <span class='ocrx_word' id='word_1_244' title='bbox 755 1848 886 1902; x_wconf 75' lang='lat' dir='ltr'><strong>ridebam</strong></span> <span class='ocrx_word' id='word_1_245' title='bbox 915 1846 991 1903; x_wconf 86' lang='lat' dir='ltr'><strong>oculi</strong></span> <span class='ocrx_word' id='word_1_246' title='bbox 1017 1852 1052 1906; x_wconf 88' lang='lat' dir='ltr'><strong>de</strong></span> <span class='ocrx_word' id='word_1_247' title='bbox 1078 1851 1214 1905; x_wconf 89' lang='lat' dir='ltr'><strong>naturalis</strong></span> <span class='ocrx_word' id='word_1_248' title='bbox 1233 1851 1362 1913; x_wconf 87' lang='lat' dir='ltr'><strong>notitiae,</strong></span> <span class='ocrx_word' id='word_1_249' title='bbox 1388 1850 1437 1905; x_wconf 91' lang='lat' dir='ltr'><strong>sed</strong></span> <span class='ocrx_word' id='word_1_250' title='bbox 1465 1851 1548 1905; x_wconf 91' lang='lat' dir='ltr'><strong>etiam</strong></span> <span class='ocrx_word' id='word_1_251' title='bbox 1571 1847 1716 1904; x_wconf 84' lang='lat' dir='ltr'><strong>beatificae</strong></span> <span class='ocrx_word' id='word_1_252' title='bbox 1738 1847 1851 1902; x_wconf 85' lang='lat' dir='ltr'><strong>visionis</strong></span> 
     </span>
     <span class='ocr_line' id='line_1_19' title="bbox 155 1933 1851 2008; baseline 0.001 -21"><span class='ocrx_word' id='word_1_253' title='bbox 155 1934 198 1987; x_wconf 88' lang='lat' dir='ltr'><strong>tui</strong></span> <span class='ocrx_word' id='word_1_254' title='bbox 219 1935 310 2001; x_wconf 81' lang='lat' dir='ltr'><strong>male,</strong></span> <span class='ocrx_word' id='word_1_255' title='bbox 338 1936 436 1987; x_wconf 87' lang='lat' dir='ltr'><strong>eodem</strong></span> <span class='ocrx_word' id='word_1_256' title='bbox 459 1934 543 1988; x_wconf 83' lang='lat' dir='ltr'><strong>modo</strong></span> <span class='ocrx_word' id='word_1_257' title='bbox 566 1933 780 2005; x_wconf 70' lang='lat' dir='ltr'><strong>intelligendum</strong></span> <span class='ocrx_word' id='word_1_258' title='bbox 809 1951 883 1999; x_wconf 85' lang='lat' dir='ltr'><strong>esse,</strong></span> <span class='ocrx_word' id='word_1_259' title='bbox 913 1935 991 2004; x_wconf 86' lang='lat' dir='ltr'><strong>quod</strong></span> <span class='ocrx_word' id='word_1_260' title='bbox 1016 1937 1199 2008; x_wconf 83' lang='lat' dir='ltr'><strong>denegatione</strong></span> <span class='ocrx_word' id='word_1_261' title='bbox 1224 1936 1386 2008; x_wconf 85' lang='lat' dir='ltr'><strong>accipienda</strong></span> <span class='ocrx_word' id='word_1_262' title='bbox 1413 1942 1493 2006; x_wconf 73' lang='lat' dir='ltr'><strong>sunt3</strong></span> <span class='ocrx_word' id='word_1_263' title='bbox 1535 1936 1558 1989; x_wconf 88' lang='lat' dir='ltr'><strong>si</strong></span> <span class='ocrx_word' id='word_1_264' title='bbox 1582 1934 1732 2006; x_wconf 89' lang='lat' dir='ltr'><strong>posterius,</strong></span> <span class='ocrx_word' id='word_1_265' title='bbox 1759 1934 1851 1988; x_wconf 70' lang='lat' dir='ltr'><strong>fflmos</strong></span> 
     </span>
     <span class='ocr_line' id='line_1_20' title="bbox 154 2019 1851 2094; baseline 0.001 -22"><span class='ocrx_word' id='word_1_266' title='bbox 154 2020 255 2073; x_wconf 84' lang='lat' dir='ltr'><strong>Josies</strong></span> <span class='ocrx_word' id='word_1_267' title='bbox 269 2027 337 2089; x_wconf 81' lang='lat' dir='ltr'><strong>post</strong></span> <span class='ocrx_word' id='word_1_268' title='bbox 362 2027 479 2074; x_wconf 70' lang='lat' dir='ltr'><strong>snorum</strong></span> <span class='ocrx_word' id='word_1_269' title='bbox 495 2020 669 2074; x_wconf 74' lang='lat' dir='ltr'><strong>naturaliter</strong></span> <span class='ocrx_word' id='word_1_270' title='bbox 692 2039 748 2075; x_wconf 88' lang='lat' dir='ltr'><strong>non</strong></span> <span class='ocrx_word' id='word_1_271' title='bbox 766 2021 896 2085; x_wconf 81' lang='lat' dir='ltr'><strong>sciverit,</strong></span> <span class='ocrx_word' id='word_1_272' title='bbox 921 2021 991 2090; x_wconf 83' lang='lat' dir='ltr'><strong>quid</strong></span> <span class='ocrx_word' id='word_1_273' title='bbox 1016 2022 1140 2078; x_wconf 89' lang='lat' dir='ltr'><strong>vendunt</strong></span> <span class='ocrx_word' id='word_1_274' title='bbox 1161 2022 1310 2090; x_wconf 74' lang='lat' dir='ltr'><strong>pontificii,</strong></span> <span class='ocrx_word' id='word_1_275' title='bbox 1329 2021 1437 2094; x_wconf 88' lang='lat' dir='ltr'><strong>quoties</strong></span> <span class='ocrx_word' id='word_1_276' title='bbox 1456 2039 1507 2092; x_wconf 87' lang='lat' dir='ltr'><strong>pro</strong></span> <span class='ocrx_word' id='word_1_277' title='bbox 1526 2020 1611 2075; x_wconf 93' lang='lat' dir='ltr'><strong>limbo</strong></span> <span class='ocrx_word' id='word_1_278' title='bbox 1628 2019 1798 2074; x_wconf 89' lang='lat' dir='ltr'><strong>adstruendo</strong></span> <span class='ocrx_word' id='word_1_279' title='bbox 1818 2035 1851 2074; x_wconf 88' lang='lat' dir='ltr'><strong>ex</strong></span> 
     </span>
     <span class='ocr_line' id='line_1_21' title="bbox 154 2105 1852 2180; baseline 0.001 -21"><span class='ocrx_word' id='word_1_280' title='bbox 154 2109 275 2160; x_wconf 83' lang='lat' dir='ltr'><strong>virentes</strong></span> <span class='ocrx_word' id='word_1_281' title='bbox 309 2115 403 2173; x_wconf 77' lang='lat' dir='ltr'><strong>epant.</strong></span> <span class='ocrx_word' id='word_1_282' title='bbox 463 2105 688 2177; x_wconf 82' lang='lat' dir='ltr'><strong>Respondemus:</strong></span> <span class='ocrx_word' id='word_1_283' title='bbox 737 2113 759 2163; x_wconf 92' lang='lat' dir='ltr'><strong>l.</strong></span> <span class='ocrx_word' id='word_1_284' title='bbox 795 2107 923 2163; x_wconf 86' lang='lat' dir='ltr'><strong>absolute</strong></span> <span class='ocrx_word' id='word_1_285' title='bbox 956 2122 990 2161; x_wconf 88' lang='lat' dir='ltr'><strong>ac</strong></span> <span class='ocrx_word' id='word_1_286' title='bbox 1017 2109 1176 2180; x_wconf 87' lang='lat' dir='ltr'><strong>Augustino</strong></span> <span class='ocrx_word' id='word_1_287' title='bbox 1202 2107 1360 2164; x_wconf 86' lang='lat' dir='ltr'><strong>testimonia</strong></span> <span class='ocrx_word' id='word_1_288' title='bbox 1382 2106 1535 2179; x_wconf 84' lang='lat' dir='ltr'><strong>proferunt.</strong></span> <span class='ocrx_word' id='word_1_289' title='bbox 1579 2112 1602 2162; x_wconf 88' lang='grc'><strong>3.</strong></span> <span class='ocrx_word' id='word_1_290' title='bbox 1630 2107 1675 2162; x_wconf 91' lang='lat' dir='ltr'><strong>De</strong></span> <span class='ocrx_word' id='word_1_291' title='bbox 1697 2113 1852 2162; x_wconf 90' lang='lat' dir='ltr'><strong>matresua</strong></span> 
     </span>
     <span class='ocr_line' id='line_1_22' title="bbox 156 2192 1850 2270; baseline 0.001 -24"><span class='ocrx_word' id='word_1_292' title='bbox 156 2192 320 2262; x_wconf 87' lang='lat' dir='ltr'><strong>simpliciter</strong></span> <span class='ocrx_word' id='word_1_293' title='bbox 349 2192 512 2262; x_wconf 88' lang='lat' dir='ltr'><strong>pronuntiat</strong></span> <span class='ocrx_word' id='word_1_294' title='bbox 537 2192 687 2249; x_wconf 88' lang='lat' dir='ltr'><strong>Dominus:</strong></span> <span class='ocrx_word' id='word_1_295' title='bbox 726 2195 868 2264; x_wconf 83' lang='lat' dir='ltr'><strong>Oollipem</strong></span> <span class='ocrx_word' id='word_1_296' title='bbox 893 2202 921 2248; x_wconf 88' lang='lat' dir='ltr'><strong>te</strong></span> <span class='ocrx_word' id='word_1_297' title='bbox 948 2195 992 2247; x_wconf 87' lang='lat' dir='ltr'><strong>ad</strong></span> <span class='ocrx_word' id='word_1_298' title='bbox 1017 2197 1192 2267; x_wconf 88' lang='lat' dir='ltr'><strong>pronuntiat,</strong></span> <span class='ocrx_word' id='word_1_299' title='bbox 1211 2195 1297 2270; x_wconf 70' lang='lat' dir='ltr'><strong>¹quod</strong></span> <span class='ocrx_word' id='word_1_300' title='bbox 1324 2195 1406 2249; x_wconf 90' lang='lat' dir='ltr'><strong>beata</strong></span> <span class='ocrx_word' id='word_1_301' title='bbox 1431 2194 1467 2249; x_wconf 92' lang='lat' dir='ltr'><strong>sit</strong></span> <span class='ocrx_word' id='word_1_302' title='bbox 1493 2201 1522 2248; x_wconf 89' lang='lat' dir='ltr'><strong>et</strong></span> <span class='ocrx_word' id='word_1_303' title='bbox 1542 2199 1635 2249; x_wconf 67' lang='lat' dir='ltr'><strong>umen</strong></span> <span class='ocrx_word' id='word_1_304' title='bbox 1653 2199 1850 2266; x_wconf 88' lang='lat' dir='ltr'><strong>postmortem</strong></span> 
     </span>
     <span class='ocr_line' id='line_1_23' title="bbox 153 2279 1852 2351; baseline 0.002 -20"><span class='ocrx_word' id='word_1_305' title='bbox 153 2289 252 2348; x_wconf 87' lang='lat' dir='ltr'><strong>patres</strong></span> <span class='ocrx_word' id='word_1_306' title='bbox 270 2287 347 2347; x_wconf 86' lang='lat' dir='ltr'><strong>tuos,</strong></span> <span class='ocrx_word' id='word_1_307' title='bbox 368 2287 398 2331; x_wconf 89' lang='lat' dir='ltr'><strong>et</strong></span> <span class='ocrx_word' id='word_1_308' title='bbox 416 2297 471 2334; x_wconf 84' lang='lat' dir='ltr'><strong>non</strong></span> <span class='ocrx_word' id='word_1_309' title='bbox 487 2279 602 2334; x_wconf 86' lang='lat' dir='ltr'><strong>rideant</strong></span> <span class='ocrx_word' id='word_1_310' title='bbox 621 2281 699 2334; x_wconf 84' lang='lat' dir='ltr'><strong>oculi</strong></span> <span class='ocrx_word' id='word_1_311' title='bbox 717 2282 761 2334; x_wconf 87' lang='lat' dir='ltr'><strong>tui</strong></span> <span class='ocrx_word' id='word_1_312' title='bbox 778 2281 863 2335; x_wconf 70' lang='lat' dir='ltr'><strong>strala</strong></span> <span class='ocrx_word' id='word_1_313' title='bbox 901 2280 989 2334; x_wconf 93' lang='lat' dir='ltr'><strong>Addi-</strong></span> <span class='ocrx_word' id='word_1_314' title='bbox 1016 2282 1070 2337; x_wconf 90' lang='lat' dir='ltr'><strong>sibi</strong></span> <span class='ocrx_word' id='word_1_315' title='bbox 1088 2300 1143 2337; x_wconf 93' lang='lat' dir='ltr'><strong>non</strong></span> <span class='ocrx_word' id='word_1_316' title='bbox 1159 2282 1241 2348; x_wconf 89' lang='lat' dir='ltr'><strong>adsit,</strong></span> <span class='ocrx_word' id='word_1_317' title='bbox 1258 2283 1428 2345; x_wconf 67' lang='lat' dir='ltr'><strong>adsisterent</strong></span> <span class='ocrx_word' id='word_1_318' title='bbox 1446 2297 1512 2336; x_wconf 84' lang='lat' dir='ltr'><strong>uero</strong></span> <span class='ocrx_word' id='word_1_319' title='bbox 1529 2281 1651 2351; x_wconf 70' lang='lat' dir='ltr'><strong>singulis</strong></span> <span class='ocrx_word' id='word_1_320' title='bbox 1667 2281 1793 2334; x_wconf 82' lang='lat' dir='ltr'><strong>noctibus</strong></span> <span class='ocrx_word' id='word_1_321' title='bbox 1810 2281 1852 2334; x_wconf 87' lang='lat' dir='ltr'><strong>ed</strong></span> 
     </span>
     <span class='ocr_line' id='line_1_24' title="bbox 156 2365 1852 2438; baseline 0 -18"><span class='ocrx_word' id='word_1_322' title='bbox 156 2372 212 2420; x_wconf 91' lang='lat' dir='ltr'><strong>tam</strong></span> <span class='ocrx_word' id='word_1_323' title='bbox 243 2382 304 2420; x_wconf 90' lang='lat' dir='ltr'><strong>esse</strong></span> <span class='ocrx_word' id='word_1_324' title='bbox 330 2365 537 2436; x_wconf 88' lang='lat' dir='ltr'><strong>limitationem,</strong></span> <span class='ocrx_word' id='word_1_325' title='bbox 568 2373 600 2421; x_wconf 93' lang='lat' dir='ltr'><strong>nt</strong></span> <span class='ocrx_word' id='word_1_326' title='bbox 629 2383 685 2423; x_wconf 94' lang='lat' dir='ltr'><strong>non</strong></span> <span class='ocrx_word' id='word_1_327' title='bbox 711 2366 824 2422; x_wconf 91' lang='lat' dir='ltr'><strong>videant</strong></span> <span class='ocrx_word' id='word_1_328' title='bbox 850 2367 923 2422; x_wconf 90' lang='lat' dir='ltr'><strong>oculi</strong></span> <span class='ocrx_word' id='word_1_329' title='bbox 948 2368 989 2422; x_wconf 91' lang='lat' dir='ltr'><strong>tui</strong></span> <span class='ocrx_word' id='word_1_330' title='bbox 1017 2369 1232 2436; x_wconf 83' lang='lat' dir='ltr'><strong>consolandum,</strong></span> <span class='ocrx_word' id='word_1_331' title='bbox 1261 2369 1288 2421; x_wconf 87' lang='lat' dir='ltr'><strong>si</strong></span> <span class='ocrx_word' id='word_1_332' title='bbox 1313 2368 1456 2438; x_wconf 76' lang='lat' dir='ltr'><strong>defundis</strong></span> <span class='ocrx_word' id='word_1_333' title='bbox 1478 2384 1637 2422; x_wconf 85' lang='lat' dir='ltr'><strong>eoncessum</strong></span> <span class='ocrx_word' id='word_1_334' title='bbox 1660 2373 1743 2432; x_wconf 82' lang='lat' dir='ltr'><strong>esset,</strong></span> <span class='ocrx_word' id='word_1_335' title='bbox 1769 2368 1852 2422; x_wconf 81' lang='lat' dir='ltr'><strong>rebus</strong></span> 
     </span>
     <span class='ocr_line' id='line_1_25' title="bbox 155 2451 1853 2527; baseline 0.001 -21"><span class='ocrx_word' id='word_1_336' title='bbox 155 2453 340 2522; x_wconf 83' lang='lat' dir='ltr'><strong>naturaliter,</strong></span> <span class='ocrx_word' id='word_1_337' title='bbox 359 2451 461 2522; x_wconf 85' lang='lat' dir='ltr'><strong>probet</strong></span> <span class='ocrx_word' id='word_1_338' title='bbox 478 2453 639 2509; x_wconf 90' lang='lat' dir='ltr'><strong>Bellarmini</strong></span> <span class='ocrx_word' id='word_1_339' title='bbox 658 2453 780 2511; x_wconf 85' lang='lat' dir='ltr'><strong>officina.</strong></span> <span class='ocrx_word' id='word_1_340' title='bbox 817 2453 853 2509; x_wconf 75' lang='lat' dir='ltr'><strong>ss·</strong></span> <span class='ocrx_word' id='word_1_341' title='bbox 864 2455 989 2524; x_wconf 82' lang='lat' dir='ltr'><strong>prodere</strong></span> <span class='ocrx_word' id='word_1_342' title='bbox 1017 2455 1147 2508; x_wconf 74' lang='lat' dir='ltr'><strong>hermenia</strong></span> <span class='ocrx_word' id='word_1_343' title='bbox 1174 2457 1322 2519; x_wconf 72' lang='lat' dir='ltr'><strong>interesse,</strong></span> <span class='ocrx_word' id='word_1_344' title='bbox 1352 2453 1480 2510; x_wconf 86' lang='lat' dir='ltr'><strong>absolute</strong></span> <span class='ocrx_word' id='word_1_345' title='bbox 1511 2454 1599 2527; x_wconf 89' lang='lat' dir='ltr'><strong>igitur</strong></span> <span class='ocrx_word' id='word_1_346' title='bbox 1626 2471 1659 2508; x_wconf 90' lang='lat' dir='ltr'><strong>ac</strong></span> <span class='ocrx_word' id='word_1_347' title='bbox 1690 2452 1853 2524; x_wconf 86' lang='lat' dir='ltr'><strong>simpliciter</strong></span> 
     </span>
     <span class='ocr_line' id='line_1_26' title="bbox 155 2540 1851 2613; baseline 0.001 -20"><span class='ocrx_word' id='word_1_348' title='bbox 155 2540 261 2609; x_wconf 83' lang='lat' dir='ltr'><strong>nequit,</strong></span> <span class='ocrx_word' id='word_1_349' title='bbox 285 2540 383 2594; x_wconf 80' lang='lat' dir='ltr'><strong>timeat</strong></span> <span class='ocrx_word' id='word_1_350' title='bbox 401 2556 453 2594; x_wconf 85' lang='lat' dir='ltr'><strong>eae</strong></span> <span class='ocrx_word' id='word_1_351' title='bbox 472 2540 549 2594; x_wconf 86' lang='lat' dir='ltr'><strong>illud</strong></span> <span class='ocrx_word' id='word_1_352' title='bbox 566 2542 734 2594; x_wconf 71' lang='lat' dir='ltr'><strong>addentibus</strong></span> <span class='ocrx_word' id='word_1_353' title='bbox 751 2542 941 2610; x_wconf 79' lang='lat' dir='ltr'><strong>eonditutum,</strong></span> <span class='ocrx_word' id='word_1_354' title='bbox 959 2548 991 2594; x_wconf 92' lang='lat' dir='ltr'><strong>ut</strong></span> <span class='ocrx_word' id='word_1_355' title='bbox 1017 2547 1117 2613; x_wconf 89' lang='lat' dir='ltr'><strong>negat,</strong></span> <span class='ocrx_word' id='word_1_356' title='bbox 1146 2548 1255 2596; x_wconf 89' lang='lat' dir='ltr'><strong>sanctos</strong></span> <span class='ocrx_word' id='word_1_357' title='bbox 1273 2540 1419 2596; x_wconf 80' lang='lat' dir='ltr'><strong>defunctos</strong></span> <span class='ocrx_word' id='word_1_358' title='bbox 1449 2540 1577 2596; x_wconf 89' lang='lat' dir='ltr'><strong>notitiam</strong></span> <span class='ocrx_word' id='word_1_359' title='bbox 1601 2546 1629 2596; x_wconf 89' lang='lat' dir='ltr'><strong>et</strong></span> <span class='ocrx_word' id='word_1_360' title='bbox 1647 2556 1743 2594; x_wconf 90' lang='lat' dir='ltr'><strong>curam</strong></span> <span class='ocrx_word' id='word_1_361' title='bbox 1760 2557 1851 2595; x_wconf 87' lang='lat' dir='ltr'><strong>rerum</strong></span> 
     </span>
     <span class='ocr_line' id='line_1_27' title="bbox 156 2624 1852 2699; baseline 0.002 -19"><span class='ocrx_word' id='word_1_362' title='bbox 156 2626 184 2680; x_wconf 89' lang='lat' dir='ltr'><strong>in</strong></span> <span class='ocrx_word' id='word_1_363' title='bbox 219 2624 302 2679; x_wconf 90' lang='lat' dir='ltr'><strong>simili</strong></span> <span class='ocrx_word' id='word_1_364' title='bbox 339 2624 464 2697; x_wconf 90' lang='lat' dir='ltr'><strong>loquitur</strong></span> <span class='ocrx_word' id='word_1_365' title='bbox 498 2625 687 2697; x_wconf 84' lang='lat' dir='ltr'><strong>Tertullianus</strong></span> <span class='ocrx_word' id='word_1_366' title='bbox 726 2632 824 2682; x_wconf 76' lang='lat' dir='ltr'><strong>eones</strong></span> <span class='ocrx_word' id='word_1_367' title='bbox 857 2626 990 2698; x_wconf 89' lang='lat' dir='ltr'><strong>Hermog.</strong></span> <span class='ocrx_word' id='word_1_368' title='bbox 1017 2627 1200 2682; x_wconf 89' lang='lat' dir='ltr'><strong>humanarum</strong></span> <span class='ocrx_word' id='word_1_369' title='bbox 1224 2627 1340 2690; x_wconf 90' lang='lat' dir='ltr'><strong>habere,</strong></span> <span class='ocrx_word' id='word_1_370' title='bbox 1372 2626 1446 2699; x_wconf 88' lang='lat' dir='ltr'><strong>quod</strong></span> <span class='ocrx_word' id='word_1_371' title='bbox 1468 2627 1614 2682; x_wconf 85' lang='lat' dir='ltr'><strong>confirmat</strong></span> <span class='ocrx_word' id='word_1_372' title='bbox 1633 2644 1667 2681; x_wconf 84' lang='lat' dir='ltr'><strong>ex</strong></span> <span class='ocrx_word' id='word_1_373' title='bbox 1687 2626 1789 2686; x_wconf 89' lang='lat' dir='ltr'><strong>Psalm.</strong></span> <span class='ocrx_word' id='word_1_374' title='bbox 1810 2633 1852 2692; x_wconf 78' lang='lat' dir='ltr'><strong>tt,</strong></span> 
     </span>
     <span class='ocr_line' id='line_1_28' title="bbox 156 2711 1853 2787; baseline -0.001 -19"><span class='ocrx_word' id='word_1_375' title='bbox 156 2729 181 2770; x_wconf 91' lang='lat' dir='ltr'><strong>e.</strong></span> <span class='ocrx_word' id='word_1_376' title='bbox 201 2717 242 2769; x_wconf 81' lang='grc'><strong>22.</strong></span> <span class='ocrx_word' id='word_1_377' title='bbox 260 2729 288 2783; x_wconf 86' lang='lat' dir='ltr'><strong>p.</strong></span> <span class='ocrx_word' id='word_1_378' title='bbox 308 2717 366 2768; x_wconf 81' lang='lat'><strong>2³6.</strong></span> <span class='ocrx_word' id='word_1_379' title='bbox 412 2718 436 2767; x_wconf 84' lang='lat'><strong>2.</strong></span> <span class='ocrx_word' id='word_1_380' title='bbox 455 2711 590 2787; x_wconf 84' lang='lat' dir='ltr'><strong>Beneficii</strong></span> <span class='ocrx_word' id='word_1_381' title='bbox 615 2712 676 2767; x_wconf 94' lang='lat' dir='ltr'><strong>loco</strong></span> <span class='ocrx_word' id='word_1_382' title='bbox 699 2712 870 2785; x_wconf 89' lang='lat' dir='ltr'><strong>promittitur</strong></span> <span class='ocrx_word' id='word_1_383' title='bbox 886 2712 990 2778; x_wconf 80' lang='lat' dir='ltr'><strong>dosiae,</strong></span> <span class='ocrx_word' id='word_1_384' title='bbox 1017 2732 1041 2769; x_wconf 85' lang='lat' dir='ltr'><strong>v.</strong></span> <span class='ocrx_word' id='word_1_385' title='bbox 1063 2720 1107 2769; x_wconf 89' lang='lat'><strong>10:</strong></span> <span class='ocrx_word' id='word_1_386' title='bbox 1133 2715 1223 2768; x_wconf 87' lang='lat' dir='ltr'><strong>Pater</strong></span> <span class='ocrx_word' id='word_1_387' title='bbox 1250 2723 1276 2769; x_wconf 87' lang='lat' dir='ltr'><strong>et</strong></span> <span class='ocrx_word' id='word_1_388' title='bbox 1293 2722 1383 2769; x_wconf 87' lang='lat' dir='ltr'><strong>meter</strong></span> <span class='ocrx_word' id='word_1_389' title='bbox 1402 2714 1614 2784; x_wconf 85' lang='lat' dir='ltr'><strong>dereliquerunt</strong></span> <span class='ocrx_word' id='word_1_390' title='bbox 1630 2730 1686 2779; x_wconf 86' lang='lat' dir='ltr'><strong>nse,</strong></span> <span class='ocrx_word' id='word_1_391' title='bbox 1712 2714 1853 2767; x_wconf 85' lang='lat' dir='ltr'><strong>Dominus</strong></span> 
     </span>
     <span class='ocr_line' id='line_1_29' title="bbox 157 2799 1853 2871; baseline 0.001 -20"><span class='ocrx_word' id='word_1_392' title='bbox 157 2800 235 2869; x_wconf 86' lang='lat' dir='ltr'><strong>qued</strong></span> <span class='ocrx_word' id='word_1_393' title='bbox 251 2815 307 2851; x_wconf 80' lang='lat' dir='ltr'><strong>nos</strong></span> <span class='ocrx_word' id='word_1_394' title='bbox 322 2800 360 2853; x_wconf 88' lang='lat' dir='ltr'><strong>sit</strong></span> <span class='ocrx_word' id='word_1_395' title='bbox 383 2799 495 2853; x_wconf 68' lang='lat' dir='ltr'><strong>ruerus</strong></span> <span class='ocrx_word' id='word_1_396' title='bbox 518 2799 610 2864; x_wconf 86' lang='lat' dir='ltr'><strong>mala,</strong></span> <span class='ocrx_word' id='word_1_397' title='bbox 637 2816 709 2869; x_wconf 64' lang='lat' dir='ltr'><strong>psas</strong></span> <span class='ocrx_word' id='word_1_398' title='bbox 725 2807 839 2853; x_wconf 86' lang='lat' dir='ltr'><strong>manent</strong></span> <span class='ocrx_word' id='word_1_399' title='bbox 853 2807 990 2869; x_wconf 83' lang='lat' dir='ltr'><strong>posteros.</strong></span> <span class='ocrx_word' id='word_1_400' title='bbox 1019 2809 1109 2855; x_wconf 66' lang='lat' dir='ltr'><strong>edem</strong></span> <span class='ocrx_word' id='word_1_401' title='bbox 1133 2802 1255 2870; x_wconf 78' lang='lat' dir='ltr'><strong>suscepit</strong></span> <span class='ocrx_word' id='word_1_402' title='bbox 1279 2818 1330 2855; x_wconf 85' lang='lat' dir='ltr'><strong>me.</strong></span> <span class='ocrx_word' id='word_1_403' title='bbox 1375 2800 1491 2871; x_wconf 79' lang='lat' dir='ltr'><strong>Regerit</strong></span> <span class='ocrx_word' id='word_1_404' title='bbox 1514 2800 1714 2868; x_wconf 89' lang='lat' dir='ltr'><strong>Bellarminus,</strong></span> <span class='ocrx_word' id='word_1_405' title='bbox 1740 2807 1853 2854; x_wconf 84' lang='lat' dir='ltr'><strong>sanatos</strong></span> 
     </span>
     <span class='ocr_line' id='line_1_30' title="bbox 156 2883 1853 2957; baseline 0.001 -17"><span class='ocrx_word' id='word_1_406' title='bbox 156 2884 245 2956; x_wconf 86' lang='lat' dir='ltr'><strong>Atqui</strong></span> <span class='ocrx_word' id='word_1_407' title='bbox 263 2883 287 2938; x_wconf 89' lang='lat' dir='ltr'><strong>si</strong></span> <span class='ocrx_word' id='word_1_408' title='bbox 311 2884 474 2940; x_wconf 83' lang='lat' dir='ltr'><strong>natmaliter</strong></span> <span class='ocrx_word' id='word_1_409' title='bbox 497 2884 609 2956; x_wconf 90' lang='lat' dir='ltr'><strong>quidem</strong></span> <span class='ocrx_word' id='word_1_410' title='bbox 632 2885 800 2957; x_wconf 83' lang='lat' dir='ltr'><strong>ignorasset,</strong></span> <span class='ocrx_word' id='word_1_411' title='bbox 827 2892 992 2955; x_wconf 88' lang='lat' dir='ltr'><strong>supernatu·</strong></span> <span class='ocrx_word' id='word_1_412' title='bbox 1018 2903 1182 2955; x_wconf 81' lang='lat' dir='ltr'><strong>capnoseere</strong></span> <span class='ocrx_word' id='word_1_413' title='bbox 1200 2903 1302 2957; x_wconf 81' lang='lat' dir='ltr'><strong>preces</strong></span> <span class='ocrx_word' id='word_1_414' title='bbox 1323 2894 1437 2941; x_wconf 85' lang='lat' dir='ltr'><strong>nostras</strong></span> <span class='ocrx_word' id='word_1_415' title='bbox 1458 2893 1484 2939; x_wconf 84' lang='lat' dir='ltr'><strong>et</strong></span> <span class='ocrx_word' id='word_1_416' title='bbox 1505 2887 1654 2955; x_wconf 85' lang='lat' dir='ltr'><strong>possead</strong></span> <span class='ocrx_word' id='word_1_417' title='bbox 1676 2902 1728 2939; x_wconf 85' lang='lat' dir='ltr'><strong>nes</strong></span> <span class='ocrx_word' id='word_1_418' title='bbox 1749 2887 1853 2955; x_wconf 86' lang='lat' dir='ltr'><strong>venire,</strong></span> 
     </span>
     <span class='ocr_line' id='line_1_31' title="bbox 156 2970 1854 3043; baseline -0.001 -16"><span class='ocrx_word' id='word_1_419' title='bbox 156 2971 208 3027; x_wconf 83' lang='lat' dir='ltr'><strong>ruli</strong></span> <span class='ocrx_word' id='word_1_420' title='bbox 223 2986 289 3026; x_wconf 88' lang='lat' dir='ltr'><strong>vero</strong></span> <span class='ocrx_word' id='word_1_421' title='bbox 313 2971 483 3026; x_wconf 85' lang='lat' dir='ltr'><strong>revelatione</strong></span> <span class='ocrx_word' id='word_1_422' title='bbox 507 2970 647 3039; x_wconf 76' lang='lat' dir='ltr'><strong>misisset,</strong></span> <span class='ocrx_word' id='word_1_423' title='bbox 672 2988 729 3026; x_wconf 93' lang='lat' dir='ltr'><strong>non</strong></span> <span class='ocrx_word' id='word_1_424' title='bbox 753 2971 890 3042; x_wconf 90' lang='lat' dir='ltr'><strong>potuisset</strong></span> <span class='ocrx_word' id='word_1_425' title='bbox 907 2971 990 3027; x_wconf 91' lang='lat' dir='ltr'><strong>bene-</strong></span> <span class='ocrx_word' id='word_1_426' title='bbox 1018 2975 1133 3043; x_wconf 60' lang='lat' dir='ltr'><strong>wando</strong></span> <span class='ocrx_word' id='word_1_427' title='bbox 1156 2974 1266 3043; x_wconf 85' lang='lat' dir='ltr'><strong>uolunt,</strong></span> <span class='ocrx_word' id='word_1_428' title='bbox 1293 2981 1385 3029; x_wconf 82' lang='lat' dir='ltr'><strong>tumen</strong></span> <span class='ocrx_word' id='word_1_429' title='bbox 1412 2990 1468 3027; x_wconf 91' lang='lat' dir='ltr'><strong>non</strong></span> <span class='ocrx_word' id='word_1_430' title='bbox 1479 2980 1637 3043; x_wconf 83' lang='lat' dir='ltr'><strong>propterea</strong></span> <span class='ocrx_word' id='word_1_431' title='bbox 1660 2973 1733 3026; x_wconf 85' lang='lat' dir='ltr'><strong>seire</strong></span> <span class='ocrx_word' id='word_1_432' title='bbox 1759 2973 1854 3029; x_wconf 86' lang='lat' dir='ltr'><strong>emnia</strong></span> 
     </span>
     <span class='ocr_line' id='line_1_32' title="bbox 11 3056 1853 3127; baseline 0.003 -18"><span class='ocrx_word' id='word_1_433' title='bbox 11 3065 95 3109; x_wconf 80' lang='lat' dir='ltr'><strong>xvm.</strong></span> <span class='ocrx_word' id='word_1_434' title='bbox 111 3056 213 3112; x_wconf 72' lang='lat' dir='ltr'><strong>tudisii</strong></span> <span class='ocrx_word' id='word_1_435' title='bbox 248 3056 310 3112; x_wconf 93' lang='lat' dir='ltr'><strong>loco</strong></span> <span class='ocrx_word' id='word_1_436' title='bbox 347 3057 486 3127; x_wconf 88' lang='lat' dir='ltr'><strong>promitti,</strong></span> <span class='ocrx_word' id='word_1_437' title='bbox 532 3056 624 3126; x_wconf 89' lang='lat' dir='ltr'><strong>ipsum</strong></span> <span class='ocrx_word' id='word_1_438' title='bbox 660 3073 717 3112; x_wconf 92' lang='lat' dir='ltr'><strong>non</strong></span> <span class='ocrx_word' id='word_1_439' title='bbox 752 3057 875 3112; x_wconf 88' lang='lat' dir='ltr'><strong>visurum</strong></span> <span class='ocrx_word' id='word_1_440' title='bbox 911 3056 991 3112; x_wconf 79' lang='lat' dir='ltr'><strong>mala</strong></span> <span class='ocrx_word' id='word_1_441' title='bbox 1017 3067 1130 3123; x_wconf 86' lang='lat' dir='ltr'><strong>nostra,</strong></span> <span class='ocrx_word' id='word_1_442' title='bbox 1155 3076 1206 3114; x_wconf 87' lang='lat' dir='ltr'><strong>nee</strong></span> <span class='ocrx_word' id='word_1_443' title='bbox 1236 3060 1369 3114; x_wconf 80' lang='lat' dir='ltr'><strong>interesse</strong></span> <span class='ocrx_word' id='word_1_444' title='bbox 1394 3059 1509 3114; x_wconf 86' lang='lat' dir='ltr'><strong>assidue</strong></span> <span class='ocrx_word' id='word_1_445' title='bbox 1532 3059 1618 3113; x_wconf 82' lang='lat' dir='ltr'><strong>rebus</strong></span> <span class='ocrx_word' id='word_1_446' title='bbox 1644 3058 1749 3113; x_wconf 73' lang='lat' dir='ltr'><strong>matris</strong></span> <span class='ocrx_word' id='word_1_447' title='bbox 1776 3076 1853 3114; x_wconf 88' lang='lat' dir='ltr'><strong>more</strong></span> 
     </span>
     <span class='ocr_line' id='line_1_33' title="bbox 158 3142 1853 3218; baseline 0.002 -21"><span class='ocrx_word' id='word_1_448' title='bbox 158 3149 181 3197; x_wconf 91' lang='grc'><strong>3.</strong></span> <span class='ocrx_word' id='word_1_449' title='bbox 201 3142 376 3214; x_wconf 86' lang='lat' dir='ltr'><strong>Augustinus</strong></span> <span class='ocrx_word' id='word_1_450' title='bbox 394 3142 424 3197; x_wconf 91' lang='lat' dir='ltr'><strong>in</strong></span> <span class='ocrx_word' id='word_1_451' title='bbox 441 3142 489 3199; x_wconf 92' lang='lat' dir='ltr'><strong>lib.</strong></span> <span class='ocrx_word' id='word_1_452' title='bbox 513 3149 547 3198; x_wconf 86' lang='lat' dir='ltr'><strong>de</strong></span> <span class='ocrx_word' id='word_1_453' title='bbox 570 3160 638 3199; x_wconf 89' lang='lat' dir='ltr'><strong>cura</strong></span> <span class='ocrx_word' id='word_1_454' title='bbox 655 3161 705 3215; x_wconf 93' lang='lat' dir='ltr'><strong>pro</strong></span> <span class='ocrx_word' id='word_1_455' title='bbox 728 3143 843 3199; x_wconf 86' lang='lat' dir='ltr'><strong>mortuis</strong></span> <span class='ocrx_word' id='word_1_456' title='bbox 870 3160 930 3215; x_wconf 88' lang='lat' dir='ltr'><strong>cap.</strong></span> <span class='ocrx_word' id='word_1_457' title='bbox 951 3149 990 3203; x_wconf 78' lang='grc'><strong>13.</strong></span> <span class='ocrx_word' id='word_1_458' title='bbox 1017 3145 1146 3199; x_wconf 81' lang='lat' dir='ltr'><strong>tumere.</strong></span> <span class='ocrx_word' id='word_1_459' title='bbox 1187 3145 1277 3216; x_wconf 89' lang='lat' dir='ltr'><strong>Atqui</strong></span> <span class='ocrx_word' id='word_1_460' title='bbox 1302 3143 1328 3209; x_wconf 86' lang='lat' dir='ltr'><strong>si</strong></span> <span class='ocrx_word' id='word_1_461' title='bbox 1344 3162 1400 3200; x_wconf 94' lang='lat' dir='ltr'><strong>non</strong></span> <span class='ocrx_word' id='word_1_462' title='bbox 1426 3144 1518 3200; x_wconf 90' lang='lat' dir='ltr'><strong>sciunt</strong></span> <span class='ocrx_word' id='word_1_463' title='bbox 1543 3143 1636 3200; x_wconf 89' lang='lat' dir='ltr'><strong>omnia</strong></span> <span class='ocrx_word' id='word_1_464' title='bbox 1654 3151 1761 3214; x_wconf 90' lang='lat' dir='ltr'><strong>nostra,</strong></span> <span class='ocrx_word' id='word_1_465' title='bbox 1786 3161 1853 3218; x_wconf 91' lang='lat' dir='ltr'><strong>ergo</strong></span> 
     </span>
     <span class='ocr_line' id='line_1_34' title="bbox 157 3228 1854 3302; baseline 0.001 -17"><span class='ocrx_word' id='word_1_466' title='bbox 157 3245 190 3286; x_wconf 85' lang='lat' dir='ltr'><strong>ex</strong></span> <span class='ocrx_word' id='word_1_467' title='bbox 209 3228 341 3284; x_wconf 91' lang='lat' dir='ltr'><strong>hocloco</strong></span> <span class='ocrx_word' id='word_1_468' title='bbox 358 3228 473 3300; x_wconf 87' lang='lat' dir='ltr'><strong>colligit,</strong></span> <span class='ocrx_word' id='word_1_469' title='bbox 492 3238 606 3284; x_wconf 84' lang='lat' dir='ltr'><strong>sanetas</strong></span> <span class='ocrx_word' id='word_1_470' title='bbox 623 3231 773 3295; x_wconf 80' lang='lat' dir='ltr'><strong>defunctos</strong></span> <span class='ocrx_word' id='word_1_471' title='bbox 790 3247 846 3284; x_wconf 89' lang='lat' dir='ltr'><strong>non</strong></span> <span class='ocrx_word' id='word_1_472' title='bbox 859 3230 991 3285; x_wconf 83' lang='lat' dir='ltr'><strong>interesse</strong></span> <span class='ocrx_word' id='word_1_473' title='bbox 1018 3247 1069 3285; x_wconf 89' lang='lat' dir='ltr'><strong>nec</strong></span> <span class='ocrx_word' id='word_1_474' title='bbox 1090 3247 1199 3302; x_wconf 89' lang='lat' dir='ltr'><strong>semper</strong></span> <span class='ocrx_word' id='word_1_475' title='bbox 1215 3230 1362 3285; x_wconf 88' lang='lat' dir='ltr'><strong>invocandi</strong></span> <span class='ocrx_word' id='word_1_476' title='bbox 1392 3236 1486 3300; x_wconf 75' lang='lat' dir='ltr'><strong>munt,</strong></span> <span class='ocrx_word' id='word_1_477' title='bbox 1511 3230 1577 3302; x_wconf 90' lang='lat' dir='ltr'><strong>quia</strong></span> <span class='ocrx_word' id='word_1_478' title='bbox 1598 3231 1634 3285; x_wconf 89' lang='lat' dir='ltr'><strong>ad</strong></span> <span class='ocrx_word' id='word_1_479' title='bbox 1652 3231 1854 3287; x_wconf 90' lang='lat' dir='ltr'><strong>invocationem</strong></span> 
     </span>
     <span class='ocr_line' id='line_1_35' title="bbox 155 3315 1853 3388; baseline 0.004 -19"><span class='ocrx_word' id='word_1_480' title='bbox 155 3316 239 3372; x_wconf 81' lang='lat' dir='ltr'><strong>rebus</strong></span> <span class='ocrx_word' id='word_1_481' title='bbox 256 3316 419 3380; x_wconf 62' lang='lat' dir='ltr'><strong>urentium,</strong></span> <span class='ocrx_word' id='word_1_482' title='bbox 445 3322 531 3387; x_wconf 89' lang='lat' dir='ltr'><strong>atque</strong></span> <span class='ocrx_word' id='word_1_483' title='bbox 554 3315 673 3372; x_wconf 85' lang='lat' dir='ltr'><strong>eundem</strong></span> <span class='ocrx_word' id='word_1_484' title='bbox 698 3315 805 3372; x_wconf 87' lang='lat' dir='ltr'><strong>confert</strong></span> <span class='ocrx_word' id='word_1_485' title='bbox 827 3333 890 3372; x_wconf 90' lang='lat' dir='ltr'><strong>cum</strong></span> <span class='ocrx_word' id='word_1_486' title='bbox 916 3317 991 3372; x_wconf 91' lang='lat' dir='ltr'><strong>dicto</strong></span> <span class='ocrx_word' id='word_1_487' title='bbox 1019 3317 1170 3388; x_wconf 88' lang='lat' dir='ltr'><strong>requiritur</strong></span> <span class='ocrx_word' id='word_1_488' title='bbox 1205 3317 1327 3371; x_wconf 90' lang='lat' dir='ltr'><strong>omnium</strong></span> <span class='ocrx_word' id='word_1_489' title='bbox 1368 3316 1492 3376; x_wconf 89' lang='lat' dir='ltr'><strong>scientia.</strong></span> <span class='ocrx_word' id='word_1_490' title='bbox 1550 3316 1609 3373; x_wconf 88' lang='lat' dir='ltr'><strong>Nec</strong></span> <span class='ocrx_word' id='word_1_491' title='bbox 1631 3317 1740 3380; x_wconf 69' lang='lat' dir='ltr'><strong>‚solum</strong></span> <span class='ocrx_word' id='word_1_492' title='bbox 1778 3335 1853 3375; x_wconf 90' lang='lat' dir='ltr'><strong>more</strong></span> 
     </span>
     <span class='ocr_line' id='line_1_36' title="bbox 155 3401 1853 3474; baseline 0.002 -17"><span class='ocrx_word' id='word_1_493' title='bbox 155 3401 319 3474; x_wconf 86' lang='lat' dir='ltr'><strong>prophetico</strong></span> <span class='ocrx_word' id='word_1_494' title='bbox 339 3401 403 3456; x_wconf 85' lang='lat' dir='ltr'><strong>Esa</strong></span> <span class='ocrx_word' id='word_1_495' title='bbox 423 3408 465 3459; x_wconf 80' lang='grc'><strong>64.</strong></span> <span class='ocrx_word' id='word_1_496' title='bbox 506 3402 570 3458; x_wconf 85' lang='lat' dir='ltr'><strong>Jam</strong></span> <span class='ocrx_word' id='word_1_497' title='bbox 593 3419 659 3458; x_wconf 88' lang='lat' dir='ltr'><strong>vero</strong></span> <span class='ocrx_word' id='word_1_498' title='bbox 677 3402 861 3458; x_wconf 91' lang='lat' dir='ltr'><strong>Bellarminns</strong></span> <span class='ocrx_word' id='word_1_499' title='bbox 878 3401 991 3469; x_wconf 86' lang='lat' dir='ltr'><strong>fatetur,</strong></span> <span class='ocrx_word' id='word_1_500' title='bbox 1018 3403 1152 3465; x_wconf 89' lang='lat' dir='ltr'><strong>hnmano,</strong></span> <span class='ocrx_word' id='word_1_501' title='bbox 1186 3402 1236 3456; x_wconf 91' lang='lat' dir='ltr'><strong>sed</strong></span> <span class='ocrx_word' id='word_1_502' title='bbox 1266 3402 1428 3473; x_wconf 90' lang='lat' dir='ltr'><strong>simpliciter</strong></span> <span class='ocrx_word' id='word_1_503' title='bbox 1459 3402 1604 3458; x_wconf 87' lang='lat' dir='ltr'><strong>defunctos</strong></span> <span class='ocrx_word' id='word_1_504' title='bbox 1639 3404 1722 3458; x_wconf 89' lang='lat' dir='ltr'><strong>rebus</strong></span> <span class='ocrx_word' id='word_1_505' title='bbox 1753 3405 1853 3460; x_wconf 69' lang='lat' dir='ltr'><strong>noeais</strong></span> 
     </span>
     <span class='ocr_line' id='line_1_37' title="bbox 156 3488 1853 3563; baseline 0.002 -19"><span class='ocrx_word' id='word_1_506' title='bbox 156 3489 220 3544; x_wconf 83' lang='lat' dir='ltr'><strong>Esa</strong></span> <span class='ocrx_word' id='word_1_507' title='bbox 241 3494 284 3545; x_wconf 78' lang='lat' dir='ltr'><strong>tt.</strong></span> <span class='ocrx_word' id='word_1_508' title='bbox 301 3504 410 3543; x_wconf 91' lang='lat' dir='ltr'><strong>omnem</strong></span> <span class='ocrx_word' id='word_1_509' title='bbox 427 3488 539 3543; x_wconf 92' lang='lat' dir='ltr'><strong>omnino</strong></span> <span class='ocrx_word' id='word_1_510' title='bbox 554 3505 646 3543; x_wconf 90' lang='lat' dir='ltr'><strong>rerum</strong></span> <span class='ocrx_word' id='word_1_511' title='bbox 664 3488 846 3544; x_wconf 81' lang='lat' dir='ltr'><strong>bumanamm</strong></span> <span class='ocrx_word' id='word_1_512' title='bbox 864 3489 992 3543; x_wconf 79' lang='lat' dir='ltr'><strong>notidam</strong></span> <span class='ocrx_word' id='word_1_513' title='bbox 1017 3490 1150 3544; x_wconf 88' lang='lat' dir='ltr'><strong>interesse</strong></span> <span class='ocrx_word' id='word_1_514' title='bbox 1157 3489 1333 3560; x_wconf 88' lang='lat' dir='ltr'><strong>Augustinus</strong></span> <span class='ocrx_word' id='word_1_515' title='bbox 1346 3488 1451 3544; x_wconf 88' lang='lat' dir='ltr'><strong>ibidem</strong></span> <span class='ocrx_word' id='word_1_516' title='bbox 1461 3496 1554 3562; x_wconf 88' lang='lat' dir='ltr'><strong>negat.</strong></span> <span class='ocrx_word' id='word_1_517' title='bbox 1576 3489 1674 3562; x_wconf 85' lang='lat' dir='ltr'><strong>Neque</strong></span> <span class='ocrx_word' id='word_1_518' title='bbox 1684 3491 1757 3546; x_wconf 89' lang='lat' dir='ltr'><strong>enim</strong></span> <span class='ocrx_word' id='word_1_519' title='bbox 1768 3509 1853 3563; x_wconf 87' lang='lat' dir='ltr'><strong>quae·</strong></span> 
     </span>
     <span class='ocr_line' id='line_1_38' title="bbox 158 3574 1854 3644; baseline 0.001 -14"><span class='ocrx_word' id='word_1_520' title='bbox 158 3575 295 3632; x_wconf 79' lang='lat' dir='ltr'><strong>defunctis</strong></span> <span class='ocrx_word' id='word_1_521' title='bbox 321 3574 425 3629; x_wconf 90' lang='lat' dir='ltr'><strong>sanctis</strong></span> <span class='ocrx_word' id='word_1_522' title='bbox 451 3580 549 3644; x_wconf 85' lang='lat' dir='ltr'><strong>utpote</strong></span> <span class='ocrx_word' id='word_1_523' title='bbox 573 3574 603 3629; x_wconf 91' lang='lat' dir='ltr'><strong>in</strong></span> <span class='ocrx_word' id='word_1_524' title='bbox 627 3574 712 3630; x_wconf 93' lang='lat' dir='ltr'><strong>limbo</strong></span> <span class='ocrx_word' id='word_1_525' title='bbox 729 3575 886 3631; x_wconf 89' lang='lat' dir='ltr'><strong>constitutis</strong></span> <span class='ocrx_word' id='word_1_526' title='bbox 909 3575 991 3632; x_wconf 90' lang='lat' dir='ltr'><strong>dene·</strong></span> <span class='ocrx_word' id='word_1_527' title='bbox 1017 3575 1061 3641; x_wconf 90' lang='lat' dir='ltr'><strong>rit,</strong></span> <span class='ocrx_word' id='word_1_528' title='bbox 1080 3577 1216 3644; x_wconf 83' lang='lat' dir='ltr'><strong>quomodo</strong></span> <span class='ocrx_word' id='word_1_529' title='bbox 1227 3574 1315 3630; x_wconf 89' lang='lat' dir='ltr'><strong>sancti</strong></span> <span class='ocrx_word' id='word_1_530' title='bbox 1326 3574 1450 3630; x_wconf 81' lang='lat' dir='ltr'><strong>debsncti</strong></span> <span class='ocrx_word' id='word_1_531' title='bbox 1464 3575 1598 3640; x_wconf 87' lang='lat' dir='ltr'><strong>intersint,</strong></span> <span class='ocrx_word' id='word_1_532' title='bbox 1612 3576 1662 3631; x_wconf 91' lang='lat' dir='ltr'><strong>sed</strong></span> <span class='ocrx_word' id='word_1_533' title='bbox 1674 3594 1713 3630; x_wconf 88' lang='lat' dir='ltr'><strong>an</strong></span> <span class='ocrx_word' id='word_1_534' title='bbox 1724 3576 1854 3633; x_wconf 88' lang='lat' dir='ltr'><strong>intersint</strong></span> 
     </span>
     <span class='ocr_line' id='line_1_39' title="bbox 156 3659 1854 3735; baseline 0.002 -20"><span class='ocrx_word' id='word_1_535' title='bbox 156 3663 225 3734; x_wconf 87' lang='lat' dir='ltr'><strong>gari.</strong></span> <span class='ocrx_word' id='word_1_536' title='bbox 263 3663 329 3716; x_wconf 87' lang='lat' dir='ltr'><strong>Non</strong></span> <span class='ocrx_word' id='word_1_537' title='bbox 348 3671 548 3730; x_wconf 76' lang='lat' dir='ltr'><strong>coperuerunt,</strong></span> <span class='ocrx_word' id='word_1_538' title='bbox 573 3662 677 3733; x_wconf 88' lang='lat' dir='ltr'><strong>inquit,</strong></span> <span class='ocrx_word' id='word_1_539' title='bbox 698 3672 797 3732; x_wconf 83' lang='lat' dir='ltr'><strong>patres</strong></span> <span class='ocrx_word' id='word_1_540' title='bbox 822 3663 851 3716; x_wconf 87' lang='lat' dir='ltr'><strong>V.</strong></span> <span class='ocrx_word' id='word_1_541' title='bbox 875 3665 906 3719; x_wconf 80' lang='lat' dir='ltr'><strong>T.</strong></span> <span class='ocrx_word' id='word_1_542' title='bbox 925 3681 992 3717; x_wconf 86' lang='lat' dir='ltr'><strong>suos</strong></span> <span class='ocrx_word' id='word_1_543' title='bbox 1018 3662 1101 3716; x_wconf 91' lang='lat' dir='ltr'><strong>rebus</strong></span> <span class='ocrx_word' id='word_1_544' title='bbox 1117 3659 1255 3716; x_wconf 87' lang='lat' dir='ltr'><strong>humanis.</strong></span> <span class='ocrx_word' id='word_1_545' title='bbox 1302 3669 1326 3718; x_wconf 83' lang='lat'><strong>4.</strong></span> <span class='ocrx_word' id='word_1_546' title='bbox 1344 3661 1570 3717; x_wconf 76' lang='lat' dir='ltr'><strong>Extraordinaria</strong></span> <span class='ocrx_word' id='word_1_547' title='bbox 1593 3662 1763 3719; x_wconf 87' lang='lat' dir='ltr'><strong>revelatione</strong></span> <span class='ocrx_word' id='word_1_548' title='bbox 1788 3681 1854 3735; x_wconf 91' lang='lat' dir='ltr'><strong>qua·</strong></span> 
     </span>
     <span class='ocr_line' id='line_1_40' title="bbox 151 3746 1856 3820; baseline 0.001 -17"><span class='ocrx_word' id='word_1_549' title='bbox 151 3757 283 3820; x_wconf 85' lang='lat' dir='ltr'><strong>posterea</strong></span> <span class='ocrx_word' id='word_1_550' title='bbox 301 3746 437 3817; x_wconf 64' lang='lat' dir='ltr'><strong>noenta,</strong></span> <span class='ocrx_word' id='word_1_551' title='bbox 467 3749 536 3816; x_wconf 85' lang='lat' dir='ltr'><strong>quie</strong></span> <span class='ocrx_word' id='word_1_552' title='bbox 562 3750 688 3802; x_wconf 86' lang='lat' dir='ltr'><strong>nondum</strong></span> <span class='ocrx_word' id='word_1_553' title='bbox 714 3756 795 3803; x_wconf 87' lang='lat' dir='ltr'><strong>erent</strong></span> <span class='ocrx_word' id='word_1_554' title='bbox 813 3748 900 3816; x_wconf 79' lang='lat' dir='ltr'><strong>beati,</strong></span> <span class='ocrx_word' id='word_1_555' title='bbox 927 3750 992 3818; x_wconf 79' lang='lat' dir='ltr'><strong>jans</strong></span> <span class='ocrx_word' id='word_1_556' title='bbox 1018 3747 1136 3802; x_wconf 90' lang='lat' dir='ltr'><strong>rundam</strong></span> <span class='ocrx_word' id='word_1_557' title='bbox 1155 3763 1247 3801; x_wconf 89' lang='lat' dir='ltr'><strong>rerum</strong></span> <span class='ocrx_word' id='word_1_558' title='bbox 1273 3747 1401 3802; x_wconf 91' lang='lat' dir='ltr'><strong>notitiam</strong></span> <span class='ocrx_word' id='word_1_559' title='bbox 1421 3747 1558 3802; x_wconf 80' lang='lat' dir='ltr'><strong>defunctis</strong></span> <span class='ocrx_word' id='word_1_560' title='bbox 1585 3749 1688 3804; x_wconf 88' lang='lat' dir='ltr'><strong>sanctis</strong></span> <span class='ocrx_word' id='word_1_561' title='bbox 1706 3751 1856 3804; x_wconf 90' lang='lat' dir='ltr'><strong>communi·</strong></span> 
     </span>
     <span class='ocr_line' id='line_1_41' title="bbox 155 3832 1857 3906; baseline 0.001 -18"><span class='ocrx_word' id='word_1_562' title='bbox 155 3852 222 3889; x_wconf 86' lang='lat' dir='ltr'><strong>vero</strong></span> <span class='ocrx_word' id='word_1_563' title='bbox 242 3835 284 3887; x_wconf 77' lang='lat' dir='ltr'><strong>aa</strong></span> <span class='ocrx_word' id='word_1_564' title='bbox 303 3835 462 3903; x_wconf 74' lang='lat' dir='ltr'><strong>perfeetum</strong></span> <span class='ocrx_word' id='word_1_565' title='bbox 485 3833 684 3887; x_wconf 79' lang='lat' dir='ltr'><strong>beatitudinem</strong></span> <span class='ocrx_word' id='word_1_566' title='bbox 704 3834 830 3906; x_wconf 80' lang='lat' dir='ltr'><strong>pertinet</strong></span> <span class='ocrx_word' id='word_1_567' title='bbox 855 3835 928 3888; x_wconf 85' lang='lat' dir='ltr'><strong>seire</strong></span> <span class='ocrx_word' id='word_1_568' title='bbox 948 3851 991 3902; x_wconf 88' lang='lat' dir='ltr'><strong>ea,</strong></span> <span class='ocrx_word' id='word_1_569' title='bbox 1020 3833 1078 3888; x_wconf 88' lang='lat' dir='ltr'><strong>cari</strong></span> <span class='ocrx_word' id='word_1_570' title='bbox 1098 3832 1142 3888; x_wconf 89' lang='lat' dir='ltr'><strong>vel</strong></span> <span class='ocrx_word' id='word_1_571' title='bbox 1157 3850 1212 3904; x_wconf 86' lang='lat' dir='ltr'><strong>per</strong></span> <span class='ocrx_word' id='word_1_572' title='bbox 1232 3834 1357 3902; x_wconf 81' lang='lat' dir='ltr'><strong>anpelos,</strong></span> <span class='ocrx_word' id='word_1_573' title='bbox 1375 3835 1420 3887; x_wconf 84' lang='lat' dir='ltr'><strong>vel</strong></span> <span class='ocrx_word' id='word_1_574' title='bbox 1434 3851 1489 3905; x_wconf 85' lang='lat' dir='ltr'><strong>per</strong></span> <span class='ocrx_word' id='word_1_575' title='bbox 1507 3835 1618 3888; x_wconf 87' lang='lat' dir='ltr'><strong>animas</strong></span> <span class='ocrx_word' id='word_1_576' title='bbox 1638 3835 1735 3890; x_wconf 90' lang='lat' dir='ltr'><strong>exboc</strong></span> <span class='ocrx_word' id='word_1_577' title='bbox 1754 3835 1857 3891; x_wconf 93' lang='lat' dir='ltr'><strong>mundo</strong></span> 
     </span>
     <span class='ocr_line' id='line_1_42' title="bbox 158 3918 1857 3992; baseline -0.001 -16"><span class='ocrx_word' id='word_1_578' title='bbox 158 3937 229 3992; x_wconf 81' lang='lat' dir='ltr'><strong>qaue</strong></span> <span class='ocrx_word' id='word_1_579' title='bbox 249 3922 290 3974; x_wconf 90' lang='lat' dir='ltr'><strong>ad</strong></span> <span class='ocrx_word' id='word_1_580' title='bbox 308 3937 337 3974; x_wconf 86' lang='lat' dir='ltr'><strong>se</strong></span> <span class='ocrx_word' id='word_1_581' title='bbox 351 3920 501 3990; x_wconf 83' lang='lat' dir='ltr'><strong>pertinent.</strong></span> <span class='ocrx_word' id='word_1_582' title='bbox 543 3920 688 3990; x_wconf 87' lang='lat' dir='ltr'><strong>Agnoscat</strong></span> <span class='ocrx_word' id='word_1_583' title='bbox 711 3919 811 3991; x_wconf 85' lang='lat' dir='ltr'><strong>igitur,</strong></span> <span class='ocrx_word' id='word_1_584' title='bbox 839 3920 921 3975; x_wconf 88' lang='lat' dir='ltr'><strong>etiam</strong></span> <span class='ocrx_word' id='word_1_585' title='bbox 938 3921 992 3976; x_wconf 91' lang='lat' dir='ltr'><strong>hoc</strong></span> <span class='ocrx_word' id='word_1_586' title='bbox 1020 3919 1144 3990; x_wconf 90' lang='lat' dir='ltr'><strong>quotidie</strong></span> <span class='ocrx_word' id='word_1_587' title='bbox 1163 3918 1354 3982; x_wconf 88' lang='lat' dir='ltr'><strong>adventantes,</strong></span> <span class='ocrx_word' id='word_1_588' title='bbox 1378 3920 1553 3990; x_wconf 88' lang='lat' dir='ltr'><strong>Augustinus</strong></span> <span class='ocrx_word' id='word_1_589' title='bbox 1585 3921 1726 3992; x_wconf 88' lang='lat' dir='ltr'><strong>disputat,</strong></span> <span class='ocrx_word' id='word_1_590' title='bbox 1749 3922 1798 3977; x_wconf 90' lang='lat' dir='ltr'><strong>sed</strong></span> <span class='ocrx_word' id='word_1_591' title='bbox 1827 3924 1857 3976; x_wconf 88' lang='lat' dir='ltr'><strong>in</strong></span> 
     </span>
     <span class='ocr_line' id='line_1_43' title="bbox 158 4006 1857 4077; baseline 0 -15"><span class='ocrx_word' id='word_1_592' title='bbox 158 4008 219 4062; x_wconf 93' lang='lat' dir='ltr'><strong>loco</strong></span> <span class='ocrx_word' id='word_1_593' title='bbox 237 4022 293 4062; x_wconf 87' lang='lat' dir='ltr'><strong>non</strong></span> <span class='ocrx_word' id='word_1_594' title='bbox 310 4006 465 4061; x_wconf 85' lang='lat' dir='ltr'><strong>naturalem</strong></span> <span class='ocrx_word' id='word_1_595' title='bbox 486 4011 633 4072; x_wconf 86' lang='lat' dir='ltr'><strong>duntaxat,</strong></span> <span class='ocrx_word' id='word_1_596' title='bbox 659 4006 810 4060; x_wconf 89' lang='lat' dir='ltr'><strong>sedetiam</strong></span> <span class='ocrx_word' id='word_1_597' title='bbox 829 4012 992 4077; x_wconf 90' lang='lat' dir='ltr'><strong>supernatu-</strong></span> <span class='ocrx_word' id='word_1_598' title='bbox 1020 4006 1281 4074; x_wconf 81' lang='lat' dir='ltr'><strong>Deoomns&#39;aipees</strong></span> <span class='ocrx_word' id='word_1_599' title='bbox 1297 4007 1402 4073; x_wconf 85' lang='lat' dir='ltr'><strong>uidere,</strong></span> <span class='ocrx_word' id='word_1_600' title='bbox 1420 4006 1548 4076; x_wconf 72' lang='lat' dir='ltr'><strong>nnspmm</strong></span> <span class='ocrx_word' id='word_1_601' title='bbox 1560 4006 1667 4063; x_wconf 75' lang='lat' dir='ltr'><strong>userit.</strong></span> <span class='ocrx_word' id='word_1_602' title='bbox 1697 4008 1857 4063; x_wconf 81' lang='lat' dir='ltr'><strong>Fatendum</strong></span> 
     </span>
     <span class='ocr_line' id='line_1_44' title="bbox 159 4083 1859 4165; baseline 0.001 -17"><span class='ocrx_word' id='word_1_603' title='bbox 159 4094 244 4149; x_wconf 91' lang='lat' dir='ltr'><strong>ralem</strong></span> <span class='ocrx_word' id='word_1_604' title='bbox 261 4092 387 4148; x_wconf 88' lang='lat' dir='ltr'><strong>notitiam</strong></span> <span class='ocrx_word' id='word_1_605' title='bbox 406 4092 541 4148; x_wconf 88' lang='lat' dir='ltr'><strong>malorum</strong></span> <span class='ocrx_word' id='word_1_606' title='bbox 563 4092 719 4148; x_wconf 84' lang='lat' dir='ltr'><strong>futurorum</strong></span> <span class='ocrx_word' id='word_1_607' title='bbox 741 4092 836 4148; x_wconf 79' lang='lat' dir='ltr'><strong>Josiae</strong></span> <span class='ocrx_word' id='word_1_608' title='bbox 860 4083 993 4148; x_wconf 79' lang='lat' dir='ltr'><strong>defuncto</strong></span> <span class='ocrx_word' id='word_1_609' title='bbox 1020 4099 1074 4158; x_wconf 84' lang='lat' dir='ltr'><strong>est,</strong></span> <span class='ocrx_word' id='word_1_610' title='bbox 1092 4090 1182 4163; x_wconf 90' lang='lat' dir='ltr'><strong>inquit</strong></span> <span class='ocrx_word' id='word_1_611' title='bbox 1206 4106 1267 4161; x_wconf 91' lang='lat' dir='ltr'><strong>cap.</strong></span> <span class='ocrx_word' id='word_1_612' title='bbox 1296 4096 1327 4145; x_wconf 78' lang='lat' dir='ltr'><strong>rt</strong></span> <span class='ocrx_word' id='word_1_613' title='bbox 1359 4091 1601 4162; x_wconf 68' lang='lat' dir='ltr'><strong>nncnequtdsm</strong></span> <span class='ocrx_word' id='word_1_614' title='bbox 1625 4102 1762 4159; x_wconf 88' lang='lat' dir='ltr'><strong>mortuos,</strong></span> <span class='ocrx_word' id='word_1_615' title='bbox 1787 4096 1859 4165; x_wconf 87' lang='lat' dir='ltr'><strong>quid</strong></span> 
     </span>
     <span class='ocr_line' id='line_1_45' title="bbox 160 4169 1857 4251; baseline 0.001 -18"><span class='ocrx_word' id='word_1_616' title='bbox 160 4179 300 4251; x_wconf 89' lang='lat' dir='ltr'><strong>denegari.</strong></span> <span class='ocrx_word' id='word_1_617' title='bbox 347 4185 372 4234; x_wconf 81' lang='grc'><strong>4.</strong></span> <span class='ocrx_word' id='word_1_618' title='bbox 397 4177 491 4234; x_wconf 73' lang='lat' dir='ltr'><strong>iosias</strong></span> <span class='ocrx_word' id='word_1_619' title='bbox 518 4178 592 4233; x_wconf 90' lang='lat' dir='ltr'><strong>enim</strong></span> <span class='ocrx_word' id='word_1_620' title='bbox 616 4178 750 4233; x_wconf 90' lang='lat' dir='ltr'><strong>dicendus</strong></span> <span class='ocrx_word' id='word_1_621' title='bbox 774 4169 848 4233; x_wconf 88' lang='lat' dir='ltr'><strong>mala</strong></span> <span class='ocrx_word' id='word_1_622' title='bbox 870 4177 920 4233; x_wconf 91' lang='lat' dir='ltr'><strong>illa</strong></span> <span class='ocrx_word' id='word_1_623' title='bbox 950 4194 993 4234; x_wconf 87' lang='lat' dir='ltr'><strong>re·</strong></span> <span class='ocrx_word' id='word_1_624' title='bbox 1020 4179 1065 4232; x_wconf 80' lang='lat' dir='ltr'><strong>iic</strong></span> <span class='ocrx_word' id='word_1_625' title='bbox 1083 4186 1196 4248; x_wconf 77' lang='lat' dir='ltr'><strong>apaten,</strong></span> <span class='ocrx_word' id='word_1_626' title='bbox 1213 4178 1266 4230; x_wconf 85' lang='lat' dir='ltr'><strong>sed</strong></span> <span class='ocrx_word' id='word_1_627' title='bbox 1284 4178 1350 4231; x_wconf 85' lang='lat' dir='ltr'><strong>dum</strong></span> <span class='ocrx_word' id='word_1_628' title='bbox 1369 4179 1414 4232; x_wconf 80' lang='lat' dir='ltr'><strong>tia</strong></span> <span class='ocrx_word' id='word_1_629' title='bbox 1434 4179 1538 4251; x_wconf 74' lang='lat' dir='ltr'><strong>egitur,</strong></span> <span class='ocrx_word' id='word_1_630' title='bbox 1552 4187 1654 4249; x_wconf 84' lang='lat' dir='ltr'><strong>postea</strong></span> <span class='ocrx_word' id='word_1_631' title='bbox 1671 4197 1737 4235; x_wconf 84' lang='lat' dir='ltr'><strong>uero</strong></span> <span class='ocrx_word' id='word_1_632' title='bbox 1754 4181 1857 4235; x_wconf 83' lang='lat' dir='ltr'><strong>audire</strong></span> 
     </span>
     <span class='ocr_line' id='line_1_46' title="bbox 160 4262 1992 4337; baseline 0.002 -17"><span class='ocrx_word' id='word_1_633' title='bbox 160 4271 258 4337; x_wconf 85' lang='lat' dir='ltr'><strong>spectu</strong></span> <span class='ocrx_word' id='word_1_634' title='bbox 276 4264 452 4320; x_wconf 89' lang='lat' dir='ltr'><strong>revelationis</strong></span> <span class='ocrx_word' id='word_1_635' title='bbox 470 4270 498 4319; x_wconf 89' lang='lat' dir='ltr'><strong>et</strong></span> <span class='ocrx_word' id='word_1_636' title='bbox 516 4262 662 4320; x_wconf 86' lang='lat' dir='ltr'><strong>beatificae</strong></span> <span class='ocrx_word' id='word_1_637' title='bbox 681 4263 793 4318; x_wconf 88' lang='lat' dir='ltr'><strong>visionis</strong></span> <span class='ocrx_word' id='word_1_638' title='bbox 812 4265 925 4320; x_wconf 86' lang='lat' dir='ltr'><strong>scivisse</strong></span> <span class='ocrx_word' id='word_1_639' title='bbox 943 4271 993 4320; x_wconf 91' lang='lat' dir='ltr'><strong>ant</strong></span> <span class='ocrx_word' id='word_1_640' title='bbox 1020 4265 1057 4318; x_wconf 85' lang='lat' dir='ltr'><strong>ab</strong></span> <span class='ocrx_word' id='word_1_641' title='bbox 1089 4265 1143 4333; x_wconf 85' lang='lat' dir='ltr'><strong>eis,</strong></span> <span class='ocrx_word' id='word_1_642' title='bbox 1170 4264 1302 4334; x_wconf 76' lang='lat' dir='ltr'><strong>quitiae</strong></span> <span class='ocrx_word' id='word_1_643' title='bbox 1324 4266 1365 4318; x_wconf 87' lang='lat' dir='ltr'><strong>ad</strong></span> <span class='ocrx_word' id='word_1_644' title='bbox 1387 4282 1434 4319; x_wconf 88' lang='lat' dir='ltr'><strong>eos</strong></span> <span class='ocrx_word' id='word_1_645' title='bbox 1458 4267 1604 4322; x_wconf 66' lang='lat' dir='ltr'><strong>medendo</strong></span> <span class='ocrx_word' id='word_1_646' title='bbox 1633 4275 1769 4337; x_wconf 72' lang='lat' dir='ltr'><strong>perperat,</strong></span> <span class='ocrx_word' id='word_1_647' title='bbox 1798 4286 1855 4324; x_wconf 89' lang='lat' dir='ltr'><strong>non</strong></span> <span class='ocrx_word' id='word_1_648' title='bbox 1868 4272 1946 4315; x_wconf 82' lang='lat' dir='ltr'><strong>xv111.</strong></span> <span class='ocrx_word' id='word_1_649' title='bbox 1960 4273 1992 4316; x_wconf 71' lang='lat' dir='ltr'><strong>tt</strong></span> 
     </span>
     <span class='ocr_line' id='line_1_47' title="bbox 160 4349 1854 4424; baseline 0.002 -19"><span class='ocrx_word' id='word_1_650' title='bbox 160 4352 311 4424; x_wconf 86' lang='lat' dir='ltr'><strong>ignorasse.</strong></span> <span class='ocrx_word' id='word_1_651' title='bbox 346 4350 376 4406; x_wconf 85' lang='lat' dir='ltr'><strong>si</strong></span> <span class='ocrx_word' id='word_1_652' title='bbox 393 4350 485 4421; x_wconf 88' lang='lat' dir='ltr'><strong>prius,</strong></span> <span class='ocrx_word' id='word_1_653' title='bbox 507 4367 575 4422; x_wconf 90' lang='lat' dir='ltr'><strong>ergo</strong></span> <span class='ocrx_word' id='word_1_654' title='bbox 598 4366 653 4405; x_wconf 92' lang='lat' dir='ltr'><strong>non</strong></span> <span class='ocrx_word' id='word_1_655' title='bbox 677 4350 730 4406; x_wconf 88' lang='lat' dir='ltr'><strong>suit</strong></span> <span class='ocrx_word' id='word_1_656' title='bbox 754 4350 783 4404; x_wconf 90' lang='lat' dir='ltr'><strong>in</strong></span> <span class='ocrx_word' id='word_1_657' title='bbox 803 4349 903 4419; x_wconf 88' lang='lat' dir='ltr'><strong>limbo,</strong></span> <span class='ocrx_word' id='word_1_658' title='bbox 927 4352 994 4423; x_wconf 91' lang='lat' dir='ltr'><strong>quia</strong></span> <span class='ocrx_word' id='word_1_659' title='bbox 1021 4352 1133 4422; x_wconf 83' lang='lat' dir='ltr'><strong>quidem</strong></span> <span class='ocrx_word' id='word_1_660' title='bbox 1152 4349 1255 4417; x_wconf 86' lang='lat' dir='ltr'><strong>emnia,</strong></span> <span class='ocrx_word' id='word_1_661' title='bbox 1275 4352 1328 4404; x_wconf 85' lang='lat' dir='ltr'><strong>sed</strong></span> <span class='ocrx_word' id='word_1_662' title='bbox 1345 4368 1416 4420; x_wconf 84' lang='lat' dir='ltr'><strong>quae</strong></span> <span class='ocrx_word' id='word_1_663' title='bbox 1436 4352 1566 4405; x_wconf 83' lang='lat' dir='ltr'><strong>sinuntur</strong></span> <span class='ocrx_word' id='word_1_664' title='bbox 1584 4353 1668 4406; x_wconf 86' lang='lat' dir='ltr'><strong>etium</strong></span> <span class='ocrx_word' id='word_1_665' title='bbox 1686 4352 1741 4407; x_wconf 85' lang='lat' dir='ltr'><strong>iste</strong></span> <span class='ocrx_word' id='word_1_666' title='bbox 1760 4357 1854 4409; x_wconf 85' lang='lat' dir='ltr'><strong>memi-</strong></span> 
     </span>
     <span class='ocr_line' id='line_1_48' title="bbox 159 4436 1854 4512; baseline 0.001 -18"><span class='ocrx_word' id='word_1_667' title='bbox 159 4439 188 4494; x_wconf 95' lang='lat' dir='ltr'><strong>in</strong></span> <span class='ocrx_word' id='word_1_668' title='bbox 214 4437 299 4493; x_wconf 90' lang='lat' dir='ltr'><strong>limbo</strong></span> <span class='ocrx_word' id='word_1_669' title='bbox 329 4453 389 4492; x_wconf 88' lang='lat' dir='ltr'><strong>esse</strong></span> <span class='ocrx_word' id='word_1_670' title='bbox 418 4442 447 4492; x_wconf 91' lang='lat' dir='ltr'><strong>et</strong></span> <span class='ocrx_word' id='word_1_671' title='bbox 480 4437 604 4506; x_wconf 84' lang='lat' dir='ltr'><strong>perfecte</strong></span> <span class='ocrx_word' id='word_1_672' title='bbox 626 4436 739 4491; x_wconf 90' lang='lat' dir='ltr'><strong>beatum</strong></span> <span class='ocrx_word' id='word_1_673' title='bbox 763 4453 836 4505; x_wconf 89' lang='lat' dir='ltr'><strong>esse,</strong></span> <span class='ocrx_word' id='word_1_674' title='bbox 867 4436 993 4506; x_wconf 90' lang='lat' dir='ltr'><strong>adeoque</strong></span> <span class='ocrx_word' id='word_1_675' title='bbox 1020 4437 1094 4490; x_wconf 87' lang='lat' dir='ltr'><strong>nisse</strong></span> <span class='ocrx_word' id='word_1_676' title='bbox 1112 4443 1138 4490; x_wconf 91' lang='lat' dir='ltr'><strong>et</strong></span> <span class='ocrx_word' id='word_1_677' title='bbox 1158 4452 1230 4506; x_wconf 81' lang='lat' dir='ltr'><strong>quae</strong></span> <span class='ocrx_word' id='word_1_678' title='bbox 1254 4436 1336 4506; x_wconf 73' lang='lat' dir='ltr'><strong>suos,</strong></span> <span class='ocrx_word' id='word_1_679' title='bbox 1362 4437 1461 4508; x_wconf 80' lang='lat' dir='ltr'><strong>quibus</strong></span> <span class='ocrx_word' id='word_1_680' title='bbox 1486 4438 1554 4491; x_wconf 79' lang='lat' dir='ltr'><strong>daeo</strong></span> <span class='ocrx_word' id='word_1_681' title='bbox 1578 4439 1720 4508; x_wconf 84' lang='lat' dir='ltr'><strong>indicunt,</strong></span> <span class='ocrx_word' id='word_1_682' title='bbox 1746 4448 1854 4512; x_wconf 86' lang='lat' dir='ltr'><strong>oportet</strong></span> 
     </span>
     <span class='ocr_line' id='line_1_49' title="bbox 160 4522 1854 4595; baseline 0 -15"><span class='ocrx_word' id='word_1_683' title='bbox 160 4525 251 4580; x_wconf 91' lang='lat' dir='ltr'><strong>Deum</strong></span> <span class='ocrx_word' id='word_1_684' title='bbox 274 4522 369 4578; x_wconf 90' lang='lat' dir='ltr'><strong>videre</strong></span> <span class='ocrx_word' id='word_1_685' title='bbox 388 4522 416 4577; x_wconf 93' lang='lat' dir='ltr'><strong>in</strong></span> <span class='ocrx_word' id='word_1_686' title='bbox 434 4522 575 4594; x_wconf 89' lang='lat' dir='ltr'><strong>theologia</strong></span> <span class='ocrx_word' id='word_1_687' title='bbox 602 4523 696 4593; x_wconf 88' lang='lat' dir='ltr'><strong>papali</strong></span> <span class='ocrx_word' id='word_1_688' title='bbox 713 4522 833 4578; x_wconf 92' lang='lat' dir='ltr'><strong>invicem</strong></span> <span class='ocrx_word' id='word_1_689' title='bbox 851 4530 993 4594; x_wconf 79' lang='lat' dir='ltr'><strong>pugnant3</strong></span> <span class='ocrx_word' id='word_1_690' title='bbox 1020 4523 1130 4577; x_wconf 67' lang='lat' dir='ltr'><strong>erudire.</strong></span> <span class='ocrx_word' id='word_1_691' title='bbox 1174 4523 1298 4576; x_wconf 86' lang='lat' dir='ltr'><strong>Possunt</strong></span> <span class='ocrx_word' id='word_1_692' title='bbox 1324 4529 1350 4576; x_wconf 84' lang='lat' dir='ltr'><strong>et</strong></span> <span class='ocrx_word' id='word_1_693' title='bbox 1374 4524 1410 4575; x_wconf 80' lang='lat' dir='ltr'><strong>ab</strong></span> <span class='ocrx_word' id='word_1_694' title='bbox 1439 4523 1563 4591; x_wconf 66' lang='lat' dir='ltr'><strong>angelis,</strong></span> <span class='ocrx_word' id='word_1_695' title='bbox 1591 4525 1642 4595; x_wconf 88' lang='lat' dir='ltr'><strong>qui</strong></span> <span class='ocrx_word' id='word_1_696' title='bbox 1662 4525 1757 4595; x_wconf 81' lang='lat' dir='ltr'><strong>rebus,</strong></span> <span class='ocrx_word' id='word_1_697' title='bbox 1781 4542 1854 4595; x_wconf 82' lang='lat' dir='ltr'><strong>quoe</strong></span> 
     </span>
     <span class='ocr_line' id='line_1_50' title="bbox 160 4608 1854 4681; baseline 0.002 -16"><span class='ocrx_word' id='word_1_698' title='bbox 160 4611 183 4666; x_wconf 88' lang='lat' dir='ltr'><strong>si</strong></span> <span class='ocrx_word' id='word_1_699' title='bbox 214 4608 365 4681; x_wconf 87' lang='lat' dir='ltr'><strong>posterius,</strong></span> <span class='ocrx_word' id='word_1_700' title='bbox 397 4614 504 4678; x_wconf 89' lang='lat' dir='ltr'><strong>perstat</strong></span> <span class='ocrx_word' id='word_1_701' title='bbox 531 4614 626 4663; x_wconf 91' lang='lat' dir='ltr'><strong>nostra</strong></span> <span class='ocrx_word' id='word_1_702' title='bbox 658 4609 810 4677; x_wconf 87' lang='lat' dir='ltr'><strong>sententia,</strong></span> <span class='ocrx_word' id='word_1_703' title='bbox 839 4609 913 4680; x_wconf 92' lang='lat' dir='ltr'><strong>quod</strong></span> <span class='ocrx_word' id='word_1_704' title='bbox 938 4626 992 4663; x_wconf 92' lang='lat' dir='ltr'><strong>non</strong></span> <span class='ocrx_word' id='word_1_705' title='bbox 1020 4615 1159 4679; x_wconf 70' lang='lat' dir='ltr'><strong>agamur,</strong></span> <span class='ocrx_word' id='word_1_706' title='bbox 1187 4608 1232 4661; x_wconf 79' lang='lat' dir='ltr'><strong>liic</strong></span> <span class='ocrx_word' id='word_1_707' title='bbox 1253 4615 1469 4678; x_wconf 83' lang='lat' dir='ltr'><strong>praestarent,</strong></span> <span class='ocrx_word' id='word_1_708' title='bbox 1488 4612 1591 4665; x_wconf 84' lang='lat' dir='ltr'><strong>audire</strong></span> <span class='ocrx_word' id='word_1_709' title='bbox 1610 4612 1724 4680; x_wconf 82' lang='lat' dir='ltr'><strong>aliquid</strong></span> <span class='ocrx_word' id='word_1_710' title='bbox 1742 4614 1854 4671; x_wconf 84' lang='lat' dir='ltr'><strong>mortui.</strong></span> 
     </span>
     <span class='ocr_line' id='line_1_51' title="bbox 161 4694 1854 4767; baseline 0.002 -15"><span class='ocrx_word' id='word_1_711' title='bbox 161 4700 249 4754; x_wconf 89' lang='lat' dir='ltr'><strong>selum</strong></span> <span class='ocrx_word' id='word_1_712' title='bbox 281 4695 470 4758; x_wconf 85' lang='lat' dir='ltr'><strong>naturaliter,</strong></span> <span class='ocrx_word' id='word_1_713' title='bbox 495 4694 546 4749; x_wconf 90' lang='lat' dir='ltr'><strong>sed</strong></span> <span class='ocrx_word' id='word_1_714' title='bbox 575 4695 658 4751; x_wconf 88' lang='lat' dir='ltr'><strong>etiam</strong></span> <span class='ocrx_word' id='word_1_715' title='bbox 682 4696 937 4765; x_wconf 64' lang='lat' dir='ltr'><strong>manaturalitsr</strong></span> <span class='ocrx_word' id='word_1_716' title='bbox 960 4713 994 4752; x_wconf 91' lang='lat' dir='ltr'><strong>ea</strong></span> <span class='ocrx_word' id='word_1_717' title='bbox 1020 4711 1081 4764; x_wconf 92' lang='lat' dir='ltr'><strong>cap.</strong></span> <span class='ocrx_word' id='word_1_718' title='bbox 1103 4700 1144 4751; x_wconf 89' lang='grc'><strong>16.</strong></span> <span class='ocrx_word' id='word_1_719' title='bbox 1171 4694 1207 4749; x_wconf 91' lang='lat' dir='ltr'><strong>ad</strong></span> <span class='ocrx_word' id='word_1_720' title='bbox 1230 4694 1393 4749; x_wconf 89' lang='lat' dir='ltr'><strong>miraculum</strong></span> <span class='ocrx_word' id='word_1_721' title='bbox 1417 4696 1452 4751; x_wconf 93' lang='lat' dir='ltr'><strong>de</strong></span> <span class='ocrx_word' id='word_1_722' title='bbox 1474 4696 1647 4767; x_wconf 88' lang='lat' dir='ltr'><strong>apparitione</strong></span> <span class='ocrx_word' id='word_1_723' title='bbox 1664 4698 1767 4754; x_wconf 83' lang='lat' dir='ltr'><strong>Felicis</strong></span> <span class='ocrx_word' id='word_1_724' title='bbox 1790 4717 1854 4755; x_wconf 91' lang='lat' dir='ltr'><strong>eon·</strong></span> 
     </span>
     <span class='ocr_line' id='line_1_52' title="bbox 160 4780 1854 4855; baseline 0 -15"><span class='ocrx_word' id='word_1_725' title='bbox 160 4803 216 4840; x_wconf 90' lang='lat' dir='ltr'><strong>non</strong></span> <span class='ocrx_word' id='word_1_726' title='bbox 247 4781 363 4839; x_wconf 84' lang='lat' dir='ltr'><strong>sciverit</strong></span> <span class='ocrx_word' id='word_1_727' title='bbox 415 4787 439 4838; x_wconf 83' lang='lat'><strong>5.</strong></span> <span class='ocrx_word' id='word_1_728' title='bbox 460 4781 597 4836; x_wconf 88' lang='lat' dir='ltr'><strong>Nutanter</strong></span> <span class='ocrx_word' id='word_1_729' title='bbox 630 4781 700 4837; x_wconf 88' lang='lat' dir='ltr'><strong>dicit</strong></span> <span class='ocrx_word' id='word_1_730' title='bbox 722 4781 842 4852; x_wconf 86' lang='lat' dir='ltr'><strong>Spiritus</strong></span> <span class='ocrx_word' id='word_1_731' title='bbox 871 4789 993 4851; x_wconf 76' lang='lat' dir='ltr'><strong>metus,</strong></span> <span class='ocrx_word' id='word_1_732' title='bbox 1019 4780 1131 4836; x_wconf 80' lang='lat' dir='ltr'><strong>sessuris</strong></span> <span class='ocrx_word' id='word_1_733' title='bbox 1159 4780 1188 4834; x_wconf 92' lang='lat' dir='ltr'><strong>in</strong></span> <span class='ocrx_word' id='word_1_734' title='bbox 1206 4780 1349 4836; x_wconf 89' lang='lat' dir='ltr'><strong>obsidione</strong></span> <span class='ocrx_word' id='word_1_735' title='bbox 1367 4781 1454 4837; x_wconf 83' lang='lat' dir='ltr'><strong>Nolae</strong></span> <span class='ocrx_word' id='word_1_736' title='bbox 1480 4781 1576 4836; x_wconf 89' lang='lat' dir='ltr'><strong>incolis</strong></span> <span class='ocrx_word' id='word_1_737' title='bbox 1594 4783 1670 4838; x_wconf 89' lang='lat' dir='ltr'><strong>facta</strong></span> <span class='ocrx_word' id='word_1_738' title='bbox 1692 4786 1854 4855; x_wconf 89' lang='lat' dir='ltr'><strong>respondet:</strong></span> 
     </span>
     <span class='ocr_line' id='line_1_53' title="bbox 161 4867 1960 4939; baseline -0.001 -13"><span class='ocrx_word' id='word_1_739' title='bbox 161 4869 236 4937; x_wconf 87' lang='lat' dir='ltr'><strong>quod</strong></span> <span class='ocrx_word' id='word_1_740' title='bbox 253 4868 347 4926; x_wconf 74' lang='lat' dir='ltr'><strong>iosias</strong></span> <span class='ocrx_word' id='word_1_741' title='bbox 366 4867 542 4934; x_wconf 69' lang='lat' dir='ltr'><strong>colligendus</strong></span> <span class='ocrx_word' id='word_1_742' title='bbox 559 4868 596 4919; x_wconf 85' lang='lat' dir='ltr'><strong>sit</strong></span> <span class='ocrx_word' id='word_1_743' title='bbox 620 4869 661 4920; x_wconf 87' lang='lat' dir='ltr'><strong>ad</strong></span> <span class='ocrx_word' id='word_1_744' title='bbox 674 4875 775 4937; x_wconf 86' lang='lat' dir='ltr'><strong>patres</strong></span> <span class='ocrx_word' id='word_1_745' title='bbox 792 4885 871 4933; x_wconf 83' lang='lat' dir='ltr'><strong>suos,</strong></span> <span class='ocrx_word' id='word_1_746' title='bbox 889 4876 921 4922; x_wconf 93' lang='lat' dir='ltr'><strong>ut</strong></span> <span class='ocrx_word' id='word_1_747' title='bbox 939 4887 994 4923; x_wconf 88' lang='lat' dir='ltr'><strong>non</strong></span> <span class='ocrx_word' id='word_1_748' title='bbox 1021 4870 1084 4922; x_wconf 86' lang='lat' dir='ltr'><strong>Ista</strong></span> <span class='ocrx_word' id='word_1_749' title='bbox 1101 4868 1240 4921; x_wconf 85' lang='lat' dir='ltr'><strong>diuinitus</strong></span> <span class='ocrx_word' id='word_1_750' title='bbox 1263 4869 1438 4935; x_wconf 75' lang='lat' dir='ltr'><strong>exhibentur,</strong></span> <span class='ocrx_word' id='word_1_751' title='bbox 1464 4870 1548 4938; x_wconf 72' lang='lat' dir='ltr'><strong>longe</strong></span> <span class='ocrx_word' id='word_1_752' title='bbox 1572 4870 1658 4924; x_wconf 82' lang='lat' dir='ltr'><strong>aliter</strong></span> <span class='ocrx_word' id='word_1_753' title='bbox 1684 4888 1768 4939; x_wconf 87' lang='lat' dir='ltr'><strong>quam</strong></span> <span class='ocrx_word' id='word_1_754' title='bbox 1795 4889 1853 4927; x_wconf 86' lang='lat' dir='ltr'><strong>sese</strong></span> <span class='ocrx_word' id='word_1_755' title='bbox 1958 4931 1960 4935; x_wconf 40' lang='grc'>,</span> 
     </span>
     <span class='ocr_line' id='line_1_54' title="bbox 159 4951 1855 5027; baseline 0.001 -16"><span class='ocrx_word' id='word_1_756' title='bbox 159 4958 255 5011; x_wconf 80' lang='lat' dir='ltr'><strong>rideat</strong></span> <span class='ocrx_word' id='word_1_757' title='bbox 273 4954 359 5018; x_wconf 86' lang='lat' dir='ltr'><strong>mele,</strong></span> <span class='ocrx_word' id='word_1_758' title='bbox 377 4953 480 5025; x_wconf 87' lang='lat' dir='ltr'><strong>quibus</strong></span> <span class='ocrx_word' id='word_1_759' title='bbox 499 4951 618 5023; x_wconf 90' lang='lat' dir='ltr'><strong>populus</strong></span> <span class='ocrx_word' id='word_1_760' title='bbox 636 4951 806 5007; x_wconf 78' lang='lat' dir='ltr'><strong>lsraiiliticus</strong></span> <span class='ocrx_word' id='word_1_761' title='bbox 823 4959 887 5024; x_wconf 91' lang='lat' dir='ltr'><strong>post</strong></span> <span class='ocrx_word' id='word_1_762' title='bbox 906 4955 993 5027; x_wconf 85' lang='lat' dir='ltr'><strong>ipsius</strong></span> <span class='ocrx_word' id='word_1_763' title='bbox 1020 4955 1103 5008; x_wconf 78' lang='lat' dir='ltr'><strong>babet</strong></span> <span class='ocrx_word' id='word_1_764' title='bbox 1120 4954 1241 5007; x_wconf 88' lang='lat' dir='ltr'><strong>usitatus</strong></span> <span class='ocrx_word' id='word_1_765' title='bbox 1259 4956 1338 5021; x_wconf 86' lang='lat' dir='ltr'><strong>erdo,</strong></span> <span class='ocrx_word' id='word_1_766' title='bbox 1358 4956 1479 5025; x_wconf 70' lang='lat' dir='ltr'><strong>stapulas</strong></span> <span class='ocrx_word' id='word_1_767' title='bbox 1492 4964 1689 5011; x_wconf 87' lang='lat' dir='ltr'><strong>creaturarum</strong></span> <span class='ocrx_word' id='word_1_768' title='bbox 1707 4958 1855 5024; x_wconf 71' lang='lat' dir='ltr'><strong>generibus</strong></span> 
     </span>
     <span class='ocr_line' id='line_1_55' title="bbox 160 5037 1855 5112; baseline 0.001 -15"><span class='ocrx_word' id='word_1_769' title='bbox 160 5048 275 5098; x_wconf 90' lang='lat' dir='ltr'><strong>mortem</strong></span> <span class='ocrx_word' id='word_1_770' title='bbox 295 5046 355 5096; x_wconf 90' lang='lat' dir='ltr'><strong>erat</strong></span> <span class='ocrx_word' id='word_1_771' title='bbox 374 5038 551 5111; x_wconf 84' lang='lat' dir='ltr'><strong>affligendus.</strong></span> <span class='ocrx_word' id='word_1_772' title='bbox 595 5038 683 5109; x_wconf 90' lang='lat' dir='ltr'><strong>Atqui</strong></span> <span class='ocrx_word' id='word_1_773' title='bbox 706 5037 730 5092; x_wconf 90' lang='lat' dir='ltr'><strong>si</strong></span> <span class='ocrx_word' id='word_1_774' title='bbox 748 5038 842 5094; x_wconf 85' lang='lat' dir='ltr'><strong>Josias</strong></span> <span class='ocrx_word' id='word_1_775' title='bbox 861 5058 992 5111; x_wconf 90' lang='lat' dir='ltr'><strong>superna·</strong></span> <span class='ocrx_word' id='word_1_776' title='bbox 1022 5041 1179 5095; x_wconf 80' lang='lat' dir='ltr'><strong>attributus.</strong></span> <span class='ocrx_word' id='word_1_777' title='bbox 1220 5040 1286 5093; x_wconf 91' lang='lat' dir='ltr'><strong>Non</strong></span> <span class='ocrx_word' id='word_1_778' title='bbox 1309 5041 1382 5094; x_wconf 87' lang='lat' dir='ltr'><strong>enim</strong></span> <span class='ocrx_word' id='word_1_779' title='bbox 1403 5042 1472 5110; x_wconf 83' lang='lat' dir='ltr'><strong>quia</strong></span> <span class='ocrx_word' id='word_1_780' title='bbox 1494 5042 1525 5095; x_wconf 85' lang='lat' dir='ltr'><strong>in</strong></span> <span class='ocrx_word' id='word_1_781' title='bbox 1550 5044 1644 5096; x_wconf 83' lang='lat' dir='ltr'><strong>einum</strong></span> <span class='ocrx_word' id='word_1_782' title='bbox 1673 5061 1760 5112; x_wconf 85' lang='lat' dir='ltr'><strong>aqua,</strong></span> <span class='ocrx_word' id='word_1_783' title='bbox 1793 5062 1855 5099; x_wconf 85' lang='lat' dir='ltr'><strong>curn</strong></span> 
     </span>
    </p>
   </div>
   <div class='ocr_carea' id='block_1_3' title="bbox 159 5122 1855 5636">
    <p class='ocr_par' dir='ltr' id='par_1_3' title="bbox 159 5122 1855 5636">
     <span class='ocr_line' id='line_1_56' title="bbox 159 5122 1855 5198; baseline 0.001 -14"><span class='ocrx_word' id='word_1_784' title='bbox 159 5129 243 5184; x_wconf 87' lang='lat' dir='ltr'><strong>turali</strong></span> <span class='ocrx_word' id='word_1_785' title='bbox 273 5127 443 5183; x_wconf 88' lang='lat' dir='ltr'><strong>revelatione</strong></span> <span class='ocrx_word' id='word_1_786' title='bbox 472 5126 516 5181; x_wconf 92' lang='lat' dir='ltr'><strong>vel</strong></span> <span class='ocrx_word' id='word_1_787' title='bbox 545 5122 672 5180; x_wconf 85' lang='lat' dir='ltr'><strong>benefica</strong></span> <span class='ocrx_word' id='word_1_788' title='bbox 697 5124 803 5180; x_wconf 92' lang='lat' dir='ltr'><strong>visione</strong></span> <span class='ocrx_word' id='word_1_789' title='bbox 839 5127 912 5182; x_wconf 88' lang='lat' dir='ltr'><strong>mala</strong></span> <span class='ocrx_word' id='word_1_790' title='bbox 946 5129 995 5184; x_wconf 88' lang='lat' dir='ltr'><strong>illa</strong></span> <span class='ocrx_word' id='word_1_791' title='bbox 1020 5127 1109 5182; x_wconf 84' lang='lat' dir='ltr'><strong>uoluit</strong></span> <span class='ocrx_word' id='word_1_792' title='bbox 1137 5126 1291 5189; x_wconf 84' lang='lat' dir='ltr'><strong>Dominus,</strong></span> <span class='ocrx_word' id='word_1_793' title='bbox 1323 5136 1436 5196; x_wconf 82' lang='lat' dir='ltr'><strong>repente</strong></span> <span class='ocrx_word' id='word_1_794' title='bbox 1460 5144 1594 5182; x_wconf 81' lang='lat' dir='ltr'><strong>conuersa</strong></span> <span class='ocrx_word' id='word_1_795' title='bbox 1620 5136 1674 5198; x_wconf 85' lang='lat' dir='ltr'><strong>est,</strong></span> <span class='ocrx_word' id='word_1_796' title='bbox 1703 5130 1767 5185; x_wconf 85' lang='lat' dir='ltr'><strong>ideo</strong></span> <span class='ocrx_word' id='word_1_797' title='bbox 1798 5149 1855 5185; x_wconf 89' lang='lat' dir='ltr'><strong>non</strong></span> 
     </span>
     <span class='ocr_line' id='line_1_57' title="bbox 159 5210 1854 5285; baseline 0.001 -14"><span class='ocrx_word' id='word_1_798' title='bbox 159 5216 244 5285; x_wconf 90' lang='lat' dir='ltr'><strong>vidit,</strong></span> <span class='ocrx_word' id='word_1_799' title='bbox 276 5228 332 5269; x_wconf 93' lang='lat' dir='ltr'><strong>non</strong></span> <span class='ocrx_word' id='word_1_800' title='bbox 358 5214 413 5268; x_wconf 84' lang='lat' dir='ltr'><strong>init</strong></span> <span class='ocrx_word' id='word_1_801' title='bbox 438 5212 570 5268; x_wconf 87' lang='lat' dir='ltr'><strong>collectus</strong></span> <span class='ocrx_word' id='word_1_802' title='bbox 599 5210 635 5265; x_wconf 93' lang='lat' dir='ltr'><strong>ad</strong></span> <span class='ocrx_word' id='word_1_803' title='bbox 661 5217 754 5280; x_wconf 89' lang='lat' dir='ltr'><strong>patres</strong></span> <span class='ocrx_word' id='word_1_804' title='bbox 785 5227 858 5268; x_wconf 92' lang='lat' dir='ltr'><strong>suos.</strong></span> <span class='ocrx_word' id='word_1_805' title='bbox 908 5213 993 5269; x_wconf 89' lang='lat' dir='ltr'><strong>Ratio</strong></span> <span class='ocrx_word' id='word_1_806' title='bbox 1022 5214 1168 5280; x_wconf 84' lang='lat' dir='ltr'><strong>debemus,</strong></span> <span class='ocrx_word' id='word_1_807' title='bbox 1195 5214 1265 5282; x_wconf 84' lang='lat' dir='ltr'><strong>quid</strong></span> <span class='ocrx_word' id='word_1_808' title='bbox 1282 5230 1358 5282; x_wconf 86' lang='lat' dir='ltr'><strong>aqua</strong></span> <span class='ocrx_word' id='word_1_809' title='bbox 1376 5213 1471 5266; x_wconf 71' lang='lat' dir='ltr'><strong>vehat</strong></span> <span class='ocrx_word' id='word_1_810' title='bbox 1490 5213 1520 5267; x_wconf 84' lang='lat' dir='ltr'><strong>in</strong></span> <span class='ocrx_word' id='word_1_811' title='bbox 1540 5214 1736 5269; x_wconf 79' lang='lat' dir='ltr'><strong>elementorum</strong></span> <span class='ocrx_word' id='word_1_812' title='bbox 1754 5218 1854 5273; x_wconf 83' lang='lat' dir='ltr'><strong>ordine</strong></span> 
     </span>
     <span class='ocr_line' id='line_1_58' title="bbox 160 5295 1853 5372; baseline 0.001 -14"><span class='ocrx_word' id='word_1_813' title='bbox 160 5300 339 5359; x_wconf 82' lang='lat' dir='ltr'><strong>connexionis</strong></span> <span class='ocrx_word' id='word_1_814' title='bbox 376 5316 410 5355; x_wconf 92' lang='lat' dir='ltr'><strong>ea</strong></span> <span class='ocrx_word' id='word_1_815' title='bbox 447 5305 502 5364; x_wconf 87' lang='lat' dir='ltr'><strong>est,</strong></span> <span class='ocrx_word' id='word_1_816' title='bbox 540 5296 605 5368; x_wconf 88' lang='lat' dir='ltr'><strong>quia</strong></span> <span class='ocrx_word' id='word_1_817' title='bbox 638 5295 822 5352; x_wconf 87' lang='lat' dir='ltr'><strong>Bellarminns</strong></span> <span class='ocrx_word' id='word_1_818' title='bbox 859 5299 994 5370; x_wconf 86' lang='lat' dir='ltr'><strong>concedit,</strong></span> <span class='ocrx_word' id='word_1_819' title='bbox 1017 5298 1155 5371; x_wconf 82' lang='lat' dir='ltr'><strong>proprio,</strong></span> <span class='ocrx_word' id='word_1_820' title='bbox 1183 5299 1219 5352; x_wconf 79' lang='lat' dir='ltr'><strong>ab</strong></span> <span class='ocrx_word' id='word_1_821' title='bbox 1237 5300 1318 5358; x_wconf 84' lang='lat' dir='ltr'><strong>istius</strong></span> <span class='ocrx_word' id='word_1_822' title='bbox 1337 5299 1429 5353; x_wconf 86' lang='lat' dir='ltr'><strong>diuini</strong></span> <span class='ocrx_word' id='word_1_823' title='bbox 1447 5301 1542 5369; x_wconf 85' lang='lat' dir='ltr'><strong>operis</strong></span> <span class='ocrx_word' id='word_1_824' title='bbox 1560 5300 1680 5355; x_wconf 88' lang='lat' dir='ltr'><strong>raritate</strong></span> <span class='ocrx_word' id='word_1_825' title='bbox 1698 5301 1744 5356; x_wconf 82' lang='lat' dir='ltr'><strong>eei</strong></span> <span class='ocrx_word' id='word_1_826' title='bbox 1754 5304 1853 5372; x_wconf 82' lang='lat' dir='ltr'><strong>potius</strong></span> 
     </span>
     <span class='ocr_line' id='line_1_59' title="bbox 160 5384 1854 5460; baseline 0 -16"><span class='ocrx_word' id='word_1_827' title='bbox 160 5393 254 5460; x_wconf 89' lang='lat' dir='ltr'><strong>patres</strong></span> <span class='ocrx_word' id='word_1_828' title='bbox 273 5387 385 5451; x_wconf 84' lang='lat' dir='ltr'><strong>Josiae,</strong></span> <span class='ocrx_word' id='word_1_829' title='bbox 405 5385 594 5440; x_wconf 90' lang='lat' dir='ltr'><strong>Abrahamum</strong></span> <span class='ocrx_word' id='word_1_830' title='bbox 615 5390 643 5439; x_wconf 90' lang='lat' dir='ltr'><strong>et</strong></span> <span class='ocrx_word' id='word_1_831' title='bbox 659 5384 800 5446; x_wconf 77' lang='lat' dir='ltr'><strong>Israelem,</strong></span> <span class='ocrx_word' id='word_1_832' title='bbox 819 5401 875 5439; x_wconf 91' lang='lat' dir='ltr'><strong>non</strong></span> <span class='ocrx_word' id='word_1_833' title='bbox 891 5384 994 5442; x_wconf 89' lang='lat' dir='ltr'><strong>vidisse</strong></span> <span class='ocrx_word' id='word_1_834' title='bbox 1021 5384 1218 5453; x_wconf 78' lang='lat' dir='ltr'><strong>sirspulars&#39;tate</strong></span> <span class='ocrx_word' id='word_1_835' title='bbox 1253 5386 1427 5452; x_wconf 67' lang='lat' dir='ltr'><strong>descernere,</strong></span> <span class='ocrx_word' id='word_1_836' title='bbox 1472 5403 1523 5440; x_wconf 86' lang='lat' dir='ltr'><strong>nee</strong></span> <span class='ocrx_word' id='word_1_837' title='bbox 1558 5387 1691 5456; x_wconf 86' lang='lat' dir='ltr'><strong>queniam</strong></span> <span class='ocrx_word' id='word_1_838' title='bbox 1725 5388 1854 5444; x_wconf 66' lang='lat' dir='ltr'><strong>Meam</strong></span> 
     </span>
     <span class='ocr_line' id='line_1_60' title="bbox 160 5469 1853 5545; baseline 0.001 -15"><span class='ocrx_word' id='word_1_839' title='bbox 160 5475 207 5530; x_wconf 83' lang='lat' dir='ltr'><strong>illa</strong></span> <span class='ocrx_word' id='word_1_840' title='bbox 234 5474 310 5528; x_wconf 90' lang='lat' dir='ltr'><strong>mala</strong></span> <span class='ocrx_word' id='word_1_841' title='bbox 339 5471 469 5528; x_wconf 83' lang='lat' dir='ltr'><strong>beatifica</strong></span> <span class='ocrx_word' id='word_1_842' title='bbox 492 5470 611 5534; x_wconf 87' lang='lat' dir='ltr'><strong>visione,</strong></span> <span class='ocrx_word' id='word_1_843' title='bbox 643 5469 709 5541; x_wconf 85' lang='lat' dir='ltr'><strong>quia</strong></span> <span class='ocrx_word' id='word_1_844' title='bbox 736 5469 842 5525; x_wconf 88' lang='lat' dir='ltr'><strong>scilicet</strong></span> <span class='ocrx_word' id='word_1_845' title='bbox 870 5470 1187 5541; x_wconf 76' lang='lat' dir='ltr'><strong>nondumvresurreeit,</strong></span> <span class='ocrx_word' id='word_1_846' title='bbox 1204 5472 1270 5526; x_wconf 86' lang='lat' dir='ltr'><strong>ideo</strong></span> <span class='ocrx_word' id='word_1_847' title='bbox 1290 5481 1416 5528; x_wconf 83' lang='lat' dir='ltr'><strong>mortuus</strong></span> <span class='ocrx_word' id='word_1_848' title='bbox 1428 5474 1526 5544; x_wconf 85' lang='lat' dir='ltr'><strong>omnis,</strong></span> <span class='ocrx_word' id='word_1_849' title='bbox 1542 5476 1657 5544; x_wconf 84' lang='lat' dir='ltr'><strong>quando</strong></span> <span class='ocrx_word' id='word_1_850' title='bbox 1668 5475 1736 5544; x_wconf 85' lang='lat' dir='ltr'><strong>vult,</strong></span> <span class='ocrx_word' id='word_1_851' title='bbox 1750 5478 1853 5545; x_wconf 61' lang='lat' dir='ltr'><strong>sumit.</strong></span> 
     </span>
     <span class='ocr_line' id='line_1_61' title="bbox 159 5538 1853 5636; baseline 0.003 -20"><span class='ocrx_word' id='word_1_852' title='bbox 159 5566 239 5618; x_wconf 73' lang='lat' dir='ltr'><strong>mant</strong></span> <span class='ocrx_word' id='word_1_853' title='bbox 255 5559 339 5615; x_wconf 87' lang='lat' dir='ltr'><strong>beati.</strong></span> <span class='ocrx_word' id='word_1_854' title='bbox 1006 5538 1109 5629; x_wconf 84' lang='lat' dir='ltr'><strong>lAtqui</strong></span> <span class='ocrx_word' id='word_1_855' title='bbox 1132 5557 1288 5614; x_wconf 87' lang='lat' dir='ltr'><strong>monuimus</strong></span> <span class='ocrx_word' id='word_1_856' title='bbox 1305 5561 1444 5631; x_wconf 89' lang='lat' dir='ltr'><strong>superius,</strong></span> <span class='ocrx_word' id='word_1_857' title='bbox 1468 5577 1524 5617; x_wconf 91' lang='lat' dir='ltr'><strong>non</strong></span> <span class='ocrx_word' id='word_1_858' title='bbox 1548 5578 1607 5618; x_wconf 87' lang='lat' dir='ltr'><strong>esse</strong></span> <span class='ocrx_word' id='word_1_859' title='bbox 1623 5560 1676 5617; x_wconf 89' lang='lat' dir='ltr'><strong>hoc</strong></span> <span class='ocrx_word' id='word_1_860' title='bbox 1692 5561 1753 5619; x_wconf 90' lang='lat' dir='ltr'><strong>loeo</strong></span> <span class='ocrx_word' id='word_1_861' title='bbox 1768 5580 1853 5636; x_wconf 87' lang='lat' dir='ltr'><strong>quae-</strong></span> 
     </span>
    </p>
   </div>
   <div class='ocr_carea' id='block_1_4' title="bbox 0 0 2069 6004">
    <p class='ocr_par' dir='ltr' id='par_1_4' title="bbox 0 0 2069 6004">
     <span class='ocr_line' id='line_1_62' title="bbox 0 0 2069 6004; baseline 0 0"><span class='ocrx_word' id='word_1_862' title='bbox 0 0 2069 6004; x_wconf 95' lang='lat' dir='ltr'><strong> </strong></span> 
     </span>
    </p>
   </div>
  </div>
 </body>
</html>
