4104 6014
264 189 325 246 306
699 186 702 191 '
840 178 962 238 Locus
977 174 1182 236 vicaslrffls
1200 177 1346 239 SEXTUS

263 353 330 391 num
355 352 430 392 more
446 335 651 392 Platonicorum
678 335 786 408 angelis
810 334 977 405 mscribant3
998 339 1092 389 tamen
1119 334 1295 389 comerionis
1325 341 1381 403 est,
1408 335 1475 408 quia
1499 334 1591 391 cultus
1615 334 1725 389 divinus
1751 348 1784 387 er
1809 330 1876 387 fidei
1892 329 1955 385 ain-

263 423 339 494 quod
359 421 492 478 haeretici
509 440 542 477 er
559 421 631 476 falsa
649 421 703 478 ista
720 422 857 493 opinione,
875 425 907 475 ιιι
922 436 1092 491 consequens
1118 419 1234 476 caritate
1259 427 1287 477 et
1312 421 1386 477 vitae
1409 421 1568 494 integritate
1594 419 1748 476 efflorescit
1793 418 1858 474 Jam
1883 434 1953 473 vero

262 508 376 579 aliquod
400 508 568 576 inferebant,
585 526 650 564 cum
662 508 728 579 ipsis
745 525 889 564 commane
906 508 1017 563 babent.
1053 506 1093 562 Ut
1119 504 1261 576 Scriptura
1276 512 1327 561 cst
1351 508 1433 562 unica
1453 515 1481 562 et
1495 496 1499 504 ⁸
1504 507 1628 578 perfecta
1647 523 1744 561 norma
1766 505 1831 560 fidei
1848 510 1877 559 et
1892 522 1954 561 mo·

264 595 337 649 enirn
355 594 395 649 illi
418 595 531 667 angelos
548 594 613 649 ideo
631 595 774 665 colebant,
813 595 879 665 quia
897 610 947 664 per
966 609 1013 648 eos
1032 608 1093 649 sese
1118 609 1193 659 rum,
1217 594 1300 648 Dent.
1320 599 1344 657 4,
1363 612 1388 649 v.
1409 600 1433 649 2.
1453 612 1511 664 cap.
1533 600 1572 661 12,
1589 612 1614 647 v.
1634 599 1674 650 32.
1702 592 1803 649 Psalm.
1825 597 1864 656 19,
1881 608 1905 646 v.
1929 596 1953 646 0.
1968 594 2048 637 ¹V¹IL

263 693 369 736 creatos
400 687 427 735 et
455 681 601 735 salvandos
627 680 698 735 falso
724 676 778 735 albi
802 680 1022 750 persuadebant;
1051 678 1092 733 sic
1118 678 1182 734 Joh.
1202 685 1232 746 5,
1258 698 1283 736 v.
1304 685 1346 737 39.
1373 697 1434 751 cap.
1455 687 1501 746 20,
1519 699 1544 736 ι.
1562 687 1601 737 31.
1629 685 1652 735 2.
1670 678 1791 735 Τιιιιοιιι.
1810 684 1842 741 3,
1860 695 1887 733 v.
1909 683 1954 734 16.
2010 725 2013 733 .

262 766 401 822 Pontificii
426 766 540 838 angelos
563 766 690 837 religiose
713 765 809 822 colant
834 776 863 822 et
882 767 1025 829 invocant,
1059 783 1092 821 eo
1120 762 1235 834 Apocal.
1250 771 1292 827 22,
1310 785 1333 822 v.
1355 772 1394 823 18,
1409 773 1460 822 ιιι.
1498 767 1572 838 Ergo
1591 765 1674 821 etiam
1693 771 1735 820 est
1751 764 1834 819 unica
1851 779 1953 817 norma

262 854 338 926 qnod
360 870 410 923 per
433 853 546 924 angelos
567 855 655 909 mnlta
673 852 811 910 beneficia
830 852 883 908 sibi
900 852 1019 907 conferri
1038 858 1092 907 sta·
1119 851 1205 907 divini
1226 853 1325 912 cultus.
1362 860 1385 910 2.
1404 854 1476 919 Quia
1493 855 1632 909 invocatio
1651 852 1786 908 destituta
1799 850 1854 907 Dei
1874 867 1954 905 man·

262 946 353 995 tuunt.
385 938 429 994 Ac
455 941 532 994 velut
551 939 701 996 Simoniani
728 956 789 993 aras
815 943 844 993 et
861 937 981 994 oratoria
998 938 1027 992 in
1044 938 1093 992 ho·
1119 939 1186 995 dato
1204 947 1245 995 est
1263 941 1491 1013 ιιιιοιρησκεια,
1510 946 1541 996 ιιι
1558 945 1674 996 constat.
1687 938 1752 994 Jam
1772 954 1837 993 vero
1856 937 1954 990 torto·

260 1043 356 1081 norem
374 1025 536 1096 angelorum
555 1026 747 1092 exstruebant,
770 1033 803 1081 ιιι
818 1042 850 1080 ex
869 1024 975 1096 synodo
993 1024 1093 1079 laodi-
1120 1033 1264 1095 θρησκείαι
1282 1026 1343 1082 1)ιο
1366 1043 1421 1081 non
1439 1025 1607 1097 probantur,
1631 1027 1713 1080 Dent.
1734 1029 1772 1089 12,
1791 1041 1816 1080 v.
1837 1028 1863 1079 8.
1893 1022 1956 1078 Nu·

261 1129 330 1168 cena
348 1111 540 1167 Theodoretaa
565 1111 594 1166 iu
617 1129 714 1169 comm.
735 1111 761 1168 h.
779 1112 796 1167 l
814 1118 940 1178 annotat3
968 1111 1008 1166 ita
1027 1128 1094 1181 quo·
1119 1128 1186 1169 mer.
1214 1118 1257 1180 15,
1286 1131 1311 1166 v.
1330 1119 1371 1168 39.
1389 1119 1431 1168 40.
1461 1113 1523 1167 Esa
1547 1118 1574 1177 1,
1600 1130 1625 1165 v.
1647 1117 1685 1168 12.
1703 1126 1765 1180 cap.
1786 1117 1833 1177 29,
1862 1128 1888 1164 v.
1910 1115 1953 1166 13.

261 1216 316 1271 que
333 1197 472 1253 Pontificii
496 1197 525 1252 in
548 1198 678 1255 honorem
699 1198 862 1270 angelorum
886 1204 915 1253 et
934 1204 1091 1253 sanctorum
1120 1198 1221 1254 Erech.
1252 1205 1298 1267 20,
1326 1218 1353 1254 v.
1381 1207 1419 1257 19.
1452 1199 1510 1255 Jer.
1538 1206 1568 1267 1,
1594 1218 1619 1254 v.
1647 1203 1689 1254 31.
1721 1196 1804 1252 Zach.
1831 1204 1860 1261 ’1,
1884 1215 1910 1250 v.
1931 1204 1955 1252 5.

262 1284 368 1354 templa
387 1291 415 1339 et
431 1300 493 1342 aras
513 1289 667 1339 ιιιιιιιιιιιι.
1121 1288 1215 1342 Amos.
1234 1294 1260 1355 5,
1276 1303 1302 1339 v.
1320 1293 1361 1342 25.
1381 1285 1481 1341 Matth.
1497 1293 1536 1352 15,
1553 1303 1578 1339 v.
1599 1290 1624 1342 9.
1641 1283 1746 1340 coloss.
1767 1290 1791 1348 2,
1809 1301 1834 1338 v.
1848 1288 1881 1339 20
1900 1289 1955 1337 etc.

297 1375 356 1426 408.
392 1374 417 1424 9.
448 1371 521 1434 Quia
541 1377 604 1423 ermt
626 1378 788 1439 creaturae,
820 1369 868 1424 ubi
892 1369 932 1424 ιιι
955 1369 1092 1424 concludi·
1122 1378 1145 1429 3.
1166 1372 1239 1439 Quia
1257 1373 1396 1429 invocatio
1409 1372 1470 1427 Deo
1489 1376 1571 1442 grata
1590 1370 1674 1425 debet
1690 1368 1828 1441 proficisci
1841 1367 1954 1437 enfide,

262 1474 338 1511 mus:
367 1456 452 1513 Nulla
471 1463 599 1512 creatura
616 1462 659 1511 est
680 1455 808 1527 religioso
831 1456 999 1511 adorationis
1016 1457 1093 1511 cultu
1121 1466 1151 1513 ut
1176 1466 1285 1513 constat
1313 1475 1346 1513 ex
1369 1457 1467 1525 dictis,
1493 1474 1565 1528 quae
1591 1456 1674 1511 fidem
1699 1463 1728 1510 et
1750 1455 1954 1512 invocationem

262 1543 433 1611 honoranda,
452 1542 516 1610 (nisi
534 1543 572 1596 sit
590 1541 764 1611 hypostatice
785 1541 845 1597 Deo
864 1543 961 1609 unita).
999 1542 1093 1599 Sancti
1120 1545 1272 1601 arctissime
1285 1546 1469 1616 conjungunt,
1481 1544 1648 1600 enumeratis
1660 1543 1787 1614 superius
1797 1541 1899 1597 Matth.
1909 1547 1954 1604 21,

262 1629 386 1684 defuncti
405 1633 470 1683 sunt
487 1635 637 1683 menturae.
666 1626 750 1699 Ergo.
770 1628 861 1699 Major
872 1627 1013 1699 probatur,
1029 1628 1094 1699 quia
1120 1650 1146 1689 v.
1165 1638 1206 1688 22.
1232 1631 1317 1688 Marc.
1339 1639 1377 1699 11,
1394 1651 1419 1685 v.
1439 1639 1479 1688 24.
1498 1632 1577 1689 Rom.
1599 1637 1638 1697 10,
1660 1649 1685 1687 v.
1706 1636 1745 1686 14.
1765 1631 1825 1687 Jac.
1847 1636 1868 1697 1,
1886 1646 1912 1685 v.
1927 1636 1954 1684 5.

262 1717 368 1772 Paulus
387 1715 560 1771 idololatriae
579 1731 626 1770 eos
640 1723 762 1785 accusat,
781 1715 830 1788 qui
842 1717 998 1770 servierant
1015 1733 1093 1770 mea
1120 1719 1228 1784 Quibus
1246 1718 1329 1774 etiam
1347 1719 1415 1774 haec
1435 1718 1521 1781 adde,
1547 1719 1624 1773 Rom.
1644 1724 1674 1780 5,
1701 1735 1727 1771 v.
1746 1722 1775 1771 2ι
1795 1717 1853 1769 Per
1872 1714 1953 1769 Chri

263 1810 346 1857 turae
365 1800 440 1872 παρὰ
459 1800 509 1856 τὸν
528 1806 666 1868 κτίσαντα,
683 1810 799 1871 practer
817 1809 969 1856 creatorem
980 1800 1093 1857 velana
1120 1813 1192 1858 etam
1220 1805 1350 1858 habemur
1387 1821 1528 1858 acccsram
1561 1806 1624 1874 ιἰιιἱ
1648 1804 1677 1857 ia
1708 1802 1834 1872 qratiam
1861 1801 1954 1856 ιἰιιιιιι.

265 1906 328 1942 cam
345 1895 480 1958 creatore,
498 1890 548 1958 qai
564 1889 726 1959 ipnoramtec
743 1890 835 1942 Deam
854 1887 1008 1942 conterant
1025 1888 1094 1956 iilia,
1120 1891 1198 1945 Rom.
1221 1896 1261 1954 14,
1279 1910 1303 1946 v.
1320 1896 1366 1946 23:
1388 1891 1534 1959 Quidquid
1545 1907 1601 1943 non
1621 1897 1661 1942 eat
1678 1905 1711 1942 ec
1726 1890 1792 1956 fide,
1806 1895 1954 1956 peecatum

263 1975 313 2045 qai
334 1982 440 2028 natura
464 1992 521 2028 non
546 1983 611 2028 cant
634 1975 691 2036 dii,
715 1974 776 2030 Gal.
804 1981 832 2042 4,
860 1993 885 2028 v.
911 1979 936 2030 8.
963 1974 1043 2050 itam.
1071 1980 1093 2042 l,
1121 1986 1169 2031 eat.
1200 1976 1271 2046 Eph.
1291 1983 1315 2046 3,
1332 1995 1358 2032 ι.
1374 1982 1418 2032 ιιι
1436 1977 1474 2031 In
1492 1976 1605 2030 Gbrrato
1623 1976 1754 2029 hademar
1766 1974 1909 2043 fiduciam
1925 1981 1953 2027 et

264 2082 290 2116 v.
311 2067 353 2118 25.
372 2079 406 2116 ιι
425 2061 466 2131 pii
482 2067 589 2116 veteres
608 2067 704 2116 contra
722 2061 914 2128 Nestorianas,
931 2060 1049 2115 Arianos
1066 2069 1095 2116 ιι
1121 2079 1263 2117 accerrima
1288 2064 1318 2116 in
1343 2064 1513 2125 confidentia
1532 2077 1588 2132 per
1613 2063 1696 2126 fidam
1724 2061 1794 2131 ejae.
1823 2059 1907 2115 Hebr.
1928 2066 1954 2129 4,

264 2148 444 2203 Pbotinianos
469 2154 603 2219 perpetuo
627 2155 728 2218 urgent
750 2147 803 2201 hoc
827 2154 1027 2218 argumentum.
1064 2146 1095 2202 si
1121 2166 1146 2202 v.
1174 2155 1219 2205 16:
1248 2152 1388 2204 Adeamus
1405 2168 1468 2204 cam
1488 2150 1601 2217 fiducia
1619 2150 1661 2202 ad
1680 2149 1808 2203 thronum
1830 2149 1952 2215 cratiae.

265 2234 391 2290 Christus
410 2239 517 2289 tantum
536 2240 665 2288 creatura
682 2238 739 2301 eat,
756 2250 812 2288 non
832 2240 924 2302 potest
942 2250 994 2288 nec
1013 2233 1096 2288 debet
1122 2234 1194 2291 Heb.
1215 2241 1261 2302 11,
1281 2254 1307 2292 v.
1327 2243 1357 2294 6:
1383 2236 1450 2290 Sine
1469 2239 1532 2304 fide
1557 2236 1728 2306 impoecibite
1749 2241 1789 2288 eat
1808 2236 1873 2289 Deo
1887 2234 1953 2306 pla·

264 2320 395 2391 religiose
412 2319 539 2375 invocari.
576 2318 646 2374 Inde
664 2318 770 2373 Nicena
787 2318 909 2388 synodus
927 2326 980 2375 act.
994 2327 1017 2375 7.
1038 2320 1095 2389 epi·
1122 2337 1197 2391 cere,
1228 2325 1343 2376 crcdm
1362 2324 1435 2377 enim
1457 2330 1565 2392 oportet
1583 2323 1759 2376 accedentem
1784 2323 1825 2374 ad
1853 2321 1951 2374 Deum.

267 2407 339 2462 stola
356 2406 393 2461 ad
405 2405 617 2461 Constantinum
636 2411 664 2460 et
679 2404 786 2459 Irenem
807 2404 1024 2460 anaihematizat
1040 2407 1095 2459 Ne·
1122 2409 1275 2480 Veraergo
1287 2408 1498 2464 fiderestverae
1511 2408 1691 2463 invocationis
1703 2413 1797 2466 mater.
1816 2408 1953 2463 Jamvero

266 2493 351 2548 ctorii
375 2492 559 2546 idololatriam
584 2492 612 2546 in
635 2492 759 2560 homine,
785 2492 838 2546 hoc
860 2498 902 2547 eat
926 2491 1096 2547 idololatriae
1122 2494 1260 2549 invocatio
1281 2495 1413 2550 destituta
1423 2495 1477 2549 Dei
1498 2495 1581 2550 verbo
1600 2500 1629 2549 et
1646 2495 1776 2549 mandato
1792 2510 1848 2548 non
1861 2499 1954 2565 potest

265 2597 328 2635 eum
347 2583 493 2648 propterea
510 2585 631 2643 accusat,
650 2578 723 2649 quod
739 2577 877 2636 Christum
889 2579 994 2633 Mariae
1010 2578 1096 2633 filium
1122 2578 1260 2650 proficisci
1286 2598 1319 2636 ex
1342 2579 1413 2645 fide,
1441 2580 1507 2652 quia
1528 2581 1600 2635 inter
1621 2580 1704 2635 fidem
1727 2586 1756 2634 et
1774 2579 1891 2635 verbum
1911 2587 1954 2635 est

266 2665 359 2720 divino
383 2664 459 2718 cultu
482 2663 681 2729 venerabatur,
703 2682 785 2735 quem
810 2682 914 2720 mamm
938 2682 971 2719 ac
991 2666 1096 2720 nudum
1123 2672 1258 2737 perpetua
1281 2667 1392 2735 relatio,
1421 2667 1485 2723 Joh.
1514 2674 1558 2735 17,
1584 2685 1609 2720 v.
1630 2672 1670 2723 20.
1695 2667 1775 2722 Rom.
1798 2672 1840 2735 10,
1867 2686 1892 2720 v.
1913 2673 1953 2723 11.

265 2751 404 2807 hominem
431 2766 492 2805 esse
517 2749 657 2807 credebat.
690 2750 767 2806 Idem
789 2751 933 2808 Nestorius
956 2752 1097 2824 aOyrillo
1123 2752 1196 2808 unde
1213 2753 1387 2824 evangelium
1404 2757 1518 2807 vocatur
1535 2754 1647 2807 cadam
1662 2755 1732 2817 fidei
1746 2752 1823 2808 Rom
1838 2759 1876 2821 10,
1894 2772 1918 2808 v.
1928 2759 1952 2810 9.

202 2868 210 2875 ·
266 2838 296 2894 in
318 2838 366 2896 lib.
393 2838 427 2893 de
446 2845 513 2893 rect.
533 2837 589 2893 fide
607 2837 644 2892 ad
660 2836 759 2910 Regin.
790 2840 1034 2908 anthropolatriac
1053 2857 1097 2896 ac-
1119 2840 1300 2910 praedicatio
1317 2841 1391 2908 fidei
1406 2838 1498 2897 Galat.
1519 2846 1543 2908 3,
1567 2857 1592 2893 v.
1613 2845 1636 2895 2.
1657 2846 1708 2895 ιιι.
1745 2846 1769 2894 4.
1788 2839 1860 2903 Quia
1877 2839 1954 2894 invo-

268 2929 382 2981 cnsatur
406 2929 435 2980 et
459 2941 478 2979 a
495 2923 654 2981 Justiuiano
673 2922 781 2981 constit.
801 2931 824 2980 5.
844 2924 875 2981 C.
896 2926 931 2980 de
951 2942 1019 2983 sum.
1036 2927 1097 2981 Τιι-
1124 2925 1197 2980 catio
1222 2925 1356 2980 destituta
1375 2926 1428 2982 Dei
1448 2925 1532 2981 verbo
1549 2931 1579 2980 et
1595 2927 1726 2980 mandato
1754 2926 1783 2979 in
1800 2925 1953 2997 gentilibus

269 3014 319 3070 nit
328 3011 422 3067 etfide
434 3010 535 3083 cath.§
545 3010 614 3067 hacc
625 3011 711 3081 igitur
720 3015 772 3065 etc.
782 3017 811 3066 et
820 3010 912 3068 Cenat
927 3017 952 3068 6.
965 3029 1028 3068 cum
1040 3013 1098 3070 Sal-
1124 3018 1153 3067 ιι
1171 3011 1367 3081 superstitiosis
1379 3029 1508 3082 expresse
1521 3012 1700 3082 improbatur.
1729 3012 1812 3068 Dent
1828 3019 1870 3082 17,
1888 3031 1913 3066 v.
1927 3018 1951 3068 3.

268 3095 644 3174 ιιιοιιιιιξιιιιιιιιιιιιι,
657 3097 718 3152 eod.
737 3098 1098 3170 anthropolatrr'avocatur.
1125 3099 1160 3153 de
1192 3098 1370 3153 idololatricis
1406 3098 1535 3171 gentibus
1570 3099 1637 3153 dicit
1667 3099 1801 3154 Dominus
1832 3101 1955 3154 adoram

269 3185 440 3242 ohannins
457 3190 526 3240 orat.
546 3190 571 3238 ι.
592 3189 688 3238 contra
706 3183 801 3238 anan.
820 3183 957 3255 disputa,
981 3185 1098 3243 Arianos
1126 3188 1218 3249 rnur,
1241 3170 1281 3236 'ab
1305 3175 1392 3263 uqa,
1418 3186 1495 3254 quoa
1519 3187 1576 3239 nse
1600 3187 1636 3238 cc
1657 3203 1711 3255 qao
1730 3203 1787 3240 nm
1808 3188 1954 3256 praesepe,

269 3290 331 3329 esse
349 3272 518 3336 idololatrae,
536 3275 682 3342 propterea
700 3271 775 3342 quod
785 3270 935 3338 Christum,
953 3289 1034 3344 quem
1052 3291 1098 3328 ne·
1126 3278 1151 3327 2.
1178 3271 1247 3342 Reg.
1278 3277 1322 3336 11,
1350 3289 1374 3327 v.
1402 3277 1444 3327 33.
1471 3271 1506 3324 de
1533 3270 1711 3326 samaritanis
1742 3270 1851 3340 dicitur,
1877 3272 1952 3343 ipsos

269 3358 375 3431 gabant
400 3374 460 3414 esse
480 3374 576 3413 verum
593 3362 694 3413 natura
713 3357 819 3421 Deum,
848 3357 1019 3414 adorandum
1039 3377 1099 3417 esse
1125 3364 1271 3428 propterea
1292 3356 1378 3412 fuisse
1401 3356 1497 3411 aDeo
1520 3359 1653 3427 rejectos,
1676 3358 1749 3424 quod
1774 3376 1836 3412 cram
1855 3360 1953 3414 Domi·

269 3447 409 3500 docerent.
444 3446 510 3500 Non
529 3451 703 3512 creaturam,
722 3444 826 3515 inquit,
843 3447 1005 3498 adoramus.
1042 3447 1098 3501 he
1124 3461 1190 3497 nam
1217 3445 1343 3497 &merent
1369 3445 1461 3515 (juxta
1486 3442 1698 3510 patefactionem
1724 3443 1801 3498 verbi
1827 3444 1955 3500 coelestia

269 3533 314 3588 rit.
337 3532 374 3585 Ia
394 3532 515 3585 ethnicos
531 3540 558 3584 et
571 3531 697 3585 Arianae
716 3531 856 3599 ejusmodi
876 3531 1008 3585 delirium
1026 3551 1097 3587 com·
1124 3530 1214 3585 colere
1236 3528 1364 3595 vellent),
1388 3530 1477 3583 nihilo
1494 3538 1586 3583 tamen
1606 3531 1697 3582 minae
1716 3530 1801 3583 etiam
1820 3531 1878 3584 diis
1896 3533 1955 3585 cair

264 3620 352 3688 petit,
373 3621 425 3672 red
443 3620 595 3673 Dominam
612 3634 707 3671 reram
723 3624 896 3684 creatarum,
921 3618 1099 3673 irscarnatam
1124 3617 1270 3671 servierint
1283 3617 1370 3685 jacta
1384 3616 1608 3672 conscaadtnem
1621 3617 1751 3686 gentiam.
1784 3618 1884 3674 Psalm.
1898 3624 1956 3686 106,

269 3703 329 3757 Dei
354 3705 466 3757 uerbum
499 3706 662 3759 admamae.
702 3702 738 3756 Et
769 3711 879 3773 postea:
917 3705 1098 3774 Copnoecant,
1126 3723 1150 3757 ι.
1164 3710 1209 3759 39:
1223 3705 1488 3757 Fornicatieantia
1503 3704 1745 3759 adinventionibus
1758 3705 1826 3763 saie.
1852 3704 1954 3769 John,

268 3807 319 3845 noe
337 3790 387 3858 qai
409 3789 562 3843 Dominam
584 3790 614 3841 in
636 3804 719 3842 carne
748 3792 916 3855 adoramus,
940 3808 996 3844 non
1023 3809 1100 3846 crea-
1125 3807 1152 3846 v.
1171 3795 1212 3845 22.
1240 3790 1308 3845 dicit
1323 3790 1450 3846 Christus
1467 3791 1502 3845 de
1523 3791 1718 3845 Samaritauis:
1753 3791 1806 3843 Vor
1824 3793 1955 3846 adoratis

270 3886 363 3932 taram
386 3878 524 3940 adorare,
551 3877 603 3929 sect
624 3883 778 3929 creatorem
800 3893 919 3947 corpore
944 3887 1038 3932 creato
1059 3881 1100 3932 in·
1126 3878 1203 3947 qaod
1225 3877 1351 3940 amciter,
1375 3894 1426 3931 noe
1447 3878 1602 3930 adoram
1625 3879 1702 3947 qaod
1717 3878 1833 3946 emmae,
1861 3878 1891 3932 id
1914 3886 1957 3934 est

271 3966 376 4017 dutum.
414 3960 516 4017 Confer
534 3961 651 4016 eundem
666 3960 849 4016 Athanasium
867 3970 936 4017 orat.
961 3970 982 4018 1.
1003 3971 1100 4020 contra
1125 3980 1181 4017 non
1200 3961 1311 4016 habetis
1324 3962 1377 4017 Dei
1394 3962 1519 4025 verbum,
1537 3962 1612 4033 quod
1633 3963 1661 4017 in
1679 3962 1732 4018 hoc
1749 3963 1956 4019 montedebea·

271 4050 366 4105 Arias.
386 4047 520 4118 Cyrillum
538 4049 573 4103 de
591 4054 667 4103 recta
685 4047 732 4102 fid.
751 4048 787 4103 ad
804 4048 1003 4118 Theodosium,
1028 4050 1098 4122 Nys-
1125 4050 1161 4103 tis
1179 4049 1304 4119 adorare,
1327 4047 1471 4103 Israelitae
1491 4056 1584 4102 autem
1603 4048 1706 4104 habent
1723 4065 1881 4119 expressum
1896 4066 1955 4105 ver·

271 4153 368 4194 senum
385 4142 454 4190 orat.
474 4135 503 4189 in
521 4135 631 4190 laudem
648 4133 753 4192 Basilii.
1068 4147 1070 4151 ⁴
1126 4135 1207 4203 bum,
1233 4135 1308 4205 quod
1326 4134 1519 4205 Hierosolyma
1539 4153 1556 4189 a
1574 4134 1635 4190 Deo
1656 4136 1694 4190 sit
1719 4135 1808 4191 electa
1827 4141 1856 4192 ιι
1874 4137 1957 4193 desti-

144 4251 233 4294 acon·
306 4228 366 4279 409.
401 4228 427 4278 4.
458 4221 499 4277 Ut
524 4221 584 4274 Dei
606 4222 716 4290 Patria,
749 4219 856 4275 carati
882 4222 1047 4276 mediatoris
1075 4229 1103 4279 et
1126 4229 1211 4288 nata,
1238 4228 1270 4275 ut
1296 4221 1332 4275 sit
1358 4221 1435 4275 locus
1463 4219 1549 4275 divini
1576 4221 1668 4276 cultus
1691 4222 1771 4278 Deut
1799 4228 1843 4291 12,
1870 4242 1894 4280 v.
1915 4229 1956 4280 14.

145 4305 259 4394 4010Μῖ
270 4309 449 4379 ipsorummet
472 4315 645 4374 cannarum,
675 4306 716 4360 ita
744 4322 854 4377 quoque
880 4323 962 4362 verae
989 4315 1017 4363 ιι
1040 4309 1100 4364 Deo
1130 4314 1152 4364 1.
1171 4306 1241 4379 Reg.
1262 4312 1301 4370 11,
1319 4325 1345 4364 v.
1364 4311 1405 4362 32.
1424 4306 1523 4360 Psalm.
1546 4312 1586 4370 70,
1605 4325 1631 4360 ι.
1650 4313 1672 4363 3.
1692 4313 1743 4362 ιιι.
1763 4316 1854 4363 ιιιιιι
1872 4309 1959 4381 igitur

145 4364 257 4456 bibam:-
271 4401 367 4468 gratae
382 4395 567 4448 invocationis
584 4390 706 4447 conditio
725 4409 780 4446 nou
793 4392 936 4462 permittit,
955 4392 1100 4449 defunctos
1127 4394 1265 4449 invocatio
1283 4410 1338 4448 non
1355 4393 1520 4464 potcetDeo
1536 4394 1657 4464 probari.
1695 4394 1731 4448 Et
1748 4401 1845 4466 postea
1864 4413 1890 4452 v.
1910 4401 1959 4452 23:

146 4460 257 4550 ζ’,ἶιζᾞ
272 4488 382 4536 sanctos
409 4479 546 4540 invocari.
572 4478 600 4532 id
629 4479 703 4548 quod
729 4477 907 4550 sequentibus
932 4480 1102 4550 argumentis
1131 4481 1200 4534 Veri
1218 4483 1385 4535 adoratores
1403 4481 1434 4533 in
1452 4480 1555 4550 epirita
1574 4488 1599 4534 et
1617 4480 1734 4534 onitate
1752 4484 1890 4551 adorant,
1909 4482 1960 4537 ubi

63 4594 68 4601 ·
147 4568 499 4622 110000·ιιιιιιιιιιιιιιιιιιιιιι.
541 4572 561 4620 1.
579 4565 656 4620 Vera
675 4570 704 4619 et
720 4563 781 4619 Deo
799 4569 880 4634 grata
897 4565 1034 4621 invocatio
1054 4567 1101 4621 de·
1127 4566 1228 4620 veritas
1251 4568 1323 4622 inter
1348 4573 1441 4621 cetera
1457 4567 1540 4621 etiam
1560 4565 1700 4637 significat
1717 4583 1810 4621 veram
1828 4569 1887 4623 veri
1905 4568 1959 4624 Dei

146 4614 243 4659 mittere,

146 4665 256 4705 ιιιιιοιι
275 4653 441 4711 bethabara
458 4652 512 4707 Dei
532 4653 692 4707 mandatum
710 4653 738 4706 in
756 4651 904 4721 Scripturie
922 4653 1101 4723 propositum.
1126 4653 1253 4708 notitiam
1273 4670 1306 4708 ex
1323 4653 1377 4708 Dei
1393 4652 1476 4707 verbo
1495 4652 1576 4707 unice
1595 4652 1815 4723 depromendam,
1836 4653 1897 4710 Joh
1919 4660 1960 4725 t't,

146 4716 250 4810 {2{‚⁰⁶⁸¹¹'
272 4739 583 4797 Invocatiosanctorum
598 4755 654 4793 non
668 4738 752 4793 habet
763 4737 816 4793 Dei
831 4738 996 4795 mandatum
1027 4739 1102 4811 Ergo
1126 4757 1150 4796 v.
1171 4745 1210 4794 17.
1235 4739 1283 4793 illa
1307 4756 1373 4794 vero
1397 4739 1578 4805 destituntur,
1605 4740 1652 4809 qui
1678 4739 1737 4794 sine
1756 4755 1885 4810 expresso
1903 4740 1958 4796 Dei

147 4820 242 4912 {⁸32ss
274 4845 330 4882 non
347 4830 515 4896 potestesse
532 4840 598 4879 vera
615 4825 713 4880 etDeo
731 4830 813 4896 grata
831 4823 976 4879 invocatio.
1011 4826 1102 4895 Major
1129 4825 1214 4880 verbo
1224 4824 1405 4880 invocationis
1419 4824 1531 4895 aliquod
1544 4824 1686 4896 objectum
1697 4825 1750 4881 sibi
1764 4825 1831 4896 ipsis
1843 4826 1959 4898 eligunt

140 4925 260 4964 tumturn·
273 4914 407 4986 probatur
427 4919 447 4970 1.
465 4912 531 4985 quia
548 4912 686 4968 invocatio
706 4919 748 4969 est
767 4911 918 4982 praecipua
935 4929 999 4982 pars
1010 4913 1101 4968 cuitus
1127 4911 1205 4965 Rom.
1228 4918 1256 4978 1’,
1274 4929 1299 4963 v.
1320 4918 1362 4967 25.
1386 4917 1542 4981 arguuntur
1560 4910 1694 4982 gentiles,
1719 4911 1793 4981 quod
1811 4915 1960 4967 servierint

147 4975 259 5066 ἷξῗῶὲῗ
275 5003 335 5058 Deo
353 4999 445 5056 debiti
480 4999 545 5056 Jam
564 5017 628 5055 vero
641 4999 783 5070 Scriptura
800 5006 842 5053 est
859 4999 943 5054 unica
959 4999 1057 5071 regula
1074 5005 1103 5054 et
1128 5007 1275 5053 creaturae
1290 5006 1406 5066 practer
1420 5006 1575 5051 creatorem
1590 5001 1634 5064 (ex
1653 4997 1764 5067 proprio
1779 4998 1870 5053 cordis
1884 4999 1957 5055 arbi-

145 5078 261 5171 mbo.
274 5105 372 5144 norma
393 5085 480 5141 divini
495 5086 600 5153 cultus,
625 5085 653 5139 id
671 5084 746 5156 quod
766 5100 800 5139 ex
818 5084 979 5154 Scripturas
997 5085 1102 5155 perfec·
1127 5085 1181 5139 trio
1189 5085 1449 5155 sinejpatsfsctionis
1461 5085 1571 5140 divinae
1583 5084 1738 5156 suffragio),
1750 5085 1825 5157 quod
1834 5103 1890 5141 non
1898 5092 1959 5142 tan=

274 5175 350 5230 tione
374 5179 402 5229 et
426 5172 481 5228 fine
503 5171 572 5227 alibi
592 5169 701 5241 plenius
726 5170 872 5241 probatur,
892 5169 945 5226 hoc
964 5171 1024 5226 loco
1042 5171 1102 5226 uni·
1128 5178 1188 5225 tum
1206 5178 1370 5240 creatorem,
1390 5172 1439 5226 sed
1459 5171 1542 5226 etiam
1559 5177 1700 5226 creaturas
1713 5180 1830 5243 praeter
1848 5182 1958 5228 meato·

274 5278 338 5316 cum
360 5259 429 5315 illud
452 5275 582 5331 urgemus
607 5266 815 5329 argumentum:
845 5255 1035 5328 Quodcunque
1061 5264 1103 5313 est
1127 5276 1187 5313 rem
1205 5266 1232 5313 et
1251 5275 1307 5313 una
1326 5275 1389 5312 cum
1407 5265 1531 5313 creatore
1549 5257 1686 5313 coluerint
1703 5263 1789 5329 atque
1808 5257 1957 5314 adorarint

273 5348 357 5402 unica
372 5351 401 5402 et
420 5345 544 5418 perfecta
560 5361 657 5399 norma
672 5343 737 5399 fidei
754 5350 782 5400 et
801 5360 915 5412 morum,
932 5343 1002 5398 illud
1020 5344 1102 5400 etiam
1128 5343 1172 5399 Ita
1194 5360 1314 5415 namque
1337 5350 1486 5415 usurpatur
1512 5344 1610 5399 rocula
1632 5343 1708 5416 παρά
1738 5351 1760 5400 1.
1784 5344 1904 5401 Corinth.
1933 5351 1959 5410 3,

275 5438 318 5490 ιιι
347 5433 431 5489 unica
454 5439 482 5489 et
505 5430 628 5503 perfecta
656 5446 751 5486 norma
776 5430 866 5485 cultus
891 5429 983 5486 divini.
1020 5429 1102 5485 idatio
1128 5437 1215 5487 v.11.
1243 5429 1305 5486 Gai
1329 5438 1357 5501 1,
1382 5447 1409 5486 ι.
1432 5438 1453 5488 1.
1476 5430 1613 5488 Nimirum
1637 5447 1704 5486 vera
1725 5431 1876 5496 invocatio,
1903 5449 1960 5505 qua
