4104 6014
894 168 946 232 bu
963 165 1104 231 llom.
1774 180 1837 244 ³55

136 345 217 421 nso,
234 346 282 424 qni
300 366 346 408 mc
361 354 421 407 tam
439 349 562 423 graviter
579 349 690 423 aflligit
735 350 810 407 Num
826 366 892 405 vcro
921 347 975 403 exi·
1001 343 1113 402 afiixol
1135 351 1167 400 ut
1186 345 1223 400 sit
1239 361 1344 413 sensns,
1363 343 1455 401 Deum
1472 363 1523 418 per
1540 346 1706 419 interpretes
1724 348 1836 404 rectitu-

137 435 327 507 stimabimus,
359 448 457 492 contra
480 438 596 506 angelos
619 437 692 493 hanc
709 436 850 508 querelam
867 453 884 491 a
902 434 975 491 Jobo
1002 430 1093 486 dinem
1120 431 1178 486 sive
1201 440 1305 486 rectam
1329 448 1408 487 suam
1434 432 1604 488 voluntatem
1628 440 1657 489 et
1683 435 1772 505 legem
1791 434 1837 488 ho·

138 523 317 579 institutam?
356 528 379 579 5.
395 523 509 579 Amicos
526 524 588 578 illos
607 542 672 579 snos
690 523 780 580 Jobus
799 538 975 594 nequaquam
1002 517 1068 570 mini
1094 516 1231 583 indicare,
1258 516 1307 572 sed
1333 511 1392 572 hoc‘
1415 517 1530 572 affixum
1558 518 1675 574 Latinus
1701 522 1836 591 interpres

139 607 268 673 invocat,
300 607 349 664 sed
368 608 470 664 nisibi
486 608 661 675 condoleant,
681 609 718 664 ab
735 609 790 663 illis
809 609 888 679 putit.
936 604 976 660 At
1002 602 1100 657 omisit.
1139 600 1180 655 Ex
1200 601 1304 672 quibus
1324 603 1452 658 omnibus
1468 610 1555 674 patet,
1575 606 1638 675 quis
1656 606 1692 660 sit
1710 623 1791 660 verus
1810 611 1838 660 et

138 692 187 749 hie
204 693 332 767 quaestio
351 699 394 750 est
412 695 448 749 (10
466 694 597 765 religio„
616 694 798 750 invocatione,
836 699 861 750 6,
880 696 974 763 Augu·
1002 687 1138 757 genuinus
1162 685 1245 757 hujus
1269 688 1321 743 loci
1346 705 1457 758 sensus,
1492 707 1574 761 quem
1606 691 1783 746 Chemnicins
1808 690 1837 744 in

139 779 232 835 atinus
253 778 315 835 illas
335 779 545 848 annotationes,
566 779 692 851 adquae
711 779 895 835 Bellarminus
914 795 975 848 pro·
1002 789 1088 828 exam.
1121 774 1218 827 concil.
1240 772 1375 829 Trident‘
1396 775 1425 829 in
1444 791 1507 846 cap.
1539 776 1574 830 de
1603 778 1723 831 invocat.
1749 784 1837 835 sanct.

139 871 236 931 vocat,
254 882 312 921 non
326 864 453 937 agnoscit
471 881 521 935 pro
540 864 612 930 suia,
643 865 692 920 sed
713 881 765 920 cen
783 866 931 918 caradocci
950 872 975 915 ct
1001 858 1076 912 bisce
1097 857 1209 913 disserit
1226 860 1335 917 verbis:
1368 860 1498 914 Oatcndit
1518 863 1619 929 Elian,
1643 880 1727 931 quam
1746 865 1837 917 uariis

140 953 276 1007 mm
305 950 410 1021 rejicit,
444 952 492 1022 qui
509 951 583 1005 nimo
611 968 628 1006 ῃ
659 966 689 1006 90
706 968 848 1023 nunquam
887 950 976 1005 editas
1003 945 1093 997 modis
1128 946 1206 998 Deus
1237 945 1361 1000 domim
1391 955 1469 1000 vocet
1501 949 1542 1001 ad
1571 950 1771 1017 poenitentiam
1793 950 1837 1003 t'tl

138 1043 220 1109 optat
249 1037 298 1094 lib.
328 1043 352 1092 2.
382 1037 611 1092 retractationum
641 1053 665 1092 c.
699 1043 738 1092 13.
787 1043 812 1093 l.
839 1036 976 1108 Loquitur
1002 1031 1134 1084 imminuis
1161 1033 1348 1086 conscientias
1375 1033 1530 1087 terroribus
1555 1036 1598 1088 uei
1623 1037 1837 1104 castigationum

139 1124 315 1194 Augustinus
333 1128 362 1178 et
379 1121 543 1190 dubitative,
562 1128 591 1177 et
600 1122 773 1186 alternative,
793 1130 843 1175 aut
856 1131 976 1186 sanctor,
996 1116 1133 1184 stopcitis,
1169 1124 1195 1170 ct
1214 1119 1244 1170 si
1258 1126 1325 1170 tanc
1342 1120 1472 1185 adfuerit
1491 1121 1599 1173 domini
1620 1123 1736 1174 nutritius
1755 1122 1838 1174 iuter·

139 1216 190 1263 aut
221 1208 339 1277 anquina
365 1209 460 1261 vidiri
482 1208 610 1275 intelligi,
661 1207 716 1264 sed
742 1208 777 1262 de
804 1208 907 1262 sanetis
930 1208 973 1261 de·
1000 1219 1067 1271 pres
1085 1202 1200 1256 ‹tim'nac
1214 1205 1382 1273 volontatis,
1408 1222 1440 1258 ea
1457 1207 1540 1260 uerbo
1558 1209 1704 1261 ostendeus
1723 1208 1837 1271 taurini,

139 1292 244 1349 functi!
263 1293 445 1349 Beliminua
462 1294 532 1348 haee
549 1293 706 1365 intelligere
723 1311 778 1350 non
790 1300 890 1365 potest,
911 1293 976 1364 quia
1003 1289 1073 1356 qrat'd
1092 1297 1196 1342 rectum
1221 1290 1275 1358 ait,
1307 1298 1391 1360 atquo
1409 1294 1481 1345 adeo
1504 1292 1578 1345 siin
1596 1294 1752 1346 terroribus
1775 1311 1838 1347 cort·

136 1380 220 1451 juxta
237 1380 324 1451 ipsins
342 1379 510 1452 hypothesin
528 1380 558 1433 in
580 1378 610 1432 V.
631 1381 665 1436 Τ.
686 1397 743 1433 noa
760 1381 818 1444 fuit
843 1381 975 1433 ucitmum
1003 1375 1138 1427 scientiae
1162 1374 1312 1428 occesserit
1337 1377 1521 1429 ministerium
1537 1379 1628 1445 verbi,
1658 1387 1715 1431 tum
1745 1382 1839 1433 Deum

140 1466 237 1519 dicere
264 1464 367 1520 Sancte
397 1465 544 1519 Abrohom
572 1483 626 1519 ora
648 1483 707 1535 pro
724 1483 774 1518 mc.
825 1465 901 1537 Ergo
927 1482 977 1520 nee
1004 1461 1121 1531 operari
1155 1462 1186 1515 in
1224 1462 1364 1516 hominum
1400 1465 1533 1517 cordibus
1561 1466 1761 1534 poenitentiam
1798 1469 1839 1519 ad

140 1550 275 1606 usitatum
303 1549 358 1606 tuit
388 1551 481 1606 dicere
511 1552 684 1606 miramini
708 1553 764 1606 mci
795 1569 812 1606 o
849 1554 978 1619 defuncti
1004 1547 1130 1616 autorem,
1147 1563 1218 1618 qnae
1235 1548 1263 1601 in
1281 1547 1410 1603 Hebraeo
1426 1558 1541 1604 vocatur
1560 1550 1702 1606 fortitudo.
1734 1550 1838 1607 confer

141 1636 240 1692 mit
1005 1633 1105 1690 iacob.
1144 1638 1175 1701 5,
1207 1651 1232 1686 v.
1266 1638 1305 1690 19.
1339 1634 1419 1703 epist.
1450 1634 1516 1689 iud.
1547 1653 1575 1692 v.
1612 1640 1653 1691 22.
1688 1637 1766 1690 l'rov.
1797 1642 1839 1707 28,

66 1730 132 1777 out.
178 1728 238 1780 til.
272 1728 298 1778 4.
317 1720 383 1779 iob.
404 1727 451 1778 ³3:
477 1723 512 1778 Si
533 1723 625 1794 [uerit
648 1725 767 1794 angatur
785 1724 903 1794 loquens
921 1743 977 1794 pro
1005 1737 1031 1775 v.
1051 1724 1092 1774 28.
1108 1728 1160 1773 etc.
1197 1719 1333 1775 Nimirum
1351 1720 1516 1775 describitur
1536 1722 1566 1776 in
1585 1721 1627 1776 his
1649 1723 1739 1777 verbis
1757 1723 1840 1777 Elihu

66 1786 132 1876 ,21:¹³
145 1824 180 1863 eo
207 1825 279 1861 onoc
307 1810 344 1863 dc
373 1810 510 1877 millitia,
542 1810 716 1864 nimmsmtur
744 1811 807 1879 ciac
841 1818 868 1864 ct
896 1812 979 1873 dicet,
1005 1804 1127 1858 officium
1152 1803 1276 1858 fidelium
1300 1804 1433 1860 ecclesiae
1451 1806 1639 1860 ministrorum
1665 1815 1694 1862 et
1712 1809 1840 1862 salutaris

66 1898 123 1929 ⁴⁸⁰⁸·
143 1893 236 1949 libero
258 1909 328 1948 eant.
375 1897 456 1965 Erpa
482 1896 646 1966 angelorum
669 1897 811 1951 invocatio
835 1905 900 1950 triac
921 1898 979 1963 sur't
1005 1891 1130 1959 ejusdem
1162 1891 1278 1945 fructus.
1329 1891 1359 1946 Si
1390 1891 1476 1946 fuerit
1509 1893 1634 1947 minister
1659 1895 1736 1948 verbi
1764 1893 1840 1964 apud

143 1979 256 2035 ωίωω,
307 1980 531 2051 Respondmmg
561 1983 675 2054 ηιμ,
708 1982 797 2038 venio
821 1982 939 2037 discedit
962 2000 980 2037 a
1006 1974 1144 2029 hominem
1163 1984 1352 2045 peccatorem,
1381 1992 1430 2045 per
1446 1993 1556 2030 crucem
1574 1976 1758 2042 humiliatum,
1776 1980 1840 2033 suh·

142 2065 269 2121 fontium
286 2066 419 2121 veritam,
462 2066 539 2124 [111
557 2067 686 2122 Hebraeo
705 2075 748 2122 est
766 2051 833 2141 ³⁴3²}
859 2071 901 2121 ad
918 2085 978 2123 oum
1006 2065 1099 2114 actum
1124 2066 1154 2114 et
1178 2074 1389 2131 praeparatum,
1417 2062 1466 2133 qni
1483 2078 1546 2116 eum
1566 2062 1603 2117 ad
1622 2065 1840 2133 resipiscentiam

143 2150 189 2206 rei
207 2152 289 2220 apud
305 2168 376 2216 sam,
394 2153 468 2223 quod
487 2151 605 2207 Latinus
624 2152 759 2223 interpres
785 2153 909 2208 reddidit
922 2173 978 2224 prr,
1006 2145 1164 2200 exhortetur
1184 2156 1213 2200 et
1231 2163 1318 2200 unum
1337 2148 1451 2218 aliquod
1470 2163 1504 2202 ex
1521 2148 1605 2217 mille,
1624 2149 1653 2201 id
1671 2156 1713 2204 est
1727 2149 1841 2203 infinitis

143 2253 185 2291 co.
227 2234 269 2289 Ex
295 2234 348 2291 hac
371 2237 583 2307 praepositionis
608 2242 761 2293 mutatione
787 2240 873 2294 oritur
896 2240 978 2295 etiam
1008 2233 1060 2286 Dei
1079 2230 1220 2287 beneficiis
1239 2233 1293 2303 ipsi
1322 2233 1486 2302 explicuerit
1520 2250 1553 2288 ac
1567 2235 1646 2304 justo
1664 2233 1717 2289 Dei
1733 2236 1841 2305 judicio

144 2322 262 2376 mutatio
280 2322 441 2377 sententiae.
474 2323 593 2387 Quando
611 2324 684 2378 enim
703 2324 731 2376 in
744 2323 980 2381 Latinaversione
1007 2317 1199 2386 necmnnbus
1217 2334 1323 2387 poenas
1343 2319 1462 2388 irrogari
1482 2321 1650 2389 ostenderit,
1680 2323 1759 2392 sique
1777 2338 1841 2391 pec·

144 2405 272 2469 habetur,
286 2406 316 2460 a·
324 2409 414 2471 fucrit
424 2425 481 2477 pro
493 2424 525 2463 ao
540 2409 657 2478 orrpclaur
671 2410 797 2478 loquens,
811 2426 909 2465 sensus
920 2427 980 2465 aare
1007 2413 1084 2459 sator
1101 2404 1178 2457 hisce
1197 2404 1281 2458 dictis
1301 2404 1485 2474 acquieverit,
1515 2411 1582 2460 tunc
1606 2407 1782 2460 miserabitur
1801 2406 1842 2460 illi

144 2490 263 2556 ridetur,
282 2491 358 2564 qnod
376 2492 493 2563 angelus
506 2494 580 2562 apud
594 2493 683 2549 Deum
696 2510 747 2565 pro
760 2495 869 2550 homine
883 2497 978 2568 loqua·
1009 2492 1092 2544 Deus.
1140 2490 1246 2552 Quodsi
1268 2490 1312 2544 rel
1335 2491 1501 2545 maximati
1518 2497 1679 2562 περιουσίας
1706 2494 1840 2547 coriceda·

144 2582 192 2631 tnr
206 2578 266 2633 sive
284 2577 447 2644 intercedat,
466 2596 531 2633 cum
551 2580 673 2651 genuina
691 2589 783 2635 textus
803 2583 980 2638 Hebraiciait
1008 2592 1082 2640 mua,
1111 2575 1146 2630 de
1174 2575 1282 2646 8¹¹8&ss
1309 2590 1462 2630 mmmmm
1491 2593 1566 2644 0⁸⁸⁰,
1596 2579 1719 2632 nondum
1749 2589 1842 2633 tamen

145 2663 293 2730 unientis,
330 2663 406 2735 quod
437 2665 553 2735 angelus
569 2665 708 2738 legatione
725 2667 787 2736 Dei,
800 2671 874 2738 apud
896 2668 980 2724 homi-
1007 2663 1138 2732 religiosa
1155 2678 1250 2717 eorum
1268 2662 1410 2717 invocatio
1427 2663 1623 2720 fueritevicta.
1655 2666 1750 2720 Sermo
1768 2668 1841 2720 enim

145 2765 210 2804 nam
238 2749 380 2821 iungatur.
432 2754 456 2804 2.
483 2749 515 2803 ln
542 2749 670 2806 liebraao
694 2762 736 2807 est
759 2771 859 2808 nomen
882 2740 980 2831 nubta,
1008 2757 1081 2802 esset
1098 2748 1133 2802 de
1152 2748 1274 2818 ipsorum
1294 2750 1454 2815 ministerio,
1472 2766 1528 2820 quo
1549 2749 1624 2805 Deus
1652 2752 1681 2804 in
1699 2753 1843 2807 volontate

147 2834 223 2906 qnod
248 2833 278 2888 in
296 2850 398 2906 genere
417 2833 556 2905 siguificat
579 2837 704 2905 leuatam
729 2846 756 2891 ct
773 2839 979 2893 internuntium.
1008 2851 1060 2888 sua
1088 2833 1245 2889 homiuibus
1269 2835 1462 2889 annuntianda
1488 2843 1517 2890 et
1545 2838 1723 2892 conversione
1748 2855 1843 2892 eorum

146 2936 166 2976 a
182 2919 241 2975 rad.
261 2921 394 2974 inusitata
413 2906 477 2994 ills}
495 2928 525 2975 et
541 2921 673 2976 tribuitur
684 2940 740 2979 non
757 2921 846 2980 solnm
864 2926 982 2996 anpelir,
1009 2921 1196 2995 promovenda
1222 2921 1325 2989 utitur,
1358 2936 1392 2975 ex
1424 2937 1480 2992 quo
1504 2932 1535 2977 ut
1560 2925 1644 2977 etiam
1670 2942 1703 2978 ex
1719 2926 1843 2995 generali

147 3007 298 3063 sedetiam
316 3007 480 3073 dominibus,
500 3007 630 3064 videlicet
647 3018 706 3064 tum
726 3012 831 3081 legatia
852 3012 980 3082 politicis
1005 3008 1170 3080 angelorum
1200 3007 1397 3062 intercessione
1428 3009 1560 3079 religiosa
1584 3025 1679 3063 eorum
1704 3012 1843 3066 invocatio

147 3092 248 3149 uma.
269 3097 311 3161 32,
329 3111 356 3147 r.
378 3099 399 3148 l.
421 3099 443 3149 l.
460 3092 530 3165 iteg.
553 3099 590 3162 13,
609 3111 634 3151 v.
662 3104 685 3151 2.
705 3103 765 3151 tum
785 3098 930 3167 propitatio
948 3116 982 3151 ac
1009 3093 1086 3147 nullo
1122 3092 1204 3147 modo
1240 3093 1369 3149 concludi
1405 3102 1504 3164 potest
1562 3095 1776 3166 Olympiodorus
1814 3099 1843 3151 in

147 3179 226 3233 serbi
242 3180 380 3232 ministris
399 3178 517 3234 lintach.
539 3185 563 3248 2,
583 3197 608 3236 r.
632 3185 656 3235 7.
674 3197 697 3237 c.
716 3187 741 3248 3,
760 3200 786 3240 r.
810 3189 833 3239 t.
879 3183 981 3239 Sensus
1009 3189 1109 3232 catena
1135 3177 1245 3234 Graeca
1274 3179 1304 3233 in
1325 3179 1430 3233 dobnm
1454 3196 1479 3239 c.
1507 3186 1548 3237 33.
1574 3181 1655 3234 Lxx
1679 3186 1843 3252 interpretes

147 3264 234 3335 igitur
264 3271 320 3334 eat,
352 3268 426 3335 quod
451 3263 527 3318 Deus
555 3283 610 3320 non
639 3269 721 3322 modo
747 3284 797 3338 per
818 3286 928 3324 crucem
954 3280 983 3326 et
1009 3273 1120 3318 secutos
1150 3265 1289 3319 contrario
1320 3267 1402 3319 modo
1433 3268 1530 3321 vertit:
1564 3270 1599 3321 δι’
1627 3271 1736 3330 rucrint
1767 3271 1844 3324 aritia

147 3350 335 3414 calamitates,
359 3351 514 3405 sedetiam
537 3369 587 3422 per
610 3353 817 3409 concionatores
839 3357 916 3410 verbi
935 3357 980 3410 ho·
1009 3352 1106 3420 capeti
1129 3352 1284 3416 mortiferi,
1311 3369 1383 3404 uuus
1407 3368 1441 3405 cc
1458 3352 1495 3405 iia
1521 3371 1577 3407 uon
1596 3355 1753 3407 nutrierabit
1772 3373 1843 3425 aum,

148 3437 236 3490 mines
265 3442 346 3489 vocet
374 3436 411 3489 ad
436 3438 642 3507 poenitentiam.
696 3440 815 3494 Latinus
847 3443 982 3512 interpres
1008 3439 1036 3489 si
1060 3438 1226 3503 copitaucrct
1251 3439 1337 3489 corda
1355 3439 1480 3491 concerti
1505 3440 1547 3491 ad
1566 3426 1727 3496 Dominum.
1777 3443 1844 3512 Hic,

148 3509 271 3577 reddidit
290 3524 416 3590 nupcias.
464 3524 596 3586 Quamvis
622 3542 687 3579 vero
710 3527 794 3580 etiam
820 3529 982 3599 angolorum
1010 3525 1116 3594 inquit,
1149 3524 1199 3593 qui
1227 3525 1258 3577 in
1283 3526 1414 3578 cctrcmia
1435 3527 1605 3580 cruciatibus
1631 3536 1787 3599 exercetur,
1817 3531 1846 3582 si

148 3609 299 3663 ministerio
325 3607 403 3662 Dens
427 3610 596 3681 quandoque
622 3619 717 3665 utatur
750 3613 787 3667 ad
812 3615 981 3669 voluntatem
1007 3610 1200 3680 pcrpcacionic
1224 3627 1294 3663 suae
1318 3627 1433 3664 cautam
1451 3612 1482 3664 in
1495 3623 1613 3680 peccato
1632 3616 1785 3668 comittere
1800 3618 1843 3668 in-

149 3711 228 3749 suam
246 3693 403 3748 bominibus
419 3696 648 3764 annuntiandam,
667 3704 760 3752 tamen
776 3698 917 3757 ordinarie
933 3719 983 3772 pcr
1009 3698 1147 3751 tolleraret
1173 3704 1257 3765 atquc
1280 3697 1321 3750 ari
1348 3699 1443 3750 Deam
1460 3699 1495 3751 de
1514 3708 1609 3752 errato
1624 3717 1675 3752 suo
1698 3704 1844 3761 conferatur

147 3780 287 3834 ministros
304 3779 380 3834 verbi
398 3797 459 3836 cum
478 3780 546 3851 ipsis
563 3782 631 3852 agit,
648 3798 681 3836 ac
695 3782 719 3836 si
737 3784 781 3837 vel
800 3786 918 3842 maxime
935 3804 982 3842 an·
1009 3799 1040 3837 cs
1078 3785 1260 3847 couccrtcrit,
1315 3783 1519 3854 impertientem
1553 3795 1668 3839 mortem
1704 3790 1845 3855 inhibebit,

149 3866 226 3937 gelos
244 3865 312 3936 ipsis
331 3868 437 3934 mittat,
468 3874 560 3921 tamen
578 3868 618 3921 iili
638 3885 693 3922 non
713 3875 779 3923 suut
795 3871 924 3942 religiose
942 3873 983 3927 in·
1010 3860 1132 3924 ctiamai‘
1147 3876 1275 3923 reuocato
1305 3872 1443 3939 quaedam
1467 3872 1537 3940 siut,
1566 3889 1639 3940 quac
1664 3883 1777 3927 mortem
1799 3893 1844 3927 ac·

66 3972 136 4017 :uo
148 3951 280 4019 vocandi,
311 3951 419 4005 etiamsi
442 3952 498 4005 sint
521 3951 600 4008 nobis
617 3965 775 4023 praesentes
802 3966 830 4011 et
849 3958 878 4011 in
894 3956 985 4030 figura
1010 3964 1121 4010 careant
1140 3965 1222 4024 atquc
1239 3955 1391 4011 locarant.
1422 3958 1597 4011 Paenitentia
1610 3959 1683 4011 anim
1698 3968 1845 4029 peccatum

148 4037 269 4093 humana
303 4037 449 4092 visibiliter
475 4046 635 4108 appareant.
685 4045 710 4096 3.
735 4040 767 4095 ln
788 4041 917 4098 Hebraeo
942 4056 985 4100 est
1012 4043 1087 4096 dsict
1110 4042 1263 4112 placatque
1281 4043 1391 4106 Deam,
1422 4050 1453 4095 at
1478 4046 1642 4096 scatentium
1667 4055 1776 4098 reuocet
1799 4048 1844 4099 ilc·

149 4124 315 4179 vocabulum
334 4108 427 4197 γ’ξᾩ,
450 4125 526 4194 quod
548 4125 660 4194 proprie
683 4125 824 4196 significat
848 4131 984 4198 interprc·
1011 4136 1169 4196 cretumque
1200 4128 1355 4182 rescindat.
1404 4126 1534 4199 Denique
1563 4129 1656 4200 angeli
1687 4147 1787 4185 nomen
1815 4131 1844 4184 in

149 4217 202 4264 tem
227 4209 328 4266 (iones.
353 4216 401 4279 lt,
427 4226 451 4261 r.
472 4215 513 4265 22.
531 4209 596 4265 Job.
618 4216 663 4278 ts,
681 4229 707 4268 v.
725 4217 766 4268 2⁰.
818 4215 899 4278 Quod
917 4233 984 4288 ergo
1011 4213 1064 4268 hoc
1086 4219 1164 4267 textu
1183 4211 1336 4282 Gregorius
1359 4211 1480 4283 Magnus
1504 4213 1533 4266 in
1557 4230 1625 4269 com.
1648 4215 1696 4270 lib.
1717 4220 1757 4271 tt.
1775 4234 1800 4270 o.
1819 4222 1844 4272 2.

150 4301 190 4350 et
213 4296 329 4367 vulgata
360 4296 485 4351 versione
512 4295 547 4351 de
575 4296 771 4354 intercessione
794 4302 888 4371 angeli
909 4305 984 4373 apud
1011 4299 1112 4354 Glossa
1137 4299 1258 4354 ordinat.
1284 4304 1314 4352 et
1333 4299 1417 4368 Hugo
1436 4300 1591 4353 cardinalis
1615 4316 1671 4354 non
1689 4302 1724 4356 de
1741 4302 1844 4372 spiriti·

149 4381 241 4436 Deum
262 4381 359 4435 inl'crri
374 4397 454 4451 posse
471 4381 595 4451 videtur,
625 4384 654 4436 id
675 4382 844 4440 Hebraicum
869 4390 983 4444 verhurn
1013 4387 1065 4441 bns
1097 4385 1279 4452 coelestibus,
1309 4385 1359 4438 sed
1390 4386 1425 4437 cis
1464 4386 1576 4439 Cirrata
1610 4388 1705 4457 magni
1737 4389 1845 4443 consilii

148 4467 229 4523 aliter
254 4467 431 4537 explicatae
453 4468 488 4522 de
517 4468 666 4539 interprete
697 4470 808 4526 divinae
834 4475 984 4530 voluntatis
1010 4471 1112 4543 angelo
1136 4470 1310 4540 intelligunt,
1341 4486 1424 4541 quarn
1443 4471 1699 4540 interpretationem
1725 4490 1789 4528 cum
1807 4474 1843 4529 ob

147 4550 232 4607 Elihn
252 4551 329 4622 ioqui
345 4552 473 4607 ostendit.
523 4554 642 4615 Quidam
660 4562 775 4624 putant,
793 4573 853 4613 esse
872 4562 983 4630 partici-
1010 4557 1140 4627 Gregorii
1176 4554 1274 4625 Magni
1316 4554 1453 4626 pontificia
1486 4556 1606 4613 Romani
1650 4561 1843 4614 auctoritatem

140 4638 224 4713 'pium
249 4637 286 4692 ab
311 4623 396 4714 V'bi'!
428 4637 457 4692 in
481 4637 584 4708 hiphil,
619 4642 693 4711 qnod
720 4642 858 4712 signifieat
883 4647 983 4701 ordine
1010 4642 1150 4698 Pontificii
1170 4642 1318 4712 repudiare
1336 4658 1390 4694 non
1410 4642 1525 4711 possint,
1543 4650 1709 4714 agnoscant,
1730 4649 1842 4717 augelo-

148 4725 260 4779 iocatac
278 4734 328 4793 cat,
343 4725 544 4792 interpretatos
562 4735 611 4783 cst.
648 4725 705 4781 Sed
722 4744 766 4783 res
784 4730 881 4784 eodem
901 4733 982 4789 redit.
1008 4747 1070 4784 rum
1088 4729 1291 4783 invocationem
1311 4744 1346 4782 ax
1365 4727 1417 4780 hoc
1436 4727 1496 4782 loco
1513 4730 1668 4799 apodictico
1687 4748 1742 4786 non
1761 4750 1842 4803 posse

147 4816 172 4866 ⁴.
205 4808 240 4865 In
258 4809 389 4864 Hebraeo
418 4813 461 4863 est
489 4794 589 4885 h'vltssb,
611 4797 706 4887 'vii-¹5,
727 4817 768 4868 ad
796 4817 981 4874 indicandum
1006 4815 1125 4887 probari

147 4897 253 4953 bomini
271 4896 465 4951 rectitudinem
485 4898 561 4966 ejas,
591 4900 667 4969 quod
692 4902 807 4971 vulgata
826 4905 921 4975 vertit,
951 4918 981 4962 ut
1042 4909 1100 4958 lit.
1135 4901 1190 4956 Pro
1210 4902 1408 4970 defunctorum
1426 4908 1588 4954 sanctorum
1608 4903 1781 4958 invocatione
1795 4903 1844 4957 ad·
1858 4896 2001 4988 {ffi‘tffissg’r't

148 4984 293 5039 mnuntict
311 4983 430 5038 taminia
445 4985 624 5052 aequitatem.
669 4987 802 5051 Quamvis
818 5007 883 5045 vcro
901 5010 981 5063 prac-
993 4952 996 5041 i
1008 4990 1086 5044 ducit
1107 4988 1291 5043 Bellarminus
1318 4993 1340 5042 1.
1358 4985 1509 5040 orationem
1527 4985 1676 5042 Mosaicam
1695 4988 1781 5047 Exod',
1798 4995 1845 5045 32:
1859 4999 1961 5038 invocari

147 5053 267 5131 figumb
288 5070 456 5143 quandoque
474 5071 512 5125 sit
528 5080 596 5129 nota
613 5077 745 5147 genitivi,
775 5084 868 5134 tamen
888 5080 917 5135 id
937 5046 1172 5169 hiciltttt’t'dm
1185 5074 1308 5126 mmm
1329 5071 1482 5140 Abraham,
1499 5072 1585 5126 1⁸⁰⁰ss
1604 5082 1630 5126 ὅ
1643 5074 1738 5128 ltr‘wl
1755 5094 1845 5131 tervo-
1858 5050 2004 5143 iiiiiiidn'iii

146 5160 238 5218 locum
266 5161 369 5217 habere
398 5162 508 5233 nequit,
538 5160 605 5230 quia
632 5163 736 5233 alioqui
766 5166 881 5220 verbum
907 5170 1070 5219 resa-ram
1088 5168 1211 5226 mom,
1242 5157 1273 5211 in
1293 5173 1374 5227 paam
1391 5157 1483 5211 locam
1506 5158 1797 5231 reuocauerunt
1816 5152 1988 5218 iri¹³0⁰⁰¹⁶ffl

147 5248 269 5319 positum
286 5255 360 5304 esset
378 5247 485 5319 absque
504 5247 579 5302 omni
599 5263 666 5302 casu
685 5257 714 5303 et
733 5249 836 5304 nullam
855 5253 984 5324 gigneret
1010 5248 1102 5303 ia'aod.
1119 5245 1235 5313 amitat,
1254 5252 1381 5297 sanctum
1394 5245 1521 5312 Moysen,
1553 5261 1617 5298 curn
1632 5262 1662 5298 ac
1679 5265 1736 5300 non
1753 5251 1845 5304 aciati-
1858 5202 1971 5296 ibiibi

148 5334 326 5401 sententiam,
358 5335 425 5405 quia
454 5351 510 5389 non
541 5334 747 5405 exprimeretur,
773 5335 818 5390 cni
836 5322 1099 5399 inflammaret
1117 5332 1303 5397 ⁸¹⁶me
1320 5332 1362 5384 “d
1373 5330 1551 5398 dimittitm
1564 5334 1665 5397 Deum·
1683 5335 1845 5392 “cillibam
1859 5312 1904 5349 ’ω’

148 5424 174 5481 t.
190 5421 226 5478 ln
256 5420 386 5479 Hebraeo
416 5429 460 5478 ort
481 5407 562 5497 '7'less
586 5420 783 5475 rectitudinem
807 5423 889 5495 rjus,
919 5365 1094 5507 comiatiam
1109 5422 1299 5495 patrocinium
1315 5418 1558 5541 patriamtarmm
1578 5419 1627 5474 uhi
1644 5427 1724 5476 notat
1739 5423 1844 5481 Bellat-

1455 5512 1489 5565 33
