4104 6014
232 329 292 387 220
835 320 958 379 Locus
977 314 1182 377 vrcusmus
1200 316 1347 379 SEXTUS

230 483 340 534 tantum
358 477 469 546 classes,
488 477 517 531 in
535 477 622 532 bonos
640 475 746 532 scilicet
766 481 794 532 et
807 476 902 545 malos,
919 473 1063 530 eredentes
1093 469 1170 533 Quid
1187 480 1228 525 eet
1245 489 1348 542 quaeso
1368 482 1409 542 te,
1437 476 1513 544 quod
1530 475 1560 528 in
1579 474 1624 529 lis
1640 475 1770 529 sutrensis
1791 474 1924 544 tempori·

234 573 262 621 et
287 564 443 619 incredulos
473 561 616 617 distribuit
641 579 674 617 ae
698 564 755 617 duo
784 568 891 617 tantum
909 560 1062 633 posthanc
1090 558 1215 611 11111111
1237 559 1325 613 multu
1344 561 1380 613 de
1401 561 1546 615 animabus
1566 562 1740 627 clarescunt,
1766 579 1837 631 quoe
1859 568 1924 614 onte

232 651 318 706 vitam
337 651 490 705 animarum
507 648 685 721 receptacula
703 649 844 722 agnoscit,
869 650 980 704 tertium
998 663 1062 702 vero
1089 644 1247 715 latuerunt,
1265 648 1307 698 ito
1326 654 1357 700 nt
1375 649 1481 716 apertis
1499 649 1714 702 revelationibus
1731 655 1924 718 1111111111-

232 739 341 808 penitus
361 736 479 808 ignorat,
498 740 530 789 ut
547 736 665 789 vidimus
684 736 818 807 superius.
849 735 925 807 Ergo
946 751 979 789 ex
1000 733 1062 788 luce
1090 732 1214 785 sionibus
1233 741 1379 787 oentrrrum
1404 735 1528 788 seculum
1545 752 1574 788 so
1593 735 1672 789 nobis
1703 736 1811 800 inferre
1838 743 1924 803 atque

233 821 352 893 Spiritus
379 822 467 876 sancti
495 828 523 876 et
545 822 652 892 gratiss
680 822 788 894 plenius
817 819 1007 877 collustrando
1035 827 1063 873 et
1091 819 1235 870 ostendere
1261 819 1398 873 uideatur.
1449 825 1472 875 9.
1502 820 1665 876 Animarum
1691 819 1821 884 istarum,
1850 836 1924 891 quae

232 907 407 963 informanda
443 912 485 962 ast
515 908 562 961 lux
592 918 717 964 naturae.
775 916 800 966 1.
830 908 859 965 Si
889 900 1124 982 mediocriterlex
1141 904 1301 976 purgatorio
1330 922 1361 960 11
1384 896 1497 961 rediisse
1522 907 1688 962 testificatas
1707 913 1784 972 sunt,
1810 906 1921 977 apperi-

233 996 312 1050 malis
330 994 473 1049 sufiiciunt
489 1011 594 1065 poenae
613 995 792 1066 temporales,
815 993 912 1066 utique
934 991 1063 1046 111111111-
1093 991 1183 1046 tiones
1214 990 1328 1046 fuerunt
1356 991 1509 1048 diabolicae
1541 993 1695 1063 illusiones,
1721 994 1821 1066 quibus
1847 992 1924 1047 Dens

231 1082 465 1153 ficientpoenas,
484 1081 600 1152 quasin
619 1082 672 1136 bae
691 1080 919 1142 vitasustinent,
938 1076 1063 1133 neonllo
1087 1079 1164 1148 justo
1193 1077 1301 1147 jndicio
1332 1084 1501 1134 contemtum
1528 1079 1604 1135 verbi
1635 1079 1694 1144 sni,
1723 1097 1757 1135 ex
1785 1096 1840 1150 quo
1867 1095 1924 1134 uno

231 1166 383 1238 posthanc
409 1166 494 1220 vitam
517 1164 683 1238 indigebunt
707 1165 876 1238 purgatorio.
922 1169 947 1221 5.
966 1161 1063 1216 Mahn·
1091 1170 1166 1218 recte
1182 1165 1296 1235 agnosci
1314 1182 1347 1220 11
1365 1165 1417 1220 1111
1436 1165 1509 1230 vult,
1527 1165 1556 1219 in
1574 1165 1688 1220 curiosis
1701 1182 1733 1222 ac
1747 1162 1919 1236 superstitio·

231 1252 335 1310 metani
354 1261 382 1307 st
399 1253 516 1324 gentiles
533 1269 588 1307 non
608 1259 716 1307 tantum
740 1249 930 1324 propeccatis
949 1247 1061 1303 veniali·
1090 1251 1128 1303 sis
1148 1249 1305 1305 bominibus
1336 1250 1493 1306 vendicavit
1512 1257 1535 1307 2.
1558 1249 1653 1308 Thess.
1676 1257 1707 1322 2,
1736 1269 1762 1308 v.
1782 1256 1806 1308 9.
1849 1248 1918 1305 Pro·

231 1338 301 1409 bus,
332 1338 383 1395 sed
410 1339 495 1394 etiam
523 1354 574 1410 pro
596 1338 775 1408 mortalibus,
805 1354 857 1392 nee
880 1340 988 1391 tantum
1012 1349 1062 1405 pro
1089 1336 1188 1391 bamus
1217 1335 1270 1393 1111
1294 1338 1382 1407 primo
1411 1354 1445 1392 ox
1471 1337 1625 1393 animarum
1653 1337 1811 1409 posthanc
1836 1336 1923 1393 ritem

233 1425 409 1480 mediocriter
427 1425 516 1495 malis,
536 1425 585 1479 sed
604 1426 687 1480 etiam
702 1443 752 1496 pro
766 1423 858 1495 impiis
871 1421 1062 1494 purgatorium
1090 1429 1166 1478 statu
1183 1430 1212 1478 et
1229 1423 1394 1479 conditione.
1426 1422 1569 1479 iustorum
1588 1424 1696 1480 animae
1712 1433 1777 1478 sunt
1794 1424 1823 1478 in
1836 1444 1924 1479 manu

233 1512 346 1584 aliquod
376 1520 439 1583 post
468 1510 540 1566 hane
570 1512 655 1566 vitam
687 1519 849 1584 agnoscunt.
897 1516 922 1566 6.
954 1507 1063 1563 Lumen
1093 1511 1163 1575 Dei,
1193 1518 1218 1564 et
1237 1528 1293 1565 non
1317 1512 1408 1581 tonqit
1435 1511 1502 1565 illos
1519 1518 1680 1565 tmnmntom
1704 1509 1767 1582 Sap.
1790 1516 1821 1575 3,
1851 1530 1877 1568 v.
1898 1518 1922 1569 l.

233 1597 359 1655 naturale
378 1599 473 1667 docet,
503 1605 535 1653 nt
553 1596 674 1653 una'est
691 1598 746 1653 Dei
765 1596 898 1665 essentia,
922 1595 961 1649 ita
979 1612 1062 1649 unam
1090 1613 1157 1668 ergo
1175 1597 1338 1668 nugatoriae
1360 1614 1394 1651 11
1424 1596 1664 1668 praestigiatorise
1691 1604 1756 1652 sunt
1774 1596 1838 1653 illae
1856 1587 1928 1669 que-'

231 1692 339 1741 tantum
354 1702 412 1741 esse
424 1685 453 1740 in
466 1685 569 1740 deitate
583 1702 742 1756 personam
763 1683 860 1757 quodsi
886 1700 952 1755 ergo
970 1681 1063 1736 lumen
1089 1680 1176 1744 relae.
1201 1699 1270 1754 ques
1291 1683 1326 1738 ds
1349 1681 1405 1737 suis
1424 1682 1452 1736 in
1470 1683 1629 1754 purgatorio
1649 1684 1792 1739 tormentis
1812 1684 1923 1740 animas

232 1774 359 1828 naturale
378 1770 456 1842 sequi
474 1771 599 1842 velimus,
618 1772 776 1844 negandum
794 1770 846 1826 erit
857 1776 1062 1825 sacrosanctum
1089 1767 1213 1823 fidelium
1235 1767 1427 1824 defunctorum
1453 1769 1600 1840 protulisse
1623 1769 1774 1841 finguntur.
1819 1770 1922 1827 Confer

231 1859 376 1914 Trinitatis
394 1858 565 1929 mysterium.
607 1858 715 1914 Lumen
732 1856 859 1913 naturale
876 1857 969 1926 docet,
994 1855 1063 1909 divi·
1090 1860 1113 1911 2.
1137 1854 1211 1912 Sam.
1232 1862 1277 1924 12,
1314 1874 1340 1916 v.
1367 1862 1409 1913 23.
1439 1856 1503 1912 Job.
1524 1864 1554 1922 1,
1581 1877 1607 1914 v.
1627 1866 1652 1914 9.
1683 1857 1736 1914 Sir.
1754 1863 1802 1925 38,
1831 1877 1856 1913 1.
1879 1864 1920 1915 22.

232 1962 296 2000 nam
321 1953 350 2001 et
373 1933 521 1999 humanam
550 1951 676 2000 naturam
703 1960 758 1999 non
785 1960 867 2016 posse
894 1941 1063 1997 constituere
1090 1941 1155 1998 Luc.
1176 1948 1214 2012 16,
1230 1962 1256 1997 v.
1277 1949 1317 1999 26.
1336 1942 1385 1998 ubi
1404 1943 1512 2008 dicitur,
1530 1945 1677 2009 defunctos
1696 1948 1737 1999 ool
1752 1963 1803 1999 nos
1817 1944 1847 1998 in
1865 1945 1917 1998 lios

231 2049 314 2087 unam
336 2049 496 2104 personam
541 2032 564 2085 11
582 2030 708 2086 naturale
727 2029 819 2084 lumen
839 2028 919 2099 sequi
937 2028 1061 2090 velimus.
1088 2036 1180 2082 terror
1199 2047 1255 2082 non
1273 2030 1380 2084 eroerti.
1412 2028 1529 2084 Animae
1549 2048 1567 2084 a
1590 2030 1750 2102 corporibus
1773 2038 1918 2102 separatae

232 2119 392 2191 negandum
410 2118 463 2172 erit
486 2117 684 2172 incarnationis
707 2115 876 2185 mysterium.
925 2114 1062 2186 Sequatur
1088 2114 1173 2169 oculis
1199 2115 1337 2187 corporeis
1369 2132 1402 2171 ao
1426 2108 1542 2172 terrenis
1562 2116 1648 2172 videri
1673 2125 1826 2190 nequeunt,
1856 2135 1920 2171 111111

231 2206 317 2277 igitur
335 2205 520 2260 Bellarminus
537 2202 644 2258 11111111
664 2202 802 2272 mysteriis
821 2201 913 2256 lumen
927 2201 1061 2268 naturale,
1089 2201 1145 2255 sint
1171 2201 1306 2257 essentiae
1326 2202 1502 2272 incorporeae
1524 2220 1558 2258 ac
1583 2203 1746 2275 spirituales.
1786 2204 1920 2276 Quisquis

235 2296 368 2363 sequatur
395 2292 533 2355 ludaeos,
566 2288 777 2344 Mahumetanos
797 2293 826 2342 et
842 2287 975 2359 gentiles,
1011 2303 1062 2340 nos
1089 2303 1156 2359 ergo
1181 2304 1228 2342 eas
1257 2305 1287 2344 11
1309 2285 1402 2344 videre
1427 2296 1455 2344 et
1480 2289 1577 2346 11111111
1604 2291 1769 2359 arbitratur,
1796 2289 1919 2348 Satanae

232 2376 386 2446 Christum,
414 2376 565 2448 prophotas
582 2380 611 2431 et
628 2373 766 2445 apostolos
784 2391 937 2444 sequemur.
974 2371 1062 2427 ’1.111-
1089 2373 1205 2444 spectris
1230 2373 1378 2429 deluditur.
1422 2375 1550 2430 Secundo
1573 2394 1607 2432 ex
1630 2375 1834 2447 apparitionum
1852 2377 1920 2434 ista·

231 2463 363 2519 vertimus
381 2461 541 2517 Bellarmini
554 2460 787 2532 comparationem
801 2458 853 2515 hoo
867 2458 963 2514 modo:
984 2455 1063 2513 Siout
1089 2477 1149 2513 rum
1180 2467 1277 2513 exacta
1303 2460 1529 2515 consideratione.
1576 2459 1712 2517 Diabolus
1743 2481 1798 2518 non
1827 2464 1920 2535 potnit

233 2566 327 2605 ornnes
345 2555 443 2620 gentes
463 2566 496 2603 ex
514 2547 617 2602 lumine
641 2544 762 2601 naturali
790 2551 976 2616 agnoverunt,
1003 2560 1063 2599 esse
1088 2562 1151 2599 snas
1170 2545 1282 2600 fraudes
1314 2552 1343 2600 et
1373 2546 1539 2618 praestigias
1563 2556 1619 2602 tam
1647 2547 1794 2606 artificioso
1816 2556 1945 2623 tegere.

230 2635 339 2704 Deum,
365 2635 414 2688 scd
433 2635 494 2705 quis
513 2633 551 2687 sit
579 2633 626 2688 ille
645 2633 722 2687 Deus
741 2632 902 2704 ignorantes
931 2632 960 2685 in
979 2632 1063 2683 nolo·
1091 2631 1157 2702 quin
1176 2648 1270 2686 earnm
1290 2630 1392 2688 indicia
1411 2636 1547 2706 quaedam
1565 2635 1747 2692 animadverti
1773 2637 1921 2708 potuerint.

231 2721 315 2778 trior
344 2729 371 2777 et
398 2720 579 2793 multiplicem
606 2719 791 2775 idololatriam
819 2719 896 2774 111111
927 2716 1063 2790 prolapsi,
1091 2717 1257 2788 Plerumque
1278 2717 1350 2772 enim
1377 2719 1469 2790 exegit
1487 2719 1593 2790 aliquot
1615 2722 1725 2791 missas,
1757 2727 1789 2777 ut
1816 2723 1921 2778 cultum

233 2809 273 2863 sic
305 2823 399 2864 omnes
428 2816 524 2879 gentes
545 2822 581 2861 ex
607 2806 711 2860 lumine
739 2806 859 2860 naturali
882 2811 1063 2876 agnoverunt,
1090 2803 1206 2858 Mansim
1225 2803 1374 2873 stabiliret,
1394 2822 1493 2874 pessus
1513 2812 1603 2861 estse
1623 2809 1747 2877 adjurari
1767 2818 1796 2864 et
1816 2811 1921 2865 exorci-

232 2894 384 2968 posthanc
401 2894 608 2965 vitampoenas
634 2897 663 2947 et
678 2893 802 2963 praemia
827 2908 984 2963 superesse,
1014 2890 1063 2945 sed
1091 2889 1159 2958 rari,
1183 2896 1215 2944 ut
1232 2889 1440 2960 superstitiones
1463 2891 1644 2949 confirmaret.
1684 2894 1782 2951 Solent
1799 2895 1872 2951 enim
1890 2896 1920 2952 in

233 2981 391 3055 ignorantes
426 2997 497 3051 quae
527 2979 585 3034 sint
620 2978 685 3033 illae
720 2995 825 3050 poenae
861 2996 893 3033 11
932 2976 1062 3049 praemia,
1091 2984 1194 3048 papatu
1214 2976 1296 3031 certis
1321 2976 1411 3031 verbis
1431 2994 1465 3032 ao
1483 2980 1643 3035 ceremoniis
1662 2989 1771 3052 spectra
1787 2982 1918 3054 adjurare

233 3075 347 3141 propter
383 3084 466 3139 quam
501 3082 613 3120 oausam
650 3071 678 3120 et
714 3065 815 3136 quibus
854 3065 1063 3132 distribuantur,
1091 3070 1119 3118 et
1137 3063 1191 3131 111
1209 3063 1340 3119 orationis
1358 3063 1478 3119 formula
1494 3066 1550 3123 uti:
1577 3068 1699 3122 Domine
1717 3069 1790 3124 Jesu
1809 3071 1919 3126 Christe

235 3152 450 3231 lpnrornitryoor
473 3156 504 3209 tr
525 3159 582 3212 τοῖς
607 3152 800 3222 διαλογισμοῖς
825 3151 916 3208 oiroir
939 3151 1018 3206 Rom.
1043 3155 1065 3217 1,
1092 3151 1210 3204 omniurn
1227 3159 1395 3204 secretorum
1413 3153 1549 3222 cognitor,
1566 3154 1616 3221 qui
1632 3171 1741 3225 semper
1758 3157 1921 3222 1111111111-

232 3259 259 3298 r.
277 3247 319 3298 21.
350 3258 382 3296 ac
407 3239 516 3295 tabulas
543 3255 608 3293 suas
638 3238 673 3292 ds
698 3239 872 3309 purgatorio,
901 3237 936 3293 de
961 3236 1064 3307 eampis
1092 3237 1141 3289 lus
1161 3244 1187 3289 et
1203 3237 1337 3305 paruulis
1360 3237 1484 3292 revelare
1509 3239 1638 3293 salubria
1660 3248 1688 3294 et
1705 3241 1790 3296 utilia
1809 3261 1921 3299 consue

232 3327 349 3398 Elysiis,
380 3328 415 3382 de
436 3325 537 3397 stygis
562 3324 665 3396 palude
691 3324 854 3394 inferorum,
888 3324 923 3379 de
952 3322 1065 3394 Cocyto,
1090 3323 1169 3390 resti,
1201 3324 1304 3393 quippe
1334 3341 1366 3377 err
1393 3324 1445 3378 loo
1476 3325 1537 3378 loeo
1563 3327 1694 3394 spiritum
1721 3331 1860 3397 quendem
1892 3349 1921 3387 se

233 3412 436 3484 Phlegethonte
454 3419 506 3468 etc.
525 3410 700 3471 addiderunt.
1092 3412 1235 3465 ostendere
1252 3412 1414 3481 permisisti,
1432 3412 1573 3466 lumiliter
1591 3414 1766 3469 obsecramus
1784 3415 1921 3487 benignis·

269 3505 328 3557 295.
377 3499 483 3563 Quarta
511 3498 582 3553 ratio
620 3499 736 3553 sumitur
767 3499 803 3553 ab
839 3496 1065 3566 apparitionibrs
1091 3497 1191 3550 simum
1210 3505 1286 3551 tuom
1305 3500 1527 3553 misericordia-n
1549 3503 1779 3574 perpessionem
1798 3512 1874 3558 tuom
1893 3513 1920 3559 et

239 3589 412 3653 animarum,
429 3602 500 3654 quoe
521 3603 551 3637 se
577 3585 606 3637 in
621 3586 792 3653 purgatorio
813 3600 872 3636 esse
891 3583 1064 3636 renuntiare·
1088 3585 1290 3655 pretiosissimi
1315 3585 1462 3655 sonqtsinis
1497 3587 1540 3638 tui
1569 3605 1626 3656 pro
1660 3589 1784 3656 peccatis
1814 3591 1919 3644 nostris

235 3682 301 3729 runt
316 3681 399 3741 utque
414 3690 493 3741 opem
512 3690 531 3725 o
549 3672 620 3725 oz'sris
638 3672 872 3742 imploraverunt,
892 3684 960 3739 quas
979 3682 1064 3738 eppa·
1091 3670 1266 3740 effusionem,
1290 3679 1321 3725 nt
1338 3673 1464 3739 digneris
1477 3676 1646 3743 praecipere
1666 3674 1730 3727 lruio
1750 3676 1872 3745 spiritui,
1891 3686 1921 3730 ut

157 3749 163 3762 ’
234 3754 1064 3827 1111111111111111161131111111111.1111111111155.
1090 3758 1149 3810 sine
1180 3763 1287 3810 terrore
1306 3774 1340 3809 oo
1363 3758 1487 3812 laesione
1508 3766 1608 3813 nostro
1632 3768 1659 3814 et
1689 3762 1812 3815 omnium
1835 3762 1921 3817 lomi·

234 3845 387 3917 Gregorius
404 3843 532 3900 Turonis.
557 3842 602 3897 lib.
629 3843 664 3897 de
689 3842 780 3913 gloria
796 3842 910 3896 confess.
930 3857 953 3897 c.
970 3847 994 3897 5.
1013 3840 1064 3894 Pe·
1091 3862 1155 3898 rrum
1173 3861 1202 3897 se
1220 3843 1336 3909 revelet,
1361 3844 1525 3913 significans
1542 3846 1662 3906 famulis
1682 3847 1752 3915 tuis,
1778 3848 1857 3902 nolis
1875 3848 1919 3903 vel

233 3939 292 3988 trus
309 3930 438 3986 Damiaui
455 3931 483 3983 111
502 3929 580 4001 epist.
603 3930 639 3982 ad
656 3928 781 3983 Desidet.
805 3926 984 3982 tretilius.
1002 3926 1064 3980 1111.
1091 3930 1158 3982 aliis
1172 3929 1383 3998 peecatoribus,
1409 3931 1472 3998 quis
1490 3931 1526 3983 sit
1545 3940 1571 3983 et
1589 3949 1639 3985 our
1657 3934 1778 4003 uenerit,
1797 3935 1920 4005 quidque

234 4019 318 4091 Angl.
342 4035 366 4074 o.
386 4022 426 4074 19.
456 4016 634 4072 Bernhardus
660 4016 689 4069 in
710 4015 759 4070 vit.
778 4013 898 4068 Malach.
923 4021 952 4068 et
969 4022 1065 4066 auctor
1088 4023 1175 4085 potor,
1194 4023 1223 4067 ut
1240 4032 1274 4068 en
1293 4016 1344 4068 boo
1363 4014 1500 4069 bonorori
1515 4017 1610 4071 rolens
1631 4026 1657 4071 et
1675 4020 1735 4088 ipim
1753 4022 1920 4075 consolatio·

230 4105 294 4183 libri
318 4105 353 4160 de
377 4106 425 4160 vit
451 4103 583 4159 Anselmi.
628 4103 854 4172 Respondemus:
882 4103 903 4154 1.
932 4098 1008 4154 Deus
1034 4098 1063 4152 in
1090 4121 1150 4158 nem
1165 4104 1309 4173 pereipiat
1330 4111 1355 4156 et
1367 4104 1469 4174 fideles
1486 4122 1594 4174 quoque
1612 4106 1678 4160 inde
1698 4106 1872 4161 subleventur
1890 4110 1919 4162 in

233 4191 318 4247 verbo
343 4210 393 4247 sno
419 4208 547 4263 expresse
575 4190 717 4262 prohibuit
744 4205 761 4242 a
784 4187 897 4242 mortuis
921 4187 1062 4240 veritatem
1091 4193 1199 4244 nomine
1213 4190 1382 4257 Potris†et
1395 4191 1469 4244 Filii
1480 4195 1535 4258 †et
1551 4191 1676 4261 Spiritus
1690 4194 1918 4261 sanoti†Ameo.

232 4277 261 4333 in
280 4277 345 4334 fidei
374 4279 497 4333 articulis
521 4294 661 4350 quaerere.
703 4273 785 4331 Dent.
805 4279 852 4337 18.
879 4291 904 4330 r.
925 4277 971 4327 ll:
996 4272 1062 4327 Non
1091 4276 1188 4332 Petrus
1209 4277 1357 4330 Mamertus
1378 4286 1486 4346 narrat,
1504 4276 1578 4331 11111
1596 4295 1659 4336 ann.
1680 4285 1754 4336 1158.
1775 4279 1804 4334 in
1823 4279 1918 4339 Gallia

232 4367 391 4418 inveniatur
408 4367 438 4418 in
456 4375 482 4418 te
501 4381 639 4434 quaerens
656 4382 675 4416 a
693 4362 818 4416 mortuis.
851 4359 955 4417 11118.
976 4377 1000 4415 v.
1016 4364 1063 4449 lii:
1091 4361 1257 4417 Consollenti
1276 4362 1310 4416 ad
1334 4363 1469 4417 Viennam
1487 4363 1602 4418 fluvium
1622 4364 1651 4418 in
1672 4365 1807 4435 Caplandi
1826 4368 1918 4438 cujus·

232 4452 334 4505 Nonne
346 4451 471 4520 populus
484 4452 577 4504 Deum
592 4468 670 4503 sunm
684 4448 829 4516 requiret!
846 4465 911 4500 num
925 4464 981 4514 pro
993 4447 1063 4500 rivis
1090 4450 1153 4503 dam
1172 4450 1287 4503 aedibus
1312 4449 1468 4514 diabolum,
1495 4449 1542 4519 qni
1571 4466 1600 4504 ss
1628 4450 1747 4505 animam
1770 4451 1919 4507 defunctae

235 4539 476 4593 mortinetum.
497 4540 538 4590 orl
556 4537 793 4608 lepempotiuset
810 4535 851 4586 ud
868 4534 1053 4587 testimonium
1090 4536 1234 4607 enjusdam
1263 4552 1322 4590 esse
1348 4534 1473 4604 dicebat,
1500 4536 1663 4606 gemitibus,
1695 4537 1860 4595 clamoribus
1893 4547 1920 4595 et

235 4623 303 4679 Luc.
317 4627 356 4692 16,
375 4641 399 4676 v.
413 4628 454 4679 28.
474 4639 536 4677 cnm
556 4624 632 4678 dives
651 4623 733 4693 epulo
751 4629 871 4692 rogaret,
889 4626 921 4674 ut
941 4619 1064 4674 Lazarus
1091 4621 1266 4693 querimoniis
1285 4622 1378 4675 omnia
1406 4621 1599 4692 complevisse,
1625 4633 1794 4689 monentem,
1820 4627 1920 4681 baben·

236 4725 270 4763 ex
288 4707 415 4763 Abrahae
439 4709 499 4762 sinn
518 4708 554 4763 ad
576 4710 675 4764 tratres
695 4707 856 4778 superstites
880 4705 979 4759 missus
997 4704 1063 4776 ipsis
1091 4708 1140 4762 das
1158 4723 1218 4762 esse
1236 4724 1341 4778 preces,
1358 4707 1651 4781 peregrinationesqne
1669 4711 1820 4779 obeundas,
1838 4721 1866 4768 et
1877 4730 1920 4769 res

235 4793 406 4859 testificetur,
422 4811 457 4848 ne
476 4803 501 4848 ct
514 4796 573 4864 ipsi
586 4798 698 4849 ueniant
711 4797 741 4849 in
759 4796 850 4849 loourn
860 4799 1064 4854 tormentorum,
1090 4809 1169 4847 veras
1188 4792 1319 4864 plurimas
1342 4795 1524 4864 revelantem,
1547 4794 1597 4850 sed
1614 4797 1723 4851 dicente
1741 4799 1765 4853 ei
1784 4800 1919 4869 quodam:

235 4881 384 4954 respondet
412 4880 465 4952 ipsi
496 4880 672 4935 Abrahamns
697 4886 792 4936 1291
818 4880 929 4933 Habent
945 4880 1064 4946 Moysen
1092 4880 1126 4934 Si
1140 4880 1197 4948 ois,
1216 4880 1268 4933 tili
1284 4881 1384 4934 11αό1νί
1403 4882 1502 4949 fidem,
1529 4883 1590 4950 die,
1622 4884 1827 4939 misereremei
1842 4889 1922 4941 Deru

237 4976 264 5022 et
276 4969 439 5040 propbetas,
457 4968 575 5020 eumont
591 4967 665 5030 illos,
686 4982 803 5038 cumque
818 4963 901 5034 epulo
919 4963 1066 5034 replicaret
1090 4968 1240 5021 seeundum
1256 4984 1386 5036 moenam
1408 4968 1633 5023 misericordiam
1650 4979 1726 5023 tuom
1740 4977 1791 5026 etr.
1810 4989 1921 5043 respon·

99 5075 163 5119 xvn.
177 5071 222 5114 tta
236 5071 260 5109 v.
281 5060 330 5110 ³0:
350 5055 430 5122 Non,
450 5061 536 5123 pater
554 5051 715 5118 Abrabam,
740 5053 792 5105 sed
813 5053 839 5104 si
862 5051 925 5120 quis
942 5068 975 5104 ea
993 5069 1065 5104 mor·
1091 5051 1177 5119 disse,
1203 5053 1255 5106 loo
1275 5070 1293 5104 a
1311 5071 1340 5106 se
1353 5052 1424 5120 fieri
1441 5070 1497 5106 non
1512 5072 1609 5124 posse,
1633 5061 1700 5110 tunc
1716 5054 1922 5114 ludificantibus

236 5143 291 5196 tuis
310 5143 351 5194 od
369 5156 417 5194 eos
433 5139 510 5207 ierit,
530 5138 732 5208 poenitentium
753 5144 849 5206 ayant,
878 5136 968 5191 denuo
986 5136 1066 5191 audit
1091 5137 1181 5208 ipsum
1199 5137 1248 5205 iis,
1280 5137 1328 5210 qni
1346 5138 1508 5205 adstabant,
1541 5139 1751 5196 tremebundum
1771 5142 1921 5215 aufugisse.

237 5247 262 5284 v.
281 5234 329 5283 31:
349 5227 384 5281 Si
402 5229 522 5297 Moysen
543 5233 569 5279 et
583 5224 739 5294 propbetas
757 5242 811 5279 non
833 5223 960 5293 audiunt,
977 5240 1064 5294 neque
1091 5220 1185 5278 Tertio
1209 5240 1242 5278 ex
1265 5230 1390 5279 veterum
1412 5223 1612 5281 testificatione.
1660 5225 1849 5283 Tertullianus
1873 5231 1921 5288 lib.

237 5314 264 5367 ai
281 5314 343 5383 quis
361 5329 395 5367 es
413 5314 532 5367 mortuis
553 5310 752 5375 resurrexerit,
776 5310 897 5363 credent.
939 5313 963 5363 2.
983 5307 1064 5363 Tem·
1090 5309 1125 5363 de
1143 5309 1225 5364 anim.
1243 5327 1304 5381 cap.
1325 5317 1365 5368 b'l.
1385 5330 1412 5381 p.
1432 5317 1495 5367 296:
1519 5312 1603 5364 Nulli
1619 5314 1729 5368 animae
1748 5317 1859 5370 omnino
1880 5320 1921 5370 in·

237 5416 303 5468 pore
319 5398 446 5470 Gregorii
465 5400 574 5454 demum
586 5397 614 5452 in
633 5394 750 5452 ecelesia
767 5412 800 5450 ex
814 5394 968 5450 animarum
980 5411 1064 5466 appa·
1084 5397 1292 5466 ferospatere,
1313 5399 1383 5452 sotis
1395 5398 1536 5451 Dominus
1556 5399 1584 5450 r'n
1603 5399 1654 5452 illo
1673 5410 1834 5470 argumento
1848 5421 1920 5474 pau-

238 5484 384 5540 ritionibns
408 5484 600 5557 purgatorium
624 5479 755 5537 fabricari
774 5482 880 5552 eoepit,
907 5481 981 5552 quod
1005 5481 1065 5552 ipse
1087 5483 1168 5550 peris
1185 5483 1383 5552 requiescentis
1395 5491 1421 5536 et
1433 5482 1529 5536 divitis
1541 5483 1742 5553 ingemiscentis
1754 5504 1787 5542 es
1796 5506 1921 5558 persona

238 5568 403 5639 dissimulat,
420 5571 460 5625 sic
477 5571 551 5626 enim
566 5567 664 5624 scribit
686 5565 746 5622 libr.
764 5573 788 5622 1.
815 5567 917 5640 dialog.
937 5585 998 5639 cap.
1017 5573 1065 5624 lt:
1092 5566 1239 5621 Abrabam
1255 5569 1364 5637 111111,
1383 5584 1439 5621 non
1453 5583 1538 5636 posse
1559 5569 1685 5639 relegari
1701 5573 1921 5628 renuntiatorem
