4104 6014
607 226 659 283 DE
676 219 926 284 MORTUORUM
945 216 1271 287 RESURRECTIONE.
1733 240 1792 297 397

96 380 180 456 gruit,
199 381 290 441 Deum
307 383 434 440 uusnari
454 383 601 439 creationis
621 383 683 438 fine.
711 382 740 438 is
759 398 826 439 sero
843 380 929 435 homi·
956 381 1020 436 dam
1040 387 1105 437 sunt
1121 381 1275 452 primaria,
1300 379 1437 454 quaedam
1457 384 1637 453 emundaris,
1658 385 1796 455 quaedam

95 488 159 526 nem
191 471 317 527 condidit
347 471 383 526 ad
416 471 564 544 imaginem
596 488 675 527 suam
699 487 788 543 eoque
814 469 875 540 ipso
893 467 928 521 ad
956 466 1195 533 smaaxsuuamai,
1208 466 1588 540 quasdamemammmnm
1601 470 1739 543 quaedam
1750 488 1794 526 ne-

95 556 237 626 banitatis,
263 558 427 630 sapientiae,
444 559 572 629 justitiae
590 564 618 614 et
635 556 849 612 immortalitatis
868 571 930 625 par·
957 556 1085 610 auraria
1112 562 1138 608 et
1163 556 1335 633 apodictica,
1365 557 1502 627 quaedam
1524 557 1692 627 probabilia
1711 567 1738 611 et
1755 566 1794 612 ta·

96 642 288 713 tieipatiouem
319 648 348 698 ct
376 649 542 714 perpetuum
566 643 620 710 Dei
647 643 761 712 cultum,
793 642 931 712 adquam
957 641 1040 711 pica,
1066 641 1204 711 quaedam
1224 643 1428 711 confirmativa,
1451 643 1590 715 quaedam
1609 643 1795 712 illustrantia,

96 728 269 800 perpetuitas
289 729 363 786 vitae
388 745 422 784 ae
444 728 562 800 proinde
585 746 731 800 corporum
756 725 932 784 resuscitatio
959 733 989 781 ut
1009 743 1059 780 suo
1077 726 1139 781 loeo
1158 725 1317 797 apparebit.
1355 727 1399 781 De
1417 728 1599 784 fundamenta
1618 728 1702 801 hujus
1727 729 1792 783 arti·

98 813 254 884 requiritur.
291 815 325 869 In
346 814 450 886 postill.
479 815 576 872 eccles.
604 815 677 869 dam.
697 821 737 870 tt.
751 822 816 885 post
833 812 932 866 Trinit
959 812 1015 867 culi
1032 812 1121 882 primo
1148 812 1208 867 loco
1224 814 1365 885 agendum
1384 831 1444 871 esse
1465 815 1568 869 nemini
1588 814 1710 870 dubium.
1747 813 1796 869 Di·

98 899 196 955 deoem
238 900 429 970 fundamenta,
476 918 594 972 quorum
635 900 815 956 meditatione
862 897 930 953 fides
961 897 1048 952 ximus
1076 914 1155 967 vero,
1175 898 1244 953 illud
1271 915 1331 954 esse
1356 902 1570 970 omnipotentem
1603 901 1661 955 Dei
1693 899 1796 954 uolun-

98 991 194 1041 noatra
210 987 238 1041 in
258 987 311 1042 hoc
322 987 440 1042 articulo
458 986 614 1043 confimari
627 987 726 1058 possit,
744 985 931 1057 produximus,
960 983 1094 1052 laterali
1118 1001 1141 1041 e.
1165 990 1198 1039 ιιι
1216 985 1372 1040 distinctius
1395 985 1549 1058 loquamur,
1576 994 1604 1041 et
1620 988 1797 1057 voluntatem,

95 1077 194 1141 utpote
215 1079 238 1128 i.
273 1074 454 1128 Dominiaam
472 1075 716 1139 resurrectionem,
758 1077 773 1126 2
802 1078 929 1125 nostram
959 1077 987 1124 et
1013 1070 1240 1140 omnipotentiam
1269 1072 1329 1129 Dei.
1367 1071 1450 1128 Unde
1480 1072 1606 1129 Christus
1632 1072 1730 1130 Mattb.
1756 1079 1798 1141 22,

94 1159 306 1225 redemtionem,
327 1159 393 1230 quia
409 1159 536 1215 Christus
552 1178 608 1216 non
628 1159 716 1215 solum
735 1159 865 1224 animam,
884 1157 932 1211 sed
960 1173 983 1210 r.
1015 1161 1057 1211 ta.
1078 1155 1255 1213 Sadducaeos
1284 1159 1511 1214 resurrectionem
1544 1158 1635 1214 carnis
1664 1165 1799 1230 negantes

96 1244 181 1298 etiam
214 1261 316 1316 corpus
345 1251 468 1300 nostrum
499 1246 630 1315 redemit3
666 1251 690 1302 3,
722 1253 848 1298 nostram
868 1260 928 1297 crem
959 1248 1070 1299 revocat
1088 1243 1125 1297 ad
1144 1242 1305 1312 Scripturas
1323 1244 1405 1298 etad
1419 1244 1548 1300 virtutem
1569 1244 1632 1301 Dei.
1669 1246 1799 1310 Erratis,

98 1330 210 1386 Uiriato
228 1331 367 1399 namnam,
406 1331 473 1401 quia
496 1330 622 1387 Christus
639 1336 682 1386 eat
698 1335 785 1402 caput
798 1336 931 1396 nostrum,
959 1328 1058 1398 inquit,
1084 1330 1238 1384 uadentes
1264 1328 1413 1398 sripturas
1433 1348 1483 1384 nee
1501 1332 1630 1386 uirtutem
1649 1334 1717 1389 Dei.
1754 1331 1797 1386 Ex

97 1431 149 1470 nos
168 1433 262 1471 sumus
279 1415 354 1472 illius
371 1417 503 1487 membra,
521 1416 597 1488 quod
616 1432 682 1488 ergo
697 1417 725 1471 iu
742 1416 836 1486 capite
853 1430 930 1486 prae·
961 1414 1110 1485 Scripturis
1128 1414 1188 1468 vult
1201 1413 1272 1468 disci
1291 1415 1462 1471 voluntatem
1484 1416 1547 1486 Dei,
1570 1433 1634 1472 aum
1654 1434 1711 1489 qua
1734 1435 1798 1473 cou-

96 1501 189 1567 eessit,
219 1503 248 1557 in
282 1502 411 1558 membris
443 1510 589 1574 sequetur3
621 1512 645 1560 t.
676 1511 820 1558 aeternam
852 1503 934 1571 rapui
956 1500 1102 1571 iungenda
1120 1499 1157 1554 sit
1185 1500 1238 1556 Dei
1261 1500 1350 1556 virtus
1378 1501 1437 1555 sive
1462 1503 1671 1574 omnipotentia.
1710 1503 1797 1560 Resu-

99 1588 209 1643 Christi
242 1591 428 1655 durationem,
465 1588 591 1645 Christus
628 1596 671 1645 est
710 1605 757 1643 rex
793 1592 931 1653 aeternus,
959 1586 1067 1641 scitatio
1097 1591 1267 1641 mortuorum
1296 1592 1338 1642 eat
1363 1588 1511 1658 peculiaris
1545 1590 1682 1660 quaedam
1711 1590 1797 1645 solius

98 1674 196 1746 utique
216 1691 283 1747 ergo
311 1675 415 1730 subditi
443 1676 504 1747 ejus
534 1693 591 1731 non
613 1675 767 1731 manebunt
783 1674 813 1728 in
831 1677 932 1741 morte,
961 1674 1018 1729 reri
1052 1673 1106 1728 Dei
1136 1675 1228 1742 actio,
1255 1676 1315 1744 jam
1345 1691 1410 1731 vero
1430 1678 1567 1747 cujusque
1593 1677 1710 1732 actionis
1740 1677 1797 1732 duo

99 1767 125 1817 5.
164 1770 289 1816 nostram
309 1764 566 1829 sanctiteatianem,
586 1778 702 1833 corpora
719 1766 815 1816 nostra
834 1760 863 1813 in
881 1759 934 1813 hac
960 1765 1025 1815 aaut
1038 1759 1175 1831 principia
1192 1765 1222 1815 et
1240 1762 1404 1828 necessaria,
1423 1768 1451 1816 et
1474 1761 1652 1832 sufficientia,
1669 1764 1798 1818 noluntas

98 1847 158 1902 vita
174 1855 240 1902 aunt
257 1848 362 1919 templa
381 1848 501 1920 Spiritus
519 1849 618 1919 sancti,
636 1864 702 1920 ergo
724 1864 779 1903 non
799 1850 934 1916 perpetuo
961 1865 996 1902 se.
1017 1854 1043 1900 at
1057 1846 1187 1909 facultas.
1225 1845 1302 1918 Ergo
1318 1847 1401 1904 etiam
1421 1848 1449 1901 in
1468 1848 1521 1904 hoo
1547 1866 1629 1920 opere
1651 1851 1798 1906 resuscita·

99 1933 244 2004 quiescent
262 1934 291 1987 in
310 1935 439 2004 pulvere3
458 1940 480 1990 ιι.
500 1952 601 1989 sacrae
615 1934 802 1988 nuclearistiae
815 1947 934 2001 unapa-
961 1930 1044 1986 tionis
1056 1931 1092 1985 ad
1106 1932 1159 1988 Dei
1173 1932 1343 1988 voluntatem
1362 1938 1390 1988 et
1406 1932 1569 1989 facultatem
1585 1936 1797 2013 respiciendum.

99 2019 210 2084 tionem,
231 2020 335 2090 inqua
353 2019 462 2075 vivifico
486 2019 589 2075 Christi
608 2034 722 2090 corpore
744 2025 774 2074 et
800 2017 935 2088 sanguine
962 2017 1254 2088 Distinguitnrautem
1272 2018 1391 2073 docendi
1402 2036 1487 2074 causa
1505 2020 1560 2076 Dei
1578 2021 1706 2078 voluntas
1721 2040 1798 2094 apo-

99 2104 137 2159 ad
157 2103 321 2179 «lotapatae
347 2106 499 2176 pascimur3
522 2112 547 2160 t.
566 2107 694 2175 justitiae
713 2104 827 2159 diuinae
846 2104 935 2158 ratio·
964 2103 1059 2173 tentia,
1077 2120 1133 2159 nou
1152 2104 1273 2175 quadiu
1289 2105 1350 2161 Deo
1371 2105 1431 2176 ipso
1449 2104 1563 2161 realiter
1582 2106 1638 2161 sint
1661 2108 1799 2175 distincta,
1834 2156 1839 2161 .

98 2208 171 2256 nam,
199 2206 271 2262 qnae
288 2191 414 2262 requirit,
441 2198 482 2259 ut,
512 2193 578 2264 quia
596 2208 696 2262 corpus
714 2198 743 2246 et
759 2191 853 2246 anima
871 2206 935 2245 cou-
963 2189 1012 2245 sed
1025 2190 1133 2245 ratione
1147 2189 1545 2263 objectorumeteffeetorum,
1558 2210 1613 2248 nou
1630 2193 1800 2265 quodlatius
1892 2208 1895 2215 '

95 2276 198 2347 juncta
212 2275 326 2332 fuerunt
348 2277 379 2332 in
397 2278 565 2348 operatione,
594 2278 691 2332 eadem
711 2278 795 2331 etiam
822 2277 936 2346 coujun·
964 2283 1058 2346 pateat
1089 2275 1217 2331 voluntas
1248 2292 1332 2346 quam
1350 2275 1477 2342 facultas,
1500 2279 1580 2349 quasi
1596 2278 1675 2335 Deus
1693 2279 1800 2352 aliquid

100 2366 203 2432 gantur
230 2363 260 2417 in
289 2363 475 2435 praemiorum
503 2380 536 2417 ac
566 2379 721 2434 poenarum
739 2359 935 2431 retributione3
964 2363 1039 2432 velit,
1057 2363 1133 2434 quod
1149 2379 1205 2417 nou
1229 2363 1325 2432 possit,
1348 2361 1398 2417 sed
1421 2363 1488 2435 quia
1505 2363 1581 2419 Deua
1604 2366 1685 2436 plura
1709 2372 1801 2438 potest

100 2453 126 2504 8.
164 2449 301 2503 dantum
334 2466 367 2503 aa
404 2450 505 2517 Mopse
532 2449 728 2520 probationem
759 2448 889 2503 traditam
921 2465 938 2500 a
964 2455 1106 2520 praestare
1135 2464 1219 2520 quam
1241 2449 1309 2518 vult,
1335 2466 1368 2503 ae
1396 2449 1515 2520 proinde
1541 2467 1575 2505 ex
1598 2453 1725 2523 potentia
1746 2451 1801 2508 Dei

100 2533 211 2590 Christo
232 2534 330 2590 Mattb.
360 2541 408 2601 223
445 2541 471 2593 a.
490 2536 679 2605 exemplorum
707 2536 937 2602 declarationem,
964 2537 1090 2592 absolute
1104 2541 1132 2591 et
1144 2535 1307 2609 simpliciter
1317 2555 1374 2593 non
1388 2546 1484 2608 posset
1501 2537 1614 2610 probari
1628 2539 1800 2608 resurrectio,

103 2621 171 2693 quia
199 2628 228 2678 et
253 2622 283 2676 ia
311 2621 347 2678 V.
372 2627 402 2676 et
419 2620 447 2674 in
467 2621 502 2676 N.
520 2621 554 2679 T.
572 2621 687 2692 quidam
711 2621 844 2694 leguntur
863 2638 938 2677 reeu-
964 2623 1019 2678 nisi
1044 2623 1079 2678 de
1106 2622 1250 2679 voluntate
1277 2622 1330 2678 Dei
1359 2641 1393 2681 ex
1411 2625 1496 2682 verbo
1515 2625 1638 2681 revelata
1653 2632 1800 2683 constaret.

102 2710 195 2765 scitsti
227 2710 257 2764 in
288 2708 399 2764 futurae
429 2708 593 2765 universalis
623 2710 832 2766 resurrectionis
859 2724 938 2780 prae·
965 2710 1068 2766 Contra
1086 2726 1152 2765 aero
1171 2709 1361 2766 demonstrata
1380 2711 1434 2766 Dei
1453 2712 1596 2768 voluntate
1619 2713 1713 2768 statim
1733 2729 1800 2784 quo·

102 2796 225 2866 ludium;
273 2800 313 2851 10.
333 2804 455 2850 naturae
469 2797 748 2866 praefiparatiaaem.
777 2795 937 2853 Notandum
966 2813 1021 2868 que
1045 2796 1233 2852 demonstrata
1252 2798 1543 2854 estresurrectio.1n
1562 2799 1719 2854 actionibus
1738 2800 1800 2871 qui·

108 2899 173 2938 vero
192 2883 227 2938 de
238 2883 315 2939 hisce
326 2881 525 2950 fundamentis,
546 2889 569 2938 1.
584 2882 639 2937 illie
659 2883 787 2938 omnibns
807 2883 940 2937 immotae
967 2883 1030 2938 dem
1055 2883 1182 2938 humanis
1210 2884 1302 2955 posita
1327 2883 1469 2939 voluntate
1495 2902 1551 2939 non
1571 2885 1666 2939 statim
1688 2887 1802 2957 ponitur

104 2970 203 3026 baseos
231 2971 319 3024 instar
348 2969 553 3026 substernenda
580 2985 641 3025 esse
668 2969 817 3040 perspicua
845 2968 880 3025 V.
913 2976 942 3023 et
967 2970 1049 3037 actio,
1058 2970 1189 3042 quianon
1201 2970 1302 3041 amnia,
1316 2987 1389 3041 qnae
1404 2969 1528 3025 homines
1540 2971 1645 3040 volunt,
1661 2978 1803 3042 praestare

104 3055 139 3114 ll.
166 3056 213 3111 T.
228 3055 350 3124 oracula,
380 3072 452 3126 quae
480 3054 707 3111 resurrectionem
725 3061 801 3110 certo
820 3054 940 3110 futuram
967 3056 1061 3111 stetim
1085 3061 1201 3128 possunt
1219 3068 1333 3129 propter
1360 3055 1460 3111 virium
1484 3055 1658 3127 ἀδυναμίαν,
1691 3057 1741 3113 sed
1766 3058 1796 3113 in

102 3157 164 3198 ease
193 3148 339 3211 testantur,
374 3142 446 3197 sient
475 3141 579 3197 ibidem
606 3141 658 3196 sub
687 3140 771 3197 finem
800 3147 941 3208 monetam
968 3143 1124 3199 actionibus
1143 3143 1243 3198 divinis
1269 3160 1313 3198 res
1339 3143 1419 3197 aliter
1443 3143 1590 3212 sehabet,
1615 3148 1709 3215 posita
1727 3144 1801 3200 enim

104 3233 129 3286 2.
147 3245 203 3285 non
221 3245 282 3285 erse
296 3228 418 3284 omnium
436 3227 551 3282 istorum
564 3227 808 3284 fundamentorum
825 3230 940 3286 eandm
967 3230 1110 3286 voluntate
1127 3231 1222 3285 statim
1239 3229 1352 3301 ponitur
1370 3229 1454 3295 aetio,
1476 3228 1542 3300 quia
1568 3235 1611 3284 est
1628 3229 1802 3301 omnipotens

103 3315 254 3385 rationem,
287 3316 424 3387 quaedam
444 3315 518 3369 enim
537 3321 603 3370 sunt
619 3316 772 3386 primaria,
803 3317 941 3386 quaedam
968 3316 1096 3372 voluntas
1123 3315 1225 3373 Psalm.
1262 3322 1319 3381 115,
1339 3332 1409 3372 vers.
1430 3320 1464 3371 ³:
1483 3316 1626 3371 Dominus
1654 3323 1749 3371 noster
1772 3317 1802 3371 in

103 3404 242 3458 ducunt
264 3403 452 3471 secundaria,·
482 3401 620 3472 quaedam
644 3402 737 3472 potins
762 3403 940 3459 illustrantia
968 3404 1055 3467 eaelo,
1081 3418 1260 3472 quaecunque
1282 3402 1379 3471 ualuit,
1398 3402 1481 3470 feeit.
1517 3402 1599 3468 Quod
1622 3402 1645 3456 si
1671 3419 1738 3474 ergo
1755 3402 1802 3458 de-

105 3509 191 3563 qaam
224 3489 436 3558 confirmantia,
466 3487 548 3542 videl.
580 3493 696 3544 naturae
733 3489 940 3562 praefiguratio,
967 3487 1223 3552 monstraverimus,
1249 3487 1340 3542 Deum
1358 3486 1438 3554 velle,
1456 3493 1488 3542 ut
1503 3492 1579 3542 certo
1599 3493 1627 3544 et
1649 3488 1799 3544 constituto

102 3593 178 3650 qaae
195 3575 311 3647 proinde
325 3575 354 3630 in
371 3575 500 3630 nlumnm
516 3574 609 3630 locam
626 3574 681 3630 l'uit
699 3575 816 3647 rejecta3
833 3581 857 3635 3,
878 3577 939 3632 fun·
968 3581 1091 3644 tempore
1116 3573 1240 3629 homines
1257 3578 1411 3644 resurgant,
1436 3588 1470 3628 eo
1485 3572 1546 3642 ipso
1566 3589 1678 3644 quoque
1699 3574 1800 3630 funda·

102 3664 237 3719 &menta
260 3662 311 3717 illa
329 3662 504 3733 potissimum
526 3662 563 3717 ad
586 3661 694 3732 piorum
713 3665 940 3721 resurrectionem
968 3666 1090 3716 mentum
1107 3659 1251 3713 immotum
1270 3675 1303 3713 ac
1317 3674 1428 3728 prorsus
1445 3658 1577 3727 intensor
1596 3660 1803 3716 resurrectionis

103 3750 347 3809 demonstrandam
372 3755 532 3820 comparata
557 3766 626 3814 ease,
654 3749 703 3806 illa
730 3751 804 3806 enim
821 3751 881 3807 sola
899 3757 941 3807 eat
967 3753 1077 3802 nocuae
1101 3745 1319 3801 demonstratum
1342 3745 1402 3810 erit,
1421 3748 1478 3801 atat
1494 3743 1550 3818 γὰρ
1576 3743 1591 3799 ὁ
1613 3746 1677 3806 θεὸς
1702 3751 1734 3823 τῇ
1756 3754 1803 3802 de·
1899 3772 1902 3777 >

103 3839 190 3896 beata
207 3838 244 3892 sd
262 3837 348 3891 vitam
368 3841 397 3890 at
414 3835 531 3906 gloriam
547 3837 726 3907 tannecum
745 3836 855 3892 interim
874 3837 941 3909 quia
967 3830 1042 3902 λήσει
1061 3829 1221 3906 σύνδρομον
1242 3833 1297 3902 ἔχει
1316 3827 1439 3904 δύναμιν
1465 3835 1511 3886 eal
1530 3828 1630 3896 πάνια,
1651 3832 1704 3888 ὅσα
1722 3838 1804 3903 θέλει,

104 3942 170 3982 cum
193 3922 394 3979 resurrectione
411 3923 520 3993 piorum
547 3921 685 3978 indivulso
698 3940 771 3980 nexu
791 3927 940 3995 conjuncta
967 3916 1092 3985 δύναται,
1109 3924 1142 3973 nt
1158 3935 1193 3973 ex
1205 3917 1320 3973 Graecis
1333 3917 1461 3989 patribus
1474 3917 1598 3989 loquitur
1609 3918 1802 3975 Damascenua

103 4014 158 4069 erit
176 4009 340 4067 resurreetio
365 4007 449 4063 etiam
488 4007 644 4079 impiorum,
672 4009 736 4067 ideo
752 4011 941 4067 demonstrata
967 4006 1038 4063 libro
1056 4005 1145 4077 primo
1165 4004 1201 4059 de
1219 4003 1289 4061 arth.
1307 4003 1356 4059 fid.
1375 4003 1467 4075 eapite
1484 4004 1591 4061 ultimo.

102 4096 304 4154 commestione
324 4095 433 4165 piorum
456 4093 541 4149 etiam
559 4094 747 4152 demonstrata
771 4105 815 4152 est
832 4097 940 4153 unirer·
1002 4097 1026 4150 8.
1061 4090 1189 4146 Ceterum
1215 4090 1251 4146 de
1275 4090 1418 4144 aamntate
1436 4089 1492 4145 Dei
1519 4107 1575 4146 uon
1594 4092 1648 4146 nisi
1666 4108 1700 4147 ex
1717 4091 1802 4148 verbo
1816 4111 1884 4151 atsto
1888 4109 1948 4150 aaa

103 4184 172 4241 salis
189 4182 311 4240 omnium
335 4179 477 4236 bominum
495 4180 675 4252 msumeetio,
711 4189 736 4239 l.
757 4184 939 4240 enumeratio·
967 4180 1089 4237 revelato
1119 4182 1246 4231 censure
1272 4175 1353 4230 nobis
1379 4176 1532 4247 quidquam
1554 4183 1655 4247 potest
1682 4177 1802 4250 Conqui·
1816 4162 1938 4255 ξξξξζ,“

103 4287 169 4327 nem
185 4270 262 4325 illam
286 4267 528 4323 fundamentorum
546 4269 663 4340 proponi
680 4267 709 4323 in
731 4269 835 4341 scripto
854 4271 942 4326 homi·
968 4267 1054 4321 reuda
1082 4264 1170 4336 igitur
1196 4270 1226 4318 et
1250 4262 1401 4333 diligenter
1426 4263 1612 4333 expendenda
1640 4269 1705 4320 sunt
1724 4265 1802 4322 verbi
1815 4263 1959 4360 evigflglgff

103 4357 197 4424 letieo,
224 4355 343 4426 ideoque
373 4354 473 4408 mirum
506 4371 563 4410 non
595 4353 697 4410 debere
726 4355 822 4421 rideri,
856 4356 879 4411 ai
898 4360 942 4413 vel
968 4354 1056 4410 divini
1085 4352 1198 4407 oracula
1224 4350 1259 4406 de
1286 4350 1486 4406 resumectione
1512 4357 1684 4408 monueram
1704 4369 1801 4426 apro
1814 4366 1918 4420 morast.
1926 4368 1984 4411 usn.

104 4441 225 4497 maxime
246 4439 372 4511 exemplo
389 4444 514 4495 aeterum
526 4440 661 4496 ecelesiae
680 4439 844 4527 scriptorum
860 4461 942 4515 argu·
970 4440 1060 4512 phatir
1080 4444 1108 4495 et
1125 4437 1258 4509 apostolis
1276 4436 1359 4502 edita,
1379 4453 1452 4508 quae
1468 4437 1498 4492 in
1518 4437 1587 4494 dass
1609 4439 1711 4496 classes
1729 4458 1803 4497 com
1815 4423 1865 4469 ⁸''
1867 4419 1918 4461 '¹¹²

105 4534 201 4587 menta
227 4526 384 4583 neeemaria
408 4531 437 4581 et
462 4526 618 4598 apodictica
652 4544 715 4583 cum
751 4529 943 4599 probabilibus
970 4527 1051 4582 mode
1085 4525 1304 4596 distinguuntur,
1332 4524 1495 4581 videlicet·
1487 4542 1517 4579 ιιι
1546 4526 1681 4583 vaticinia
1707 4528 1742 4585 V.
1770 4544 1805 4583 ae

105 4619 322 4689 conjungantur,
344 4614 490 4670 ueletiam
507 4614 689 4671 ftmdamenta
710 4616 846 4685 quaedam
865 4634 943 4688 prae-
970 4615 1006 4672 N.
1027 4611 1059 4669 T.
1095 4610 1253 4680 (Galaticus
1276 4609 1348 4665 libro
1363 4610 1528 4668 duodecimo
1549 4612 1696 4670 demean
1714 4615 1807 4684 capite

106 4703 304 4759 termittautur.
970 4698 1093 4755 seeundo
1120 4697 1235 4752 adducit
1262 4696 1368 4753 dictum
1397 4698 1469 4754 Rab.
1496 4697 1597 4755 Simul:
1635 4702 1700 4756 Noa
1717 4708 1808 4755 enatat

144 4797 168 4848 7.
205 4788 246 4846 Ut
264 4793 357 4844 autem
390 4787 520 4842 tractatio
538 4786 576 4841 sit
603 4788 758 4844 accuratior
775 4793 804 4843 et
826 4805 870 4844 res
884 4793 944 4846 tota
971 4787 1089 4856 aliquod
1126 4783 1282 4854 capitulum
1317 4783 1491 4853 Scripturae,
1524 4786 1554 4839 in
1588 4803 1643 4857 praa
1670 4805 1727 4841 non
1755 4787 1808 4850 fiat

10 4832 95 4946 [ἆζοι
107 4875 159 4932 dat
174 4874 314 4940 illiutrior,
334 4873 562 4945 distinguendam
582 4873 772 4929 essedicimas
787 4874 860 4929 inter
877 4878 943 4941 san·
971 4874 1072 4928 mentio
1103 4874 1139 4926 de
1166 4871 1372 4925 resurreetione
1402 4879 1592 4942 mammarum,
1622 4873 1736 4926 tametsi
1765 4872 1808 4926 ais

10 4960 78 4998 ’Μ
108 4964 279 5031 damnatum,
295 4959 423 5015 callides
440 4959 649 5015 resurrectionis
667 4958 783 5015 fimiter
805 4961 945 5033 innititur,
970 4967 1069 5016 nostra
1087 4975 1144 5012 non
1159 4957 1250 5027 posset
1262 4957 1339 5010 illud
1347 4965 1509 5028 penetrare,
1525 4974 1589 5013 cum
1609 4974 1665 5030 quo
1680 4957 1809 5030 congruit

10 5059 66 5101 ars
108 5055 138 5104 et
174 5052 348 5118 ornamenta,
384 5044 486 5144 quibua
519 5043 617 5100 eadem
650 5044 720 5100 fides
757 5046 944 5107 confirmatur.
970 5046 1040 5103 illud
1057 5043 1194 5100 Ruffini'
1187 5061 1217 5098 m
1242 5061 1334 5115 expos.
1356 5043 1477 5114 symboli
1494 5060 1558 5116 pag
1576 5049 1639 5101 ³86:
1677 5045 1755 5099 De
1741 5062 1807 5114 apsa

107 5134 347 5199 Fundamentum,
367 5132 412 5187 cui
428 5130 498 5186 fides
515 5130 635 5185 nosue
627 5131 724 5186 mbae
737 5132 881 5188 articulo
873 5136 943 5190 mni·
970 5131 1184 5188 ressurectionis
1206 5131 1303 5201 plania
1324 5138 1350 5185 at
1373 5133 1410 5185 de
1429 5131 1678 5201 repromissionum
1700 5130 1808 5201 mapal-

103 5219 183 5286 titur,
202 5224 245 5274 eet
261 5218 383 5287 unicum,
404 5215 486 5271 videl
501 5216 680 5287 ¹omnipotens
701 5217 756 5272 Dei
772 5220 922 5276 voluntas
914 5239 944 5276 ra
970 5223 1066 5276 tudine
1085 5236 1111 5273 aa
1107 5219 1310 5289 qus'spleniua
1327 5221 1401 5275 saara
1418 5222 1574 5282 desidem,
1593 5220 1719 5276 omnibus
1732 5236 1808 5289 pene

104 5305 194 5362 verbo
213 5303 376 5377 prophetico
390 5309 419 5358 st
437 5302 588 5374 apostolico
605 5303 736 5360 revelata.
766 5307 942 5375 Arpumenta
969 5307 1074 5361 <licinia
1117 5307 1302 5361 uoluminibus
1346 5307 1467 5362 inveniet
1518 5306 1663 5375 indicari.)
1722 5305 1806 5362 Dicta
1819 5321 1901 5366 xv111.
1913 5319 1961 5364 tat.

103 5406 186 5463 vero,
216 5390 319 5462 quibus
342 5389 411 5445 tides
436 5387 643 5444 resurrectionis
661 5389 848 5462 confirmatur,
877 5401 942 5449 eunt
967 5392 1078 5449 Veteris
1093 5393 1265 5448 Testamenti
1283 5394 1407 5465 petenda
1425 5398 1490 5449 sunt
1508 5398 1533 5449 1.
1552 5408 1585 5447 ea
1599 5395 1708 5463 Mopse,
1727 5399 1751 5451 t.
1773 5410 1806 5449 aa

100 5478 247 5553 complura
270 5476 427 5549 etquidem
464 5473 647 5534 diversimode
666 5485 835 5550 comparata,
857 5495 940 5550 quse
967 5481 1051 5551 Jabo,
1069 5484 1096 5539 3.
1115 5496 1148 5536 aa
1160 5480 1297 5551 psalmis,
1315 5485 1340 5538 t.
1365 5498 1398 5536 en
1412 5481 1570 5552 prophetis.
1607 5480 1643 5536 In
1661 5480 1763 5552 Moyse
1781 5484 1805 5538 1.
