4104 6014
813 242 865 300 DE
885 244 1023 300 MORTE.
1709 257 1764 315 161

62 396 129 453 mel.
149 396 287 454 hierarch.
308 415 369 470 cap.
395 406 410 454 't
421 418 427 452 ι
453 401 565 454 Norunt
585 400 654 470 (pii),
673 417 701 453 re
720 407 790 454 teter
805 409 918 491 perce-p
932 407 1047 453 ectcrna
1064 398 1159 466 pieria
1176 400 1247 462 frui.
1267 398 1360 455 homil.
1383 405 1407 457 3.
1427 401 1463 455 ed
1482 401 1600 473 Philip:
1621 403 1649 456 oi
1663 403 1766 458 dinami

58 492 163 554 pluerat
189 486 397 540 waetireimam
424 487 466 539 ad
492 485 599 538 Cirrieti
624 487 744 555 epeciem
772 486 902 555 requiem,
929 480 992 538 dore
1015 487 1151 549 torcian,
1176 483 1240 540 dure
1264 488 1320 540 lati
1335 484 1404 560 perci
1422 490 1470 541 τοῦ
1489 492 1623 557 βασιλέως
1636 493 1697 543 εἰσί·
1718 510 1765 542 ra·

63 588 126 625 eum
150 573 193 626 ad
211 574 294 637 finem
314 573 479 642 praesentio
502 573 576 626 uitae
597 574 791 642 pervenerint,
817 572 902 624 uiam·
929 577 973 624 κεῖ
988 573 1098 644 μᾶλλον
1118 577 1161 625 καὶ
1183 571 1348 642 iyycirrpor,
1375 572 1408 626 οὐ
1432 573 1467 626 δι’
1484 574 1648 648 εἰσόπτρου,
1666 572 1699 629 oi
1718 576 1763 628 sliri

61 673 115 726 qao
136 660 180 712 ad
203 659 444 713 immortalitatem
466 677 546 712 ruam
571 675 585 712 e
607 660 699 711 ricino
712 660 779 727 jam
797 659 903 711 clarino
929 663 1059 720 πίστεως,
1092 656 1161 710 ἀλλὰ
1192 658 1343 726 πρόσωπον
1376 659 1444 725 πρὸς
1478 656 1637 729 πρόσωπον.
1686 661 1764 715 Idem

61 743 201 799 mmmm
236 743 396 798 divinitatio
438 744 560 797 laudant
598 761 715 797 munera
751 741 1022 819 diuinaquezhomil.
1050 749 1087 799 lt.
1109 743 1138 797 in
1156 743 1235 814 epist.
1256 744 1385 799 Roman:
1418 746 1501 798 More
1527 748 1618 815 inopie
1646 749 1688 799 ad
1705 765 1766 800 eum

61 828 177 882 laetitia
207 831 336 897 pertiuni.
377 828 449 884 lbid.
479 829 570 882 einum
595 829 739 896 Abrahae,
771 829 798 882 in
821 826 1056 908 quemleirorurn,
1085 830 1134 897 qui
1163 827 1428 897 cenomanen,
1458 832 1595 899 conjunpi
1616 832 1766 901 ploriuque

60 914 103 983 pii
121 920 187 986 port
212 922 327 970 mortem
354 914 537 988 colliguntur,
564 915 604 968 ric
632 912 776 969 describit:
806 912 901 967 rilem
931 913 985 966 iila
997 914 1092 981 potiri
1107 915 1189 977 facit,
1210 912 1305 969 homil.
1323 920 1364 971 61.
1382 916 1410 968 in
1429 915 1547 983 doben:
1576 920 1675 971 Honor
1693 937 1765 972 mor·

60 1000 98 1053 δέ
116 1004 202 1064 εἰσιν,
232 1001 267 1062 ὡς
286 1001 380 1075 oipnr,
410 1002 466 1054 mir
491 1005 639 1074 μακαρίων
663 1003 841 1073 πατρεαρχῶν
857 1005 902 1055 rui
930 1009 976 1055 tuo
997 1014 1051 1054 nen
1062 1000 1146 1067 fletae
1166 1008 1214 1063 eet,
1234 1018 1290 1053 non
1308 1001 1445 1069 ejulatur,
1464 1005 1516 1055 red
1532 1004 1628 1071 hymni
1643 1012 1669 1055 et
1683 1005 1760 1073 pual-

61 1086 120 1139 τῶν
138 1090 242 1141 iornoir
262 1084 350 1156 ἁγίων
368 1082 501 1140 indatur
520 1088 550 1138 nl
568 1084 706 1138 trainam
724 1090 769 1138 rai
784 1083 903 1159 parim·
930 1087 970 1138 mi
987 1094 1013 1139 et
1031 1088 1088 1140 rita
1106 1087 1219 1155 optima.
1260 1087 1318 1139 Ille
1347 1089 1467 1141 moriana
1492 1106 1553 1141 cum
1576 1091 1685 1157 anpelie
1704 1108 1763 1144 ero·

61 1186 125 1224 orae
144 1169 248 1240 λήξεις,
275 1174 305 1226 al
333 1169 396 1231 τοὺς
418 1171 554 1232 θεοειδεῖς
574 1168 779 1244 ὑποδεχόμεναι
798 1170 904 1231 πάντας
929 1173 1008 1240 labit,
1028 1172 1139 1224 ctiamei
1156 1189 1235 1225 nemo
1255 1173 1569 1241 caoequiirinteraeniat
1585 1181 1637 1229 etc.
1665 1175 1763 1230 Hiero-

61 1260 104 1316 εἰς
121 1254 171 1322 tir
191 1257 222 1311 ir
240 1257 334 1316 αὐτοῖς
350 1256 445 1328 ἀγήρω
464 1262 509 1310 aa>
522 1257 736 1332 μακαριωτάτην
752 1261 901 1312 τελείωσιν.
929 1275 1030 1328 nymuu
1057 1258 1091 1312 ad
1114 1257 1247 1312 Euetuch.
1276 1258 1355 1328 epist.
1375 1262 1415 1313 27.
1447 1259 1475 1312 in
1503 1259 1624 1329 epitaph.
1645 1260 1761 1316 Paulae:

60 1341 193 1398 omanus
211 1342 240 1397 in
260 1349 350 1412 quea.
368 1351 396 1398 et
414 1359 485 1413 resp.
510 1344 546 1396 ed
567 1342 673 1398 orthod.
693 1360 719 1414 q.
734 1350 774 1398 75.
792 1361 820 1413 p.
840 1347 902 1398 ³39:
933 1345 1054 1396 ‹lmieeio
1084 1344 1165 1397 illiue
1202 1343 1330 1397 coclcrtie
1358 1344 1456 1396 domne
1482 1345 1617 1400 habitatio
1644 1356 1683 1400 eet
1710 1352 1763 1401 etc.

60 1428 137 1481 Pori
165 1428 267 1480 exitum
297 1430 457 1482 animarum
490 1446 505 1481 e
536 1446 652 1498 corpore
682 1427 768 1489 εὐθὺς
800 1435 901 1500 γίνεται
929 1430 1002 1482 inter
1020 1430 1130 1482 dolorie
1150 1430 1277 1491 amilcar,
1300 1446 1369 1497 quoe
1388 1430 1463 1482 mira
1486 1432 1626 1499 patientia
1646 1433 1762 1485 euetine·

61 1509 214 1581 διαστολή,
244 1513 339 1567 atatim
353 1514 428 1582 justi
447 1514 483 1566 ab
501 1513 615 1581 injuetir
632 1522 828 1583 reprepentnr,
855 1514 901 1565 ab·
930 1515 982 1581 bat,
1002 1517 1085 1585 pueri
1095 1524 1208 1586 apertae
1224 1516 1280 1568 eibi
1295 1516 1387 1570 codor
1399 1517 1568 1586 adspiceret,
1580 1519 1763 1586 loquebatur:

61 1598 208 1652 ducuntur
233 1598 307 1651 enim
334 1598 371 1650 ab
398 1599 507 1665 onpelie
533 1600 575 1651 od
598 1602 739 1668 condipna
757 1600 813 1653 eibi
830 1599 902 1652 loca.
932 1601 998 1664 Quin
1017 1603 1095 1655 dabit
1115 1603 1396 1671 mr'lripennaeeicut
1416 1604 1608 1669 reluminare
1626 1605 1764 1657 rolahoet

63 1687 107 1737 Ac
134 1685 277 1752 justorum
302 1685 415 1753 quidem
448 1686 561 1738 animae
585 1686 615 1737 in
641 1687 826 1755 paradeum,
856 1685 905 1737 nbi
931 1687 1125 1756 requiescam?
1154 1688 1237 1741 Nunc
1255 1689 1309 1741 illa
1327 1688 1436 1741 diritiie
1453 1690 1564 1751 fruitur
1583 1697 1608 1742 et
1626 1691 1661 1742 iie
1677 1691 1763 1759 ionia

63 1770 266 1824 consuetudine
296 1778 324 1824 et
353 1773 488 1840 adaperta
511 1774 650 1836 fruuntur
682 1771 846 1840 unpelorurn
878 1782 902 1823 et
930 1790 1000 1841 qaae
1024 1791 1073 1826 nec
1095 1774 1192 1827 oculere
1216 1774 1302 1836 uidit,
1330 1790 1380 1826 nec
1404 1775 1485 1826 aurio
1511 1776 1633 1844 audiuit,
1659 1794 1708 1829 nec
1733 1778 1763 1829 in

63 1856 317 1925 erchanpelorum‚
338 1872 394 1924 per
416 1856 551 1911 rieionem
575 1865 668 1910 autem
685 1866 711 1910 et
729 1858 820 1928 ipsine
839 1856 902 1910 Sal·
930 1876 978 1911 cor
1000 1860 1118 1913 hominio
1142 1861 1357 1913 adscenderunt.
1398 1858 1531 1912 Inridere
1562 1862 1622 1928 eiua
1653 1864 1762 1930 pieriae

66 1942 179 1996 notorie
199 1940 307 1995 Geren
328 1959 386 2010 pro
410 1958 442 1995 eo
469 1950 552 2011 atque
577 1943 683 1995 dictum
708 1951 760 2006 cet,
782 1960 902 2012 perepre
929 1945 1097 2013 videbimur,
1127 1945 1155 1997 ei
1180 1945 1350 1997 vetuerimne
1378 1945 1485 1997 diutine
1499 1946 1572 2012 flere
1592 1956 1762 2015 repnentem.

64 2028 198 2082 mmmm
228 2046 247 2081 a
280 2045 399 2098 corpore
423 2037 449 2082 et
471 2037 635 2097 praesentes
661 2031 795 2082 amamur
821 2031 901 2097 apud
931 2029 1092 2084 Ambrosius
1111 2028 1156 2084 lib.
1175 2029 1210 2083 de
1228 2028 1301 2083 beno
1323 2028 1419 2099 mortio
1436 2046 1496 2100 cap.
1515 2037 1544 2085 4:
1570 2031 1762 2096 omnifariam

63 2114 228 2168 Dominum.
278 2112 435 2184 Cyprianus
465 2120 562 2168 contre
595 2114 765 2170 Demetrien.
798 2115 826 2168 in
853 2113 899 2168 fin.
929 2117 1014 2183 ipitnr
1034 2133 1108 2169 mere
1127 2123 1168 2167 ent
1188 2115 1286 2167 beurim
1298 2123 1324 2168 et
1338 2116 1405 2184 quio
1419 2119 1635 2185 eompnpnnntio
1650 2120 1760 2186 diuidit,

63 2217 93 2271 p.
114 2205 178 2255 1⁵1:
211 2200 254 2254 Tu
270 2201 321 2254 rub
341 2202 404 2270 r'peo
422 2202 488 2254 iicet
505 2203 580 2254 exitu
598 2210 623 2255 et
641 2203 715 2254 ritae
736 2202 900 2272 temporalia
929 2218 960 2254 ne
979 2219 1008 2254 ee
1027 2201 1143 2255 inuicem
1170 2201 1344 2270 impupnent‚
1377 2208 1402 2253 et
1430 2203 1498 2270 quia
1522 2210 1625 2270 portur
1646 2205 1760 2271 quidam

63 2302 167 2341 oeeaeu
181 2304 238 2356 pro
251 2287 362 2340 delictis
376 2304 459 2356 ropee
471 2295 497 2341 et
511 2289 612 2356 Deum,
631 2288 680 2357 qui
692 2306 763 2340 unua
777 2296 802 2340 et
819 2305 901 2340 iterur
927 2293 966 2340 cet
984 2301 1085 2353 eorum,
1107 2286 1157 2354 qui
1173 2304 1273 2353 mapno
1291 2286 1365 2339 uitae
1384 2286 1466 2338 ietiue
1480 2287 1590 2354 jactati
1602 2288 1665 2341 eale
1681 2290 1760 2357 fidae

61 2381 117 2440 eet,
147 2372 324 2438 consertione
354 2380 381 2425 et
397 2375 461 2440 fide
487 2374 645 2442 equitionie
670 2375 732 2442 rjuo
760 2372 900 2444 implerer,
929 2373 1029 2440 quietis
1048 2373 1195 2424 oracionem
1213 2372 1368 2440 requirunt.
1405 2371 1443 2424 Et
1460 2377 1570 2441 postea:
1593 2375 1674 2427 More
1693 2375 1762 2428 naec

59 2459 144 2512 uenia
164 2461 307 2523 confitenti
323 2460 410 2511 datur
435 2467 461 2512 et
480 2461 608 2511 credenti
626 2460 803 2528 indulpentia
822 2460 897 2512 nalu-
927 2459 1062 2511 traneitue
1081 2460 1273 2512 uniuereorum
1299 2466 1353 2522 aa,
1377 2459 1514 2510 treneitnr
1540 2459 1612 2511 enim
1630 2478 1649 2512 a
1668 2478 1761 2514 corru-

60 2546 137 2598 tarie
155 2546 192 2598 de
210 2545 307 2598 diuina
325 2545 432 2612 pietate
454 2546 618 2598 conceditur
636 2552 661 2599 et
679 2547 720 2598 ad
737 2547 899 2599 immortali·
926 2543 1019 2609 priene
1037 2545 1078 2596 ad
1097 2545 1344 2614 incorruptionem,
1364 2560 1382 2595 a
1400 2544 1574 2596 mortalitate
1593 2546 1634 2597 ad
1653 2547 1762 2598 immor·

60 2639 149 2685 tatem
166 2631 217 2683 rub
246 2632 311 2700 ipra
340 2640 427 2684 morte
453 2633 600 2686 traueitur.
644 2631 730 2687 Serm.
760 2632 795 2686 de
820 2640 898 2685 mort.
926 2630 1072 2696 talitatem,
1090 2647 1108 2682 a
1122 2629 1337 2698 perturbatione
1358 2630 1400 2680 ad
1415 2630 1658 2701 tranquillitatem.
1696 2633 1761 2684 Non

58 2716 124 2772 aira
143 2714 191 2771 fin.
211 2734 238 2786 p.
260 2722 322 2772 ili:
345 2717 427 2778 Quod
441 2717 551 2770 iuterim
571 2720 715 2782 morimur,
734 2720 775 2771 ad
788 2720 900 2771 immor·
928 2716 1015 2781 ipitur
1030 2732 1127 2768 nonren
1146 2722 1171 2767 te
1189 2714 1287 2767 martie
1314 2715 1454 2783 offendet,
1477 2717 1528 2767 red
1546 2716 1612 2767 boni
1624 2717 1761 2769 traneitue

60 2804 204 2856 talitatem
222 2810 310 2856 morte
334 2804 559 2870 traneprcdirnnr
585 2809 636 2857 ete.
665 2823 720 2856 non
745 2813 784 2857 eet
804 2805 899 2871 enitar,
927 2801 1060 2861 beneficia
1081 2801 1221 2853 delectent.
1250 2815 1303 2868 cap
1326 2804 1371 2853 12:
1390 2800 1535 2868 Intrepide
1548 2817 1704 2868 perpernae
1720 2804 1761 2855 ad

60 2891 116 2943 red
129 2889 266 2942 transitur
280 2896 305 2941 et
318 2889 470 2958 temporali
482 2890 583 2941 itinere
598 2890 717 2942 decureu
732 2891 773 2942 ad
786 2898 899 2943 aeterna
926 2889 1108 2940 redemtorem
1139 2894 1261 2940 nostrum
1294 2886 1391 2938 Jeenm
1428 2884 1583 2950 Christum,
1618 2889 1759 2957 intrepide

62 2984 268 3045 tranrpreemre.
318 2974 385 3036 Qnie
411 2992 466 3029 nen
485 2977 526 3028 ad
545 2976 666 3030 meliora
682 2978 819 3042 fontineti
836 2979 899 3045 quie
923 2990 1075 3040 perpamue
1100 2973 1142 3024 ad
1167 2971 1247 3024 illum
1266 2980 1425 3024 renatorum
1446 2981 1550 3025 coetum
1561 2973 1760 3043 juniorumque

62 3080 121 3115 nen
138 3061 247 3115 mutari
268 3068 293 3114 et
310 3062 468 3126 reformari
491 3065 533 3115 ad
554 3062 662 3116 Cirrieti
676 3063 795 3131 epeciem
814 3070 840 3114 ct
860 3062 901 3113 aci
926 3067 1095 3113 conuentum.
1137 3058 1244 3110 lernae
1261 3058 1333 3109 euim
1348 3059 1389 3110 ad
1403 3065 1502 3128 petrei
1520 3067 1639 3126 neutros,
1660 3061 1760 3113 ibimus

62 3147 194 3202 cocleae
212 3148 327 3216 gratiae
346 3148 511 3213 dipnitatem
530 3149 612 3202 citiue
631 3150 763 3217 ereptet?
800 3146 898 3200 Ventu-
926 3147 967 3198 ad
984 3146 1049 3199 illae
1061 3152 1174 3198 neutrae
1192 3143 1262 3208 fidei
1277 3152 1482 3212 praeceptores,
1503 3153 1532 3195 ut
1545 3146 1657 3198 etiamei
1671 3162 1759 3213 opera

60 3251 114 3287 rue
147 3234 188 3285 od
217 3231 326 3286 Chrieti
348 3236 455 3303 eedem,
489 3237 531 3287 ad
560 3252 710 3305 reynerum
743 3235 899 3289 coelestium
926 3230 1026 3297 derint,
1045 3232 1117 3295 fider
1131 3228 1291 3298 opituletur,
1311 3229 1449 3295 defendat
1465 3230 1615 3283 deraditur.
1652 3230 1760 3284 etimne

61 3319 222 3373 claritatem
241 3319 337 3388 lupera
363 3337 419 3374 non
440 3321 520 3374 debet
536 3338 586 3373 nec
605 3322 756 3390 planprre,
784 3323 835 3373 red
848 3338 899 3389 po·
926 3324 951 3368 ct
970 3316 1020 3367 ubi
1036 3318 1127 3367 einnm
1144 3333 1225 3367 ertum
1248 3315 1394 3367 Abraham
1412 3323 1524 3368 nanctae
1544 3319 1690 3384 expandit,
1710 3318 1760 3370 ili·

61 3405 121 3459 tiue
147 3407 298 3458 nemineum
323 3406 559 3474 pollicitationem
586 3408 717 3473 Domini,
747 3409 898 3461 urcundum
928 3419 987 3454 mue
1015 3419 1059 3465 eo,
1088 3401 1138 3453 ubi
1157 3401 1316 3469 paradinus
1334 3408 1374 3452 est
1386 3402 1592 3468 jucunditatie,
1613 3403 1664 3455 uli
1679 3403 1761 3456 nulla

64 3492 151 3555 fidem
183 3490 310 3543 veritatis
335 3493 365 3544 in
381 3493 558 3560 profectione
576 3511 628 3546 erra
656 3502 681 3546 ct
712 3495 898 3547 transtatione
928 3488 1023 3550 nubet,
1050 3487 1131 3539 nulla
1150 3489 1273 3539 tonitrua
1292 3491 1343 3539 ele.
1378 3486 1499 3555 Cyrinus
1520 3487 1567 3540 lib.
1592 3493 1631 3543 12.
1651 3487 1680 3540 in
1697 3487 1759 3543 Joh.

61 3577 197 3644 paudere.
216 3592 282 3646 pag.
304 3581 368 3631 215:
390 3577 457 3629 Cum
478 3579 671 3631 accerei'tionr'e
688 3581 826 3648 propriae
838 3581 898 3633 elien
926 3592 949 3627 c.
969 3578 1015 3628 36:
1037 3574 1161 3628 Credere
1183 3572 1326 3638 delemur,
1354 3589 1415 3624 cum
1432 3591 1450 3625 a
1468 3575 1633 3641 corporibue
1651 3583 1760 3628 earicto·

61 3663 185 3723 venerit,
210 3664 403 3714 incunctanter
422 3672 448 3715 ct
473 3665 590 3717 libenter
608 3667 650 3717 ed
667 3667 818 3718 Dominum
836 3666 899 3734 ipae
926 3678 989 3712 rum
1007 3660 1117 3711 animae
1136 3659 1273 3717 abierint,
1303 3666 1435 3725 lanqueum
1454 3659 1482 3709 in
1502 3676 1601 3710 neutrae
1618 3661 1761 3713 carr'enimi

60 3755 179 3799 recente
196 3749 340 3799 veniamne
359 3754 412 3801 etc.
448 3748 660 3816 Amplectamur
681 3750 769 3817 (liam,
788 3751 838 3819 qni
854 3769 898 3804 aa.
923 3745 1017 3813 petrin
1036 3745 1156 3797 lenitati
1172 3744 1285 3795 diuinae
1302 3743 1506 3811 commendari,
1525 3761 1574 3796 nac
1594 3753 1624 3797 ut
1644 3748 1759 3813 nitidam

61 3830 157 3900 ripuar
176 3832 302 3899 einander
322 3833 466 3885 domicilio
487 3853 552 3896 erro,
579 3835 629 3902 qui
654 3853 704 3889 nee
723 3835 824 3888 ietliinc
842 3853 897 3889 erc·
926 3831 1083 3892 infidelium
1101 3832 1285 3883 crediderunt
1303 3830 1332 3881 in
1353 3833 1437 3881 terrie
1455 3833 1631 3901 contrariari,
1659 3851 1758 3901 proem-

60 3924 127 3986 ptoe
152 3924 178 3968 et
204 3916 313 3984 tequea
340 3918 514 3970 rceularilme
536 3929 631 3973 aeriter
654 3923 793 3989 paradino
819 3924 896 3974 reati·
926 3935 976 3986 que
994 3917 1155 3985 eeprrrlturae
1181 3916 1332 3967 tonarium
1349 3918 1465 3984 affectae
1482 3918 1552 3983 niret,
1579 3935 1629 3970 nec
1649 3928 1679 3971 ut
1692 3937 1757 3987 pcc-

10 4007 45 4048 5³.
61 4005 118 4054 tuit
142 4009 168 4054 et
193 4018 280 4072 repno
305 4004 418 4056 cocleari
445 4011 496 4060 etc,
539 4004 709 4059 Athanasius
738 4007 765 4059 in
790 4007 838 4061 lib,
864 4009 897 4061 de
925 4013 1050 4055 catorum
1078 4003 1188 4053 animae
1218 4003 1259 4053 ad
1283 4002 1410 4053 inimenni
1431 4003 1574 4054 cruciatur
1594 4005 1698 4068 Iocum,
1726 4005 1759 4056 id

61 4085 185 4158 virginit.
205 4104 261 4141 non
281 4088 378 4158 procul
403 4088 481 4142 utin.
499 4106 564 4161 pag.
583 4096 648 4145 831:
672 4093 738 4144 Non
755 4102 795 4146 eet
807 4094 897 4161 justis
925 4097 964 4140 eet
992 4090 1032 4139 ed
1055 4088 1164 4150 inferar
1193 4087 1315 4154 deferri,
1345 4087 1397 4139 red
1425 4086 1524 4139 itincre
1555 4087 1606 4139 ime
1635 4088 1714 4140 initii
1739 4107 1757 4140 a

61 4189 154 4235 mere,
177 4175 229 4227 red
252 4175 416 4238 menelotio,
440 4177 543 4244 quippe
571 4179 620 4244 qni
636 4180 847 4242 transferuntur
865 4196 898 4233 er
928 4174 1035 4226 Christo
1052 4174 1177 4242 primum
1191 4178 1370 4240 praeparato
1390 4173 1419 4223 in
1438 4190 1536 4224 uiarum
1551 4174 1648 4241 petiae
1663 4176 1757 4241 patrie

62 4256 116 4310 lroc
137 4260 241 4313 mundo
260 4260 290 4311 in
313 4262 436 4329 requiem
455 4268 614 4330 artemam,-
638 4280 694 4315 non
712 4263 797 4316 aliter
814 4282 896 4333 quam
925 4260 1043 4313 erolarc.
1092 4260 1228 4311 Tradidit
1259 4259 1331 4309 enim
1360 4257 1484 4310 animam
1518 4276 1596 4310 errem
1631 4263 1758 4314 nranibue

62 4344 92 4396 ei
107 4345 171 4412 qnia
188 4346 224 4397 de
244 4345 366 4399 eacrtbiir
382 4346 478 4411 abeat,
497 4347 537 4399 itu
557 4364 663 4417 queque
681 4349 773 4401 nancti
788 4351 897 4403 amaia
924 4346 1073 4413 praitoria,
1099 4354 1129 4396 ut
1156 4345 1191 4396 ab
1210 4343 1264 4396 illa
1289 4352 1314 4396 et
1330 4360 1384 4411 per
1400 4343 1481 4396 illam
1494 4345 1580 4409 fecte
1598 4345 1680 4398 initio
1701 4364 1757 4397 crr-

62 4431 121 4482 iria
139 4430 199 4482 uita
217 4430 365 4483 ditctdunt
380 4433 423 4484 ad
440 4432 526 4500 baua,
551 4449 623 4501 qaae
646 4433 706 4486 illia
720 4445 898 4503 praeparata
925 4442 982 4484 tam
1000 4432 1084 4500 iurjue
1104 4432 1148 4483 rei
1173 4446 1251 4499 apem
1279 4431 1441 4493 toreama,
1466 4431 1583 4494 ftrneitcr
1606 4434 1757 4493 credentes,

62 4523 142 4584 eunt,
162 4532 234 4585 puae
254 4516 352 4570 oculere
369 4535 424 4570 non
443 4519 529 4586 cidit,
547 4536 597 4571 nee
617 4521 698 4571 aurio
715 4521 833 4588 audiuit,
852 4540 897 4574 ne·
925 4519 954 4570 in
973 4518 1100 4569 manibue
1119 4518 1177 4570 Dei
1195 4535 1246 4569 nne
1261 4523 1326 4585 poet
1345 4525 1461 4570 mertem
1483 4518 1604 4584 suturae
1622 4518 1758 4587 uitamque

64 4617 118 4670 que
136 4601 167 4653 in
183 4601 583 4658 coriominiamdrieruntata.
618 4603 810 4659 Nuziuunenue
830 4613 897 4662 orat.
927 4604 1011 4655 multo
1033 4603 1174 4655 meliorem
1201 4620 1234 4654 ac
1248 4609 1388 4673 perpetuo
1413 4619 1473 4655 cum
1496 4603 1606 4657 Chrr‘eto
1626 4605 1757 4673 uicturos,

63 4687 93 4740 iu
111 4687 188 4741 laud.
202 4686 323 4741 Caesarii
343 4686 451 4741 fratris:
472 4687 636 4756 Sapientem
656 4692 898 4763 uerbinadducor,
925 4692 988 4743 ideo
1017 4690 1090 4741 enim
1119 4689 1230 4741 Paulae
1263 4690 1406 4740 derideret
1434 4689 1538 4740 remini
1562 4699 1588 4741 et
1613 4706 1672 4741 enee
1696 4707 1757 4742 cnm

62 4779 95 4825 ut
117 4774 246 4840 credam,
273 4789 435 4841 pencroeam
464 4792 570 4828 ornnem
595 4776 701 4844 deoque
725 4794 822 4830 caram
837 4780 897 4830 ani·
928 4776 1043 4829 Christo.
1086 4773 1261 4844 Augustinus
1280 4790 1361 4827 serm.
1384 4779 1423 4827 15.
1447 4774 1482 4827 de
1500 4775 1617 4827 eunctis:
1637 4776 1757 4827 Animae

61 4872 146 4927 mam,
164 4866 348 4926 poeteaquam
368 4859 495 4930 eorporie
518 4861 639 4913 vinculie
657 4862 750 4914 reluta
771 4864 835 4916 iiiuc
854 4881 897 4919 er·
924 4868 1059 4925 nanctae,
1075 4877 1146 4928 quac
1164 4861 1193 4912 in
1213 4860 1264 4912 loc
1284 4860 1377 4911 occulo
1399 4869 1448 4910 (iret
1461 4878 1515 4928 per
1533 4863 1606 4913 cretae
1627 4861 1757 4913 innocen·

61 4944 191 5008 cemerit,
207 4945 337 5012 protinus
355 4944 462 5011 lenum,
480 4948 557 5014 quod
576 4964 637 4999 eam
657 4955 763 5017 ureret,
785 4966 898 5018 pernen·
924 4949 994 5001 tiam
1009 4963 1102 5016 purae
1120 4953 1191 5015 erint,
1210 4953 1258 4997 aut
1274 4945 1465 5012 poenitentiae
1477 4946 1672 5008 satisfactione
1686 4964 1758 5015 pur·

62 5029 172 5082 dentem
187 5037 214 5081 et
224 5029 456 5098 contemplantem
475 5031 604 5083 mirabili
621 5032 898 5104 quadnmrolnptale
925 5043 1042 5105 puniar,
1071 5053 1089 5087 o
1113 5033 1262 5086 saeuorum
1292 5040 1387 5084 nostro
1411 5033 1585 5102 recipiuntur
1603 5041 1628 5084 rt
1648 5051 1708 5085 cum
1727 5050 1757 5085 eo

61 5116 147 5179 affici
162 5123 188 5169 et
200 5115 342 5169 exercitare
366 5125 447 5187 atque
474 5118 527 5169 irae
552 5120 610 5169 uita
634 5119 709 5172 uelut
732 5121 817 5187 praei
833 5138 898 5190 puo-
926 5138 983 5175 cere
1008 5121 1167 5173 credendae
1192 5128 1270 5185 eunt,
1306 5119 1457 5170 necandum
1492 5119 1616 5187 apomeli
1646 5121 1758 5187 diction,

62 5204 130 5256 dam
152 5201 296 5269 02'9‘1822‘20
314 5202 386 5272 supa
400 5203 500 5257 relicto
515 5203 691 5272 curreremque
709 5207 898 5274 compeditur,
925 5208 1008 5276 cupio
1042 5206 1159 5259 clr'erolri
1183 5214 1208 5257 et
1226 5221 1284 5256 ceno
1315 5220 1376 5256 cum
1406 5203 1530 5269 cernam
1556 5204 1667 5255 animae
1692 5221 1758 5272 erpo

62 5289 162 5357 quilme
178 5287 268 5339 animi
287 5305 384 5356 penna
409 5289 532 5357 deprimi
553 5288 678 5354 colebat,
711 5290 831 5344 lu‘larcm
858 5295 900 5345 ed
925 5296 1050 5357 fratrum
1064 5299 1270 5359 parentumque
1300 5297 1459 5342 neutrorum
1479 5290 1589 5342 minime
1608 5291 1677 5343 citio
1696 5307 1760 5342 aar·

63 5374 220 5427 Dominum
269 5376 424 5428 cerer-niano,
488 5373 701 5446 chrysostomus
733 5377 826 5432 homil.
858 5385 898 5434 uu.
927 5380 1037 5433 nartem
1067 5377 1249 5430 dela-tantur.
1310 5374 1425 5444 Offendi
1449 5376 1493 5427 iria
1525 5376 1614 5443 inopie
1643 5385 1760 5444 [renerent

61 5459 100 5516 ud
136 5466 201 5529 pop
241 5458 370 5518 Antioah,
397 5460 494 5530 jrretoe
530 5479 591 5515 cerm
632 5466 694 5517 Deo
739 5465 768 5517 in
813 5462 1297 5535 ceelie·qa‹rmelelcrturi,eicu1n
1320 5462 1438 5515 illaria
1457 5461 1548 5515 errcrie
1567 5462 1761 5537 aedibuerint,

115 5552 218 5597 Ottffli
231 5553 281 5597 luel.
298 5554 357 5598 illl.
1394 5570 1406 5619 1
1415 5574 1425 5621 ι
