4104 6014
703 307 755 362 nn
782 304 1027 365 noannonnn
1046 304 1371 366 assusancmonn.
1477 270 1484 280 ⁸
1823 320 1884 379 sm

187 459 239 510 etc.
261 473 323 528 cap.
342 464 371 511 7:
403 459 477 513 Uero
496 462 563 515 dnm
580 462 711 516 ministra
729 471 755 516 et
772 464 891 529 famula
908 458 1021 520 animae
1032 458 1036 523 l
1049 462 1127 517 niam
1146 462 1268 528 meatim·
1286 466 1312 516 2.
1326 472 1424 518 nostra
1443 464 1475 518 in
1489 473 1570 519 utem
1588 473 1717 522 materne
1728 467 1884 536 samsona·

187 543 339 612 deputatio·
370 561 485 599 consors
518 553 544 600 et
580 547 693 601 coheres
719 549 871 618 invenitur,
904 552 932 604 ei
954 559 1019 605 tem·
1032 528 1073 643 33.
1092 549 1166 603 Filii
1179 550 1239 603 Dei
1256 550 1423 606 incarnatio.
1457 552 1499 606 Ex
1517 550 1655 607 creatione
1674 557 1703 608 et
1719 552 1883 611 formatione

184 629 343 699 paraliam,
373 648 424 685 cur
450 649 506 686 nan
533 641 560 687 et
582 637 779 689 edanensem!
799 652 861 706 cap.
886 641 915 692 ει
943 633 1163 692 Garoshominis
1195 634 1224 689 in
1250 642 1328 690 utero
1356 636 1392 691 ad
1422 636 1660 693 resuscitationem
1688 644 1882 710 argumentum

186 715 325 785 amnem,
351 724 383 769 ut
408 718 504 771 anima
531 720 719 789 ermenaldus-,-
749 738 816 775 caro
834 722 962 791 ospitem,
989 693 1109 797 midaei
1125 720 1878 796 inscriptoribusecclesiasticisestfrequentissimum.

185 801 281 855 ansbsa
313 811 508 871 ccnseerstnr5
540 822 608 858 caro
638 807 782 876 sipaatnr,
812 816 842 861 at
874 817 900 862 et
923 800 1098 871 animaiQui
1124 807 1196 863 enim
1222 808 1314 878 potuit
1337 809 1429 864 omnia
1454 825 1487 864 ex
1510 810 1596 865 nihilo
1614 825 1708 867 creare
1732 811 1817 882 (quae
1841 818 1884 868 est

184 888 345 957 momatur,-
372 906 440 943 caro
460 906 560 944 manas
578 891 756 961 impositione
776 895 971 963 adnmhratar,
988 858 1151 980 aticreotio
1180 894 1271 963 primi
1297 896 1426 963 pencris)
1453 901 1481 951 et
1509 913 1542 951 ex
1569 894 1635 951 limo
1664 901 1755 952 terrae
1782 914 1882 969 corpus

185 981 210 1028 et
228 975 325 1028 anima
341 975 447 1044 spiritu
466 975 657 1040 illuminetur;
683 995 750 1033 caro
772 996 890 1049 corpore
910 988 936 1033 et
954 998 1018 1033 ean·
1045 979 1126 1048 primi
1162 979 1280 1033 hominis
1310 979 1430 1034 formare
1454 988 1539 1052 (quae
1565 986 1608 1036 est
1633 983 1739 1038 creatio
1765 985 1884 1039 secundi

183 1060 267 1128 paine
285 1061 394 1116 Christi
410 1061 543 1127 caedar,
562 1070 594 1116 at
611 1071 637 1117 et
655 1065 751 1117 anima
769 1066 805 1119 de
823 1068 888 1119 Deo
906 1067 1019 1135 rapine·
1044 1065 1190 1133 ameris),·
1216 1066 1240 1119 is
1263 1065 1345 1121 etiam
1369 1066 1540 1121 destructum
1571 1067 1695 1138 corporis
1722 1068 1880 1125 aediticium

184 1152 237 1202 tur.
272 1146 338 1201 Non
353 1154 475 1216 poseant
499 1165 565 1216 erpo
582 1150 715 1219 separari
733 1150 762 1203 in
780 1154 922 1215 mercede,
948 1170 1019 1221 qnae
1045 1150 1074 1203 in
1091 1152 1302 1208 resuscitatione
1319 1153 1421 1223 poterit
1432 1170 1562 1224 reparare
1576 1160 1650 1209 etex
1664 1154 1778 1226 pulvere
1791 1161 1882 1213 terrae

183 1250 272 1303 aperus
289 1234 444 1304 conjungit.
463 1250 526 1305 cap.
546 1240 577 1291 9:
603 1236 691 1298 Quam
711 1240 793 1291 Dens
814 1239 942 1293 manibus
960 1240 1019 1293 saie
1044 1238 1235 1308 reproducere.
1271 1239 1326 1303 Qui
1348 1239 1439 1309 potuit
1458 1256 1505 1304 ea,
1525 1256 1597 1311 quae
1614 1258 1670 1295 non
1689 1247 1762 1306 sunt,
1781 1258 1882 1297 rueme

182 1321 224 1373 ad
251 1319 402 1388 imaginem
427 1322 487 1374 Dei
509 1321 626 1390 aweit,
662 1340 746 1392 mam
776 1326 813 1378 de
838 1342 889 1378 suo
914 1326 1018 1394 afflata
1044 1329 1176 1395 tanquam
1206 1324 1275 1392 sint,
1310 1325 1334 1379 is
1364 1325 1452 1381 multo
1477 1325 1587 1380 facilius
1610 1327 1711 1397 poterit
1742 1344 1783 1392 es,
1808 1344 1881 1399 quae

182 1407 224 1460 ad
246 1406 460 1462 similitudinem
483 1425 552 1464 snae
573 1409 733 1464 vivacitatis
758 1411 907 1479 animavit,
932 1429 1018 1480 quam
1044 1415 1139 1464 ereata
1157 1418 1230 1478 sunt,
1249 1411 1300 1466 sed
1317 1411 1448 1482 collapsa,
1467 1428 1603 1466 revocare.
1640 1413 1694 1478 Qui
1715 1429 1815 1483 corpus
1831 1413 1879 1472 ho-

182 1491 328 1561 sarciam,
344 1495 463 1563 fructui,
482 1496 642 1549 dominatui
652 1497 736 1550 totins
754 1513 822 1551 suae
842 1499 1017 1567 operationis
1043 1495 1125 1549 minis
1150 1512 1183 1550 ex
1208 1497 1312 1552 semine
1335 1498 1363 1551 in
1389 1504 1468 1552 utero
1491 1505 1614 1552 materno
1638 1499 1730 1569 potuit
1752 1499 1878 1568 sonuere,

177 1580 359 1648 praeposuit,
383 1598 469 1648 psum
493 1583 529 1635 de
552 1584 737 1637 sacramentis
758 1585 818 1637 suis
844 1584 1016 1654 disciplinis·
1043 1582 1067 1635 is
1086 1581 1232 1652 pristinum
1248 1582 1318 1637 illud
1337 1584 1507 1639 domicilium
1527 1584 1628 1654 poterit
1641 1584 1798 1641 reformare.
1832 1588 1878 1643 Ad

182 1680 234 1734 aas
261 1668 384 1730 mstiait,
414 1669 496 1738 cujas
523 1670 679 1722 munditiae
705 1676 797 1737 amat,
827 1671 909 1740 cuine
933 1672 1016 1724 casti·
1045 1667 1097 1721 hoe
1125 1676 1320 1739 argumentum
1350 1687 1400 1725 nos
1430 1670 1566 1725 deducere
1600 1669 1708 1725 videtur
1737 1674 1879 1743 apostolus

181 1752 309 1820 potiones
336 1754 452 1825 probat,
493 1755 573 1824 cujus
595 1756 744 1823 passiones
772 1756 829 1809 sibi
862 1758 1016 1825 adpretiat,
1043 1752 1123 1808 Rom.
1145 1760 1176 1819 4,
1201 1770 1225 1806 ν.
1249 1760 1287 1808 17.
1312 1754 1360 1808 ubi
1385 1755 1420 1809 de
1439 1754 1597 1809 Abrahamo
1621 1756 1743 1810 omnium
1767 1757 1879 1814 creden·

181 1841 311 1896 haeccine
328 1857 384 1894 noa
402 1847 531 1908 renerpet
548 1842 646 1894 totiens
667 1843 726 1895 Dei
732 1844 746 1896 t
778 1843 1016 1910 desinebatur
1042 1840 1110 1894 tium
1132 1844 1212 1910 patre
1238 1840 1352 1909 dicitur,
1379 1841 1452 1910 quod
1475 1843 1632 1895 crediderit
1653 1843 1684 1896 in
1710 1845 1814 1913 Deam,
1831 1844 1881 1913 qni

183 1929 262 1982 Deae
279 1944 413 1981 manuam
430 1943 546 1979 enarum
567 1943 698 1997 operam,
721 1929 828 1998 inpenii
846 1930 893 1982 sni
910 1945 1015 1992 caram,
1041 1926 1165 1991 vivificat
1187 1934 1312 1979 mortuas
1336 1934 1363 1980 et
1385 1934 1467 1980 vocat
1490 1943 1536 1993 aa,
1562 1943 1634 1995 astae
1658 1946 1714 1982 non
1729 1938 1801 1996 eant,
1818 1938 1880 1983 tan·

180 2014 302 2084 affictus
331 2013 379 2066 eni
407 2014 554 2081 rapinam,
598 2014 752 2068 molitionis
782 2032 850 2068 snae
879 2016 1013 2083 rapinam,
1043 2028 1127 2079 qaam
1145 2012 1209 2065 sint.
1247 2010 1378 2075 Quamvis
1397 2012 1470 2067 enim
1490 2029 1540 2082 per
1555 2020 1706 2084 utrumque
1725 2014 1878 2071 membrum

178 2099 361 2154 liberalitatis
387 2114 455 2152 snae
481 2100 623 2165 ismaelem,
657 2100 805 2170 relipionie
831 2118 899 2154 snae
923 2118 1013 2154 sacer·
1043 2096 1156 2168 quidem
1184 2096 1343 2167 intelligent
1377 2099 1547 2152 vocationem
1574 2100 1723 2167 pentilinm
1751 2101 1787 2154 ad
1815 2118 1879 2157 oon·

179 2189 286 2254 domes,
310 2185 464 2239 tesdmonii
481 2187 528 2238 sni
545 2186 675 2248 militem,
698 2184 806 2239 Christi
827 2186 874 2240 sai
889 2203 1014 2241 sororem
1042 2183 1156 2238 sortium
1179 2183 1319 2253 eccleciae,
1338 2200 1389 2254 per
1407 2201 1490 2255 quam
1510 2184 1577 2239 facti
1595 2191 1661 2239 sunt
1674 2187 1795 2257 populus
1813 2187 1875 2257 Dei,

142 2310 149 2323 .
178 2273 208 2326 in
225 2279 367 2325 ammam
388 2272 521 2325 destituat
538 2272 679 2325 interitum
699 2277 749 2326 etc.
773 2287 834 2342 cap.
856 2279 903 2328 51:
935 2272 1014 2326 Clsri·
1040 2269 1091 2337 ansi
1116 2287 1172 2323 non
1194 2278 1276 2323 erant
1295 2269 1420 2341 popalus
1441 2269 1503 2324 Osa.
1525 2275 1547 2335 1,
1564 2287 1589 2322 v.
1610 2272 1876 2345 lacerandumque

177 2366 237 2413 stae
256 2365 396 2429 aequamen
407 2358 468 2411 Dei
484 2365 510 2411 et
528 2358 668 2411 hominnm
683 2358 847 2430 appellatus
865 2359 1013 2413 enotrius·
1041 2371 1074 2409 ex
1098 2355 1234 2426 spirituali
1257 2362 1345 2410 morte
1362 2355 1470 2426 peccati
1490 2355 1744 2426 resuscitationem
1772 2359 1876 2413 rectius

177 2460 230 2514 gne
248 2443 346 2514 partie
371 2443 499 2512 deposito
525 2445 671 2497 commisso
696 2444 765 2513 sibi,
792 2445 888 2499 earnis
906 2461 1013 2516 quoqne
1040 2448 1132 2497 tamen
1151 2459 1184 2496 ac
1200 2442 1289 2497 textui
1310 2441 1518 2497 convenientius
1537 2443 1651 2510 dicitur,
1670 2443 1746 2514 quod
1766 2451 1876 2515 aposto·

178 2529 334 2600 depositam
356 2537 450 2582 serrat
475 2529 505 2582 in
523 2530 669 2598 semetipso
687 2530 873 2584 arrhabonem
890 2548 1013 2585 memmae
1040 2529 1083 2582 lns
1109 2529 1145 2583 ad
1168 2529 1315 2583 articulum
1340 2529 1487 2584 creationis
1512 2534 1541 2584 et
1563 2528 1780 2585 resuscitationis
1805 2548 1875 2587 mor·

176 2617 268 2672 totins
322 2614 563 2678 Quemadmodum
597 2616 669 2668 enim
709 2617 789 2670 nobie
827 2617 1012 2670 arrhabonem
1040 2620 1149 2669 tuorum
1175 2614 1321 2685 respiciat,
1346 2630 1408 2668 cnm
1436 2614 1464 2667 in
1491 2619 1608 2685 utroque
1632 2614 1739 2671 illustre
1765 2616 1875 2672 divinae

176 2701 303 2772 spirens
321 2701 452 2770 reliquit,
473 2702 514 2754 ito
531 2708 558 2754 et
576 2720 594 2754 a
613 2701 694 2754 nobis
711 2701 899 2755 amiciorem
917 2704 1013 2756 carnis
1039 2701 1179 2770 potentiae
1204 2701 1343 2771 specimen
1371 2698 1451 2754 nobis
1476 2698 1645 2755 exhibeatur.
1692 2701 1821 2756 Ceterum
1850 2701 1874 2756 si

175 2788 284 2858 accepit
313 2795 340 2842 st
365 2788 437 2842 oeait
461 2787 491 2840 in
516 2787 623 2840 cocleam
650 2787 754 2856 pignus
782 2788 866 2842 totins
889 2805 1012 2843 summae
1038 2785 1191 2858 diligenter·
1204 2787 1387 2853 attendamus,
1405 2784 1561 2856 apparebit,
1586 2785 1659 2841 inter
1676 2785 1816 2842 mirabilia
1833 2787 1873 2842 di·

175 2875 250 2948 silae¹
263 2877 433 2945 uitandaque
448 2874 631 2943 redipendac.
660 2872 783 2927 Securae
800 2881 885 2929 estem
902 2892 971 2929 curo
985 2883 1011 2930 et
1038 2874 1119 2927 rinae
1137 2873 1279 2944 potentiae
1298 2888 1383 2942 opera
1401 2871 1485 2927 telem
1504 2887 1564 2926 esse
1582 2871 1714 2937 ormnem,
1733 2881 1764 2928 ut
1780 2872 1875 2944 priora

11 2962 98 3007 ¹¹11&
113 2961 162 3008 Μ·
175 2962 305 3031 sanguis,
334 2960 494 3030 nasrpastis
522 2967 550 3013 et
578 2960 684 3013 coelam
712 2966 738 3014 et
763 2977 879 3028 repnum
898 2963 959 3015 Dei
980 2964 1011 3017 in
1037 2959 1217 3033 sequentibus
1240 2959 1296 3013 sint
1313 2957 1484 3013 mirabiliora
1515 2973 1549 3012 ao
1576 2958 1772 3029 praecedentia
1788 2958 1873 3015 fidem

177 3047 301 3114 Obrietm
320 3055 371 3101 aut
388 3049 416 3099 ss'
434 3053 531 3113 nepem
548 3064 598 3099 cos
614 3047 645 3098 in
667 3045 792 3110 tameo,
816 3057 916 3116 nepent
936 3056 962 3102 et
980 3050 1010 3102 in
1037 3048 1139 3104 iaciant
1155 3044 1343 3118 sequentibus.
1373 3043 1496 3098 Primum
1518 3044 1629 3100 divinae
1648 3045 1790 3116 potentias
1803 3063 1873 3116 opus

174 3136 251 3190 coelo
293 3133 452 3194 Christum,
490 3133 540 3201 qui
575 3133 653 3187 cobis
693 3133 799 3186 coelam
830 3144 1009 3203 negaverunt.
1036 3140 1078 3190 eet
1106 3134 1213 3188 creatio
1235 3133 1328 3201 primi
1353 3131 1463 3200 pencris
1489 3130 1600 3201 proprie
1627 3139 1655 3186 et
1677 3131 1807 3202 specifice
1829 3131 1871 3187 sic

172 3238 233 3292 cap.
264 3226 311 3277 63:
345 3219 382 3271 In
412 3218 540 3288 (inposito
572 3227 612 3271 est
647 3236 715 3271 earo
743 3220 898 3288 ubimnoue
930 3223 1010 3292 apud
1035 3221 1124 3290 dicta,
1151 3220 1167 3275 i.
1191 3235 1216 3274 e.
1240 3218 1386 3288 productio
1409 3217 1570 3271 immediata
1593 3218 1623 3270 ἐκ
1649 3221 1697 3271 sori
1718 3216 1758 3287 μὴ
1785 3216 1872 3288 ὄντος,

172 3310 274 3372 Deum,
293 3322 345 3377 per
363 3305 559 3370 fidelissimam
572 3312 739 3373 sequestrem
752 3306 812 3358 Dei
826 3313 853 3359 et
867 3306 1008 3360 hominnm
1033 3306 1110 3362 rudis
1131 3305 1206 3360 illius
1230 3320 1339 3359 massae
1361 3303 1525 3375 corporalis,
1555 3318 1639 3373 quam
1664 3303 1775 3374 Moyses
1797 3304 1871 3358 coeli

170 3394 270 3449 Jees'sm
294 3391 452 3458 Oltristnm,
477 3391 527 3458 qni
545 3397 571 3442 et
588 3391 694 3443 homins·
711 3392 807 3443 Deam
826 3400 851 3445 et
869 3392 1007 3446 hominem
1034 3402 1059 3447 ct
1078 3401 1173 3447 terras
1191 3392 1301 3447 nomine
1317 3391 1449 3463 appellat,
1479 3390 1566 3459 primo
1586 3389 1743 3445 hornimeri
1763 3389 1807 3444 dic
1826 3390 1868 3446 ia-

172 3483 236 3535 Deo
266 3480 380 3546 reddet,
412 3477 497 3530 carni
526 3477 656 3545 spiritam
688 3485 715 3530 et
742 3479 859 3546 spiritui
884 3495 1005 3533 carnem.
1032 3485 1086 3536 eta.
1118 3479 1181 3534 Hoc
1204 3495 1273 3549 opus
1297 3483 1328 3531 ut
1351 3476 1448 3531 ordine
1472 3482 1514 3530 ost
1534 3476 1669 3546 primum.
1696 3476 1736 3530 ita
1755 3494 1866 3547 quoque

175 3568 325 3636 Uer-amane
347 3566 413 3634 jam
440 3565 469 3616 in
497 3564 645 3631 semetipso
671 3564 845 3628 foederavit,
873 3583 1005 3633 sponsam
1032 3567 1199 3638 reliquorum
1216 3563 1338 3618 omnium
1359 3570 1401 3619 est
1419 3561 1570 3616 maximum
1591 3568 1618 3616 et
1633 3562 1869 3626 sublimissimum,

168 3668 273 3724 eponw
299 3657 327 3704 et
343 3668 477 3719 sponsrm
500 3666 620 3719 sponsae
644 3651 825 3719 comparavit.
863 3652 940 3705 Nam
966 3662 1005 3706 et·
1032 3670 1064 3708 ex
1077 3651 1164 3707 nihilo
1181 3651 1253 3706 enim
1269 3650 1361 3705 faeere
1373 3648 1479 3720 aliquid
1498 3647 1633 3702 infinitam
1652 3650 1764 3705 omnino
1777 3652 1870 3723 arguit

168 3739 196 3793 ei
213 3738 338 3792 animam
364 3737 427 3806 anis
442 3736 615 3789 contenderit
632 3752 776 3805 mosaeam,
801 3737 845 3790 oet
863 3738 939 3791 dctis
955 3757 1002 3792 no·
1031 3738 1191 3810 potentiam.
1217 3736 1343 3791 Alterum
1356 3753 1426 3806 opus
1440 3740 1483 3789 est
1494 3735 1654 3804 primarum
1668 3736 1822 3805 specierum
1836 3755 1869 3792 ex

169 3826 242 3881 mine
260 3831 391 3895 sequanas·
410 3824 534 3876 animam
553 3839 628 3877 earo.
668 3823 734 3876 Non
754 3823 808 3876 erit
822 3824 918 3877 anima
935 3843 1004 3894 pro·
1031 3825 1078 3879 illa
1090 3825 1152 3878 rudi
1168 3832 1195 3879 et
1207 3823 1347 3895 indigesta
1359 3820 1701 3890 materiainsequentibus
1714 3822 1870 3878 hexaemeri

169 3912 283 3979 emota,
306 3919 339 3963 nt
360 3912 439 3963 nenio
458 3909 630 3978 accipiatur
656 3926 676 3961 a
700 3925 811 3978 moneo.
853 3908 945 3964 Habet
963 3913 1005 3963 in·
1031 3913 1130 3967 diebus
1154 3917 1248 3966 secula
1274 3909 1441 3978 productio,
1468 3923 1552 3977 quam
1570 3907 1738 3962 creationem
1752 3909 1870 3962 secandi
1882 3909 1959 3953 Wil-
1973 3910 2018 3954 ³⁸⁷·

168 4005 366 4064 ammentum,
392 3997 472 4049 habet
491 3995 610 4062 assitam,
633 3994 715 4048 ltabet
734 3996 905 4067 mancipium
924 4016 1004 4050 sssrsm
1030 3999 1140 4066 peners's
1159 4002 1267 4053 vocant.
1296 3995 1399 4061 Quinto
1418 3993 1491 4048 enim
1506 3993 1552 4047 die
1569 3993 1763 4048 creavitDeus
1776 3994 1867 4065 pisces

168 4100 290 4147 carneam,
309 4090 340 4136 ut
360 4082 562 4136 collectaneam
581 4080 766 4136 comitabitur.
805 4082 866 4137 Sed
882 4091 1005 4137 carcesi
1030 4091 1058 4141 et
1078 4101 1156 4149 aves,
1188 4089 1265 4137 sexto
1283 4081 1450 4145 animantia,
1477 4078 1581 4134 bestias
1600 4086 1704 4147 terrae,
1731 4080 1867 4150 jumenta,

168 4186 281 4241 sponsa
305 4184 377 4239 quae
400 4167 430 4220 in
448 4165 560 4221 Christo
579 4167 651 4220 Jesn
671 4184 805 4236 sponsum
823 4184 874 4237 per
890 4170 1004 4237 sanpai·
1029 4169 1140 4240 reptilia
1157 4176 1185 4224 et
1203 4169 1293 4239 ipsum
1311 4166 1451 4221 hominem
1471 4179 1526 4219 non
1546 4164 1704 4219 immediate
1725 4181 1758 4219 ex
1772 4164 1867 4236 nihilo,

168 4271 232 4310 nem
253 4262 343 4326 pacto
359 4263 408 4307 est.
444 4254 540 4323 Hujus
561 4253 717 4322 intertium,
743 4262 939 4326 perempertus,
960 4273 1003 4309 se·
1030 4256 1079 4311 sed
1106 4273 1139 4310 ex
1164 4253 1279 4308 materia
1305 4253 1393 4324 primo
1414 4251 1459 4305 die
1477 4251 1590 4305 condita
1608 4266 1642 4304 aa
1659 4250 1740 4305 tertio
1758 4251 1804 4306 die
1825 4252 1866 4307 di·

168 4358 276 4396 cessum
304 4355 364 4395 esse
392 4340 477 4394 scias.
523 4338 660 4393 Maximus
687 4339 716 4392 in
741 4357 820 4394 serm.
845 4341 881 4394 de
903 4358 1005 4396 resurr.
1029 4348 1109 4414 gesta
1127 4346 1211 4411 etque
1227 4344 1369 4395 exornata.
1400 4344 1527 4392 exterra
1547 4336 1631 4392 scilia.
1651 4343 1866 4409 etaquaquae

167 4426 284 4484 Christi:
312 4427 349 4479 ln
376 4425 489 4479 Chn'eto
515 4425 624 4478 homine
650 4433 690 4480 est
712 4426 931 4496 uniuscnjusque
957 4446 1003 4481 no-
1029 4436 1122 4482 tamen
1147 4425 1264 4480 materia
1285 4423 1377 4478 adhuc
1403 4429 1463 4478 erat
1480 4422 1654 4494 homogeuea
1672 4439 1705 4478 ex
1722 4440 1752 4478 se
1769 4429 1798 4479 et
1815 4441 1867 4480 sua

166 4521 257 4568 etrum
282 4528 367 4578 cara,
394 4511 511 4580 cananis
541 4518 568 4564 et
589 4512 695 4580 portio.
738 4511 792 4565 Ubi
817 4528 883 4580 erpo
903 4515 1002 4582 portio
1030 4520 1131 4569 natura
1157 4511 1261 4566 nullam
1291 4509 1489 4578 aptitudinem,
1517 4507 1624 4563 nulium
1647 4508 1803 4580 symbolum
1828 4512 1864 4566 ad

166 4616 230 4654 mea
246 4606 361 4668 regnat,
384 4597 424 4650 ibi
443 4614 486 4651 me
503 4613 624 4667 repnare
642 4599 747 4666 credo;
773 4599 824 4651 nbi
840 4601 1003 4654 dominator
1028 4598 1237 4671 productionem
1255 4596 1361 4664 evium,
1390 4594 1524 4666 piscium,
1551 4595 1732 4650 animantium
1752 4603 1779 4651 et
1799 4596 1864 4652 alia-

166 4686 282 4754 snnpnis
297 4699 382 4752 mem,
401 4684 548 4737 dominari
564 4700 606 4736 me
626 4685 717 4737 sentio
737 4702 772 4738 ac
793 4685 843 4738 noi
860 4685 1001 4753 ploriator
1028 4704 1089 4741 rum
1121 4685 1274 4755 specierum
1304 4682 1439 4737 obtinens.
1491 4681 1554 4736 Hoc
1584 4681 1694 4737 divinae
1725 4684 1865 4751 potentiae

165 4788 228 4826 mea
242 4786 318 4839 cora,
337 4787 379 4824 nse
397 4771 551 4838 alariarum
569 4788 627 4824 esse
645 4788 790 4839 cognosco.
1028 4790 1095 4843 opus
1114 4778 1145 4826 ut
1161 4770 1257 4825 ordine
1275 4767 1421 4840 sequentia
1445 4784 1529 4836 opera
1548 4768 1702 4831 antecedit,
1737 4768 1777 4822 ita
1796 4785 1862 4840 quo·

33 4840 117 4932 πῖ,
200 4861 242 4915 22.
279 4857 414 4922 Quartum
452 4861 646 4927 argumentum
677 4857 832 4911 desumitur
867 4877 901 4912 cn
931 4879 1000 4914 ann·
1027 4877 1081 4930 que
1107 4857 1205 4912 isdem
1231 4854 1384 4909 mirabilius
1412 4859 1455 4907 est
1488 4860 1516 4909 et
1542 4853 1624 4910 fidem
1642 4853 1697 4908 iliis
1716 4855 1863 4911 conciliare

34 4942 150 5035 oluff·
164 4943 258 5012 iopsea
290 4959 405 5013 opernm
436 4942 595 4997 divinorum
628 4943 787 4998 collatione.
844 4946 903 4999 lloc
936 4963 1000 5000 vcro
1027 4945 1135 5016 poterit.
1173 4942 1202 4998 Si
1226 4941 1299 4994 enim
1318 4941 1395 4994 Deus
1418 4957 1450 4994 en
1479 4940 1597 4996 materia
1613 4939 1783 5010 homogcnes
1803 4941 1863 4995 nui·

34 5005 143 5087 fferam
164 5034 358 5102 argumentum
388 5028 480 5098 potins
500 5034 542 5082 est
573 5026 814 5096 ἀνασκευαστικόν,
841 5032 999 5100 oppositum
1026 5032 1080 5085 lam
1105 5029 1142 5083 ad
1167 5027 1271 5098 speeies
1295 5031 1403 5080 creatas
1426 5024 1619 5080 habitudinem
1639 5029 1689 5078 sut
1705 5024 1862 5095 symbolum

33 5096 110 5193 ξ’,ξζ
163 5115 233 5185 illis,
251 5115 300 5187 qui
319 5115 441 5170 divinam
459 5115 611 5184 potentiam
631 5116 761 5186 inopere
781 5117 999 5171 resuscitationis
1026 5115 1167 5171 obtinente
1193 5114 1298 5184 species
1322 5111 1451 5166 matrices
1476 5116 1561 5182 atque
1583 5108 1861 5182 heterogsneas'pro·

163 5202 285 5257 nondum
300 5201 385 5273 digne
397 5202 465 5256 satis
478 5202 633 5266 aestimant,
653 5219 736 5272 quam
750 5205 1001 5259 ssrnoxsorsanxin
1027 5204 1127 5258 ducere
1152 5201 1257 5272 potuit,
1285 5198 1370 5252 multo
1390 5197 1500 5251 facilius
1520 5214 1553 5253 ex
1572 5197 1687 5250 materia
1704 5197 1861 5268 symbolum

64 5304 68 5311 ·
164 5287 269 5344 directe
288 5295 317 5344 et
332 5288 491 5344 immediate
512 5289 740 5344 resurrectionem
758 5290 886 5360 probans.
918 5291 1000 5362 EJ'us-
1025 5288 1147 5343 habente
1171 5286 1315 5340 individua
1342 5284 1495 5354 specierum
1519 5283 1673 5353 producere
1696 5291 1725 5338 et
1746 5283 1801 5338 bae
1818 5302 1861 5340 ra·

162 5373 239 5428 modi
257 5391 323 5429 vero
338 5374 829 5445 operadivinaquseporquandam
843 5377 1000 5449 analogiam
1025 5376 1101 5431 tione
1129 5372 1235 5444 species
1265 5376 1372 5425 creatas
1404 5385 1560 5440 propagare
1587 5374 1687 5439 potest
1736 5368 1860 5425 Tertium

161 5474 226 5515 enm
243 5460 455 5516 resuscitatione
474 5468 642 5516 mortuorum
661 5461 848 5528 conferuntur,
868 5470 933 5518 sunt
951 5481 999 5534 po·
1026 5462 1098 5516 enim
1112 5459 1222 5514 divinae
1235 5457 1376 5528 potentiae
1389 5472 1460 5523 orsus
1475 5460 1518 5510 est
1528 5457 1686 5525 specierum
1700 5464 1861 5511 creatarum

160 5544 298 5601 desimam
315 5545 377 5602 tria
419 5550 443 5604 1.
468 5548 620 5601 Primatum
644 5547 764 5602 dominis
784 5556 810 5602 et
828 5565 921 5602 renem
940 5566 997 5603 om·
1023 5565 1073 5619 per
1099 5561 1173 5602 aava
1198 5543 1343 5599 individue
1369 5541 1542 5613 propagatio
1568 5558 1602 5597 ac
1627 5542 1792 5614 quotidiana
1811 5560 1860 5598 no·
