4104 6014
301 195 342 267 ss
883 185 1006 245 nouus
1024 183 1230 242 66666166
1250 183 1397 243 666666

302 340 405 397 Christi
422 342 570 413 reliquiae,
597 343 626 398 in
653 342 754 415 quibus
777 347 839 398 tuto
863 359 896 397 ac
923 346 999 397 certo
1016 341 1134 394 salutem
1161 352 1187 393 6.
1206 344 1248 397 29.
1266 357 1300 395 ex
1315 355 1370 412 quo
1386 339 1539 412 colligunt,
1567 340 1781 394 translationem
1807 338 1996 408 reliquiarum
2009 355 2042 394 es·

303 428 412 484 animae
448 433 559 485 nostrae
596 429 763 501 quaerimus.
802 427 903 484 Confer
934 426 1134 482 Mehlfursrum
1160 427 1284 495 exemplo
1310 427 1544 495 patriarcharum
1574 443 1634 479 esse
1673 426 1889 498 comprobatam.
1938 422 1995 478 Re·
2008 406 2042 498 i's‘

304 514 403 571 decad.
422 519 447 570 6.
468 515 570 569 vindic.
589 532 688 586 evang.
707 514 777 584 disp.
791 520 814 570 9.
834 512 904 570 thes.
924 519 966 569 90.
1159 510 1345 581 spondemus:
1364 528 1420 567 non
1438 511 1680 580 demandatione,
1699 512 1748 567 661
1766 511 1897 581 religiosa
1912 525 1995 564 6666-
2009 521 2042 549 ⁷⁰1

161 598 227 642 ml·
242 598 288 642 ¹¹²⁸·
340 606 397 657 111.
432 607 455 658 1.
469 602 562 657 Actor.
575 608 600 670 5,
612 620 638 655 6.
657 608 698 657 15.
709 618 765 654 666
777 608 841 653 sunt
853 598 1015 668 reprehensi
1024 596 1135 668 populi,
1160 596 1266 654 ratione
1289 597 1468 670 reliquiarum
1487 597 1661 669 potissimum
1684 598 1738 653 hoc
1762 599 1824 654 loco
1844 571 2042 669 quaeritari?

172 657 288 753 iffissif‘
303 686 354 756 qui
371 688 497 740 certatim
518 690 560 743 ad
576 688 702 741 umbram
719 687 803 740 Petrs'
827 702 858 738 eo
876 686 973 749 modo,
999 700 1053 753 666
1075 690 1134 752 661
1161 679 1287 754 Corpora
1305 683 1348 738 vel
1369 698 1432 738 ossa
1450 683 1647 740 defunctorum
1662 701 1696 740 ex
1714 701 1770 740 nno
1789 684 1849 740 loco
1870 683 1898 738 in
1910 682 1998 745 alium
2010 665 2042 706 ⁰⁸

173 762 233 802 ΡΜ
250 764 273 802 ‘i
304 780 398 841 erant,
429 774 622 842 attingendam
648 773 844 834 occurrebant,
869 773 921 824 sed
945 772 1042 841 potius
1067 768 1137 833 fiacr·
1162 768 1308 823 transferri
1340 786 1395 825 non
1426 768 1626 840 improbamus,
1657 771 1681 825 si
1703 788 1737 826 ex
1765 787 1849 826 causa
1875 768 1999 841 quadam

173 811 269 905 puppo.
302 876 371 913 suae
385 861 543 929 praemium
567 860 696 914 retulisse
725 860 870 922 dicuntur,
899 865 926 911 et
954 865 1047 911 tamen
1063 871 1135 927 quae
1160 854 1334 919 rationabili,
1363 870 1422 909 non
1446 861 1539 912 antem
1567 874 1602 912 ex
1626 858 1820 928 superstitione
1846 856 1916 910 illud
1939 854 2000 911 liat.

174 917 283 1007 3⁰:32¹
303 944 441 1013 reliquiae
463 945 665 1016 611166661666
691 945 791 999 umbra
819 944 977 1014 6666611661
996 943 1136 1012 possunt!
1162 939 1209 993 Sic
1234 939 1328 994 David
1356 958 1422 995 ossa
1454 940 1552 995 Saulis
1580 949 1608 998 et
1631 944 1788 1009 Jonatbae,
1819 959 1892 1014 quae
1924 941 2000 996 cives

173 1019 255 1111 Q,
305 1031 723 1100 11166661611116661161116.
733 1037 772 1086 12.
782 1027 1138 1101 mperstttiosi,quiPouls'
1161 1025 1248 1081 labes
1270 1024 1415 1080 (11166116
1432 1044 1542 1083 nemore
1555 1028 1642 1086 labes
1657 1029 1831 1100 sepelierant,
1851 1029 1880 1082 in
1893 1034 1997 1083 terram

174 1128 291 1171 escroton·
304 1117 426 1169 sudaria
443 1125 470 1170 61
485 1118 658 1171 semicinctia
678 1118 842 1187 deferebant
860 1119 902 1170 ad
919 1123 1061 1185 aeprotos,
1086 1116 1138 1168 sed
1162 1110 1309 1181 Benjsmin
1329 1112 1465 1167 translata
1489 1114 1580 1183 patrio
1605 1114 1732 1185 sepulcro
1746 1114 1855 1177 intulit,
1880 1119 1905 1171 1.
1924 1115 1999 1170 Sam.

300 1202 397 1269 potius
423 1203 587 1271 rels'ps'onsm
616 1203 732 1258 allorum
769 1203 916 1256 miraculis
953 1202 1136 1265 confirmabat
1164 1203 1205 1264 21,
1236 1214 1261 1251 6.
1297 1204 1337 1253 11.
1375 1198 1414 1251 616
1444 1198 1537 1254 adhuc
1567 1200 1648 1256 hodie
1681 1218 1797 1272 corpora
1827 1207 2000 1272 magnatem,

303 1288 390 1342 Deus
426 1287 505 1344 Idem
519 1293 714 1359 argumentum
731 1293 832 1360 urgent
852 1286 1002 1343 Salmeron.
1021 1292 1088 1341 tom.
1110 1291 1134 1340 6.
1161 1283 1325 1353 praesertim
1369 1291 1448 1339 extra
1485 1285 1644 1355 provinciae
1679 1294 1707 1343 61
1736 1288 1815 1360 regni
1852 1287 1894 1342 sui
1929 1286 2000 1342 fines

302 1379 382 1430 tract.
405 1380 445 1430 15.
469 1373 599 1429 Costerus
623 1380 694 1443 part.
724 1379 746 1430 1.
771 1373 869 1430 concil.
894 1391 959 1445 pag.
981 1378 1041 1431 636.
1081 1371 1135 1425 Re·
1162 1375 1345 1438 mortuorum,
1385 1370 1414 1424 in
1445 1372 1601 1442 sepulcrum
1635 1372 1755 1443 patrium
1782 1373 1947 1429 deseruntur
1966 1391 2000 1429 ex

301 1447 483 1530 spondemui:
517 1467 539 1516 1.
569 1460 666 1515 umbra
697 1460 774 1514 Petri
797 1467 825 1514 et
848 1459 966 1515 sudariis
991 1475 1025 1513 ac
1054 1457 1134 1512 semi-
1162 1472 1247 1509 cause
1276 1455 1397 1526 quadam
1431 1456 1554 1527 politica.
1604 1457 1682 1522 Quae
1709 1476 1774 1514 vero
1798 1476 1884 1513 causa
1906 1459 2000 1526 fuerit,

302 1545 410 1600 61661116
442 1544 523 1600 Ρ6611
561 1545 590 1598 16
627 1545 821 1601 miraculorum
851 1543 1011 1616 operatione
1045 1542 1135 1599 Deum
1162 1546 1276 1611 propter
1302 1551 1385 1613 quam
1408 1541 1498 1598 Jacob
1526 1541 1554 1596 in
1578 1543 1710 1616 Aegypto
1734 1545 1846 1616 sepeliri
1870 1545 2000 1614 noluerit,

301 1630 387 1686 fuisse
416 1647 499 1684 usum
527 1631 657 1701 legimus,
688 1631 737 1687 sed
768 1631 887 1687 externis
919 1630 974 1685 illis
1002 1629 1135 1700 symbolis
1162 1626 1212 1681 sed
1242 1633 1358 1697 accepto
1386 1644 1404 1681 a
1430 1626 1495 1682 filiis
1517 1629 1677 1698 juramento
1702 1630 1732 1684 in
1760 1636 1861 1686 terram
1881 1630 1998 1686 Cenaan

301 1723 449 1788 propterea
470 1715 593 1771 divinum
612 1716 744 1772 honorem
768 1733 801 1770 ac
817 1717 978 1788 religiosum
996 1715 1136 1770 cultuma
1166 1728 1267 1784 eorpus
1288 1730 1368 1768 suum
1380 1713 1525 1769 transferri
1533 1715 1657 1786 jusserit,
1670 1715 1832 1786 interpretes
1847 1718 1999 1789 plurimum

303 1802 357 1873 piis
387 1801 540 1856 exhibitum
564 1800 649 1856 161666
674 1802 801 1872 nuspiam
824 1803 949 1874 legimus.
996 1801 1046 1855 Est
1069 1816 1136 1872 ergo
1168 1800 1286 1856 6661661.
1326 1799 1445 1864 Quidem
1472 1801 1617 1873 assignant
1640 1819 1738 1857 666666
1757 1803 1856 1873 falsas,
1885 1804 1999 1876 quidam

303 1887 332 1941 in
352 1895 516 1959 argumento
533 1888 659 1953 fallacia
674 1890 873 1956 consequentis.
908 1887 1136 1957 1166161666,
1165 1901 1253 1951 veras,
1303 1885 1393 1943 Rebb.
1419 1887 1548 1943 Salomon
1573 1888 1669 1944 larchi
1697 1890 1771 1946 166.
1800 1890 1998 1949 11616666-

303 1991 354 2029 nec
372 1973 476 2028 Paulus
498 1975 658 2046 permittere
684 1974 849 2041 voluerunt,
878 1979 911 2027 nt
941 1990 1034 2029 coram
1067 1973 1135 2044 ipsis
1164 1977 1261 2042 gatus,
1302 1973 1438 2026 Jacobum
1473 1974 1538 2029 ideo
1579 1991 1724 2029 recusasse
1759 1977 1934 2046 sepulturam
1969 1979 2000 2030 16

302 2059 428 2115 homines
448 2061 623 2131 prociderent
647 2077 680 2115 ac
706 2062 838 2132 majorem
864 2078 947 2133 quarn
968 2060 1076 2116 civilem
1094 2076 1135 2114 re·
1164 2059 1306 2130 Aepppto,
1336 2062 1413 2128 qaod
1439 2060 1607 2129 prophetico
1643 2062 1747 2134 spiritu
1772 2064 1952 2132 praeciderit
1984 2079 1999 2116 e

303 2148 452 2203 versutiam
470 2147 539 2218 ipsis
554 2146 724 2214 exhiberent,
743 2147 837 2201 Actor.
857 2152 897 2216 111,
915 2164 940 2202 6.
961 2152 1002 2203 16.
1021 2163 1081 2217 cap.
1096 2152 1136 2214 14,
1159 2145 1278 2213 puluere
1296 2145 1470 2215 Aegyptiace
1496 2147 1654 2200 nascituros
1677 2149 1839 2218 pediculos,
1869 2149 1956 2203 Exod.
1975 2153 1999 2213 8,

304 2252 328 2290 6.
351 2241 390 2291 11.
420 2240 525 2307 quanto
557 2234 648 2289 minus
679 2233 792 2288 umbrae
826 2237 854 2288 61
877 2233 1053 2288 semicinctiis
1080 2232 1137 2288 suis
1163 2247 1189 2285 6.
1225 2238 1264 2288 16.
1295 2251 1314 2288 6
1342 2233 1439 2302 661166
1468 2251 1571 2303 corpus
1601 2253 1681 2288 suum
1716 2237 1834 2290 corrodi
1868 2237 1999 2290 noluerit.

303 2321 461 2393 religiosum
489 2321 594 2375 cultum
624 2326 770 2391 propterea
794 2319 895 2374 deferri
917 2319 993 2390 passi
1009 2319 1136 2382 fuissent,
1163 2316 1272 2372 Deinde
1295 2324 1392 2373 notum
1417 2334 1527 2391 quoque
1552 2319 1638 2375 161666
1664 2320 1773 2377 lacobo
1797 2321 1889 2390 addit,
1923 2324 2001 2391 quod

303 2407 377 2479 quod
402 2407 431 2462 in
461 2407 653 2462 miraculorum
680 2406 840 2477 operatione
867 2404 945 2460 Deus
975 2405 1062 2460 libere
1092 2404 1136 2458 his
1163 2403 1314 2458 1666611166
1334 2412 1415 2457 cetra
1434 2413 1540 2458 terram
1559 2405 1679 2460 Censen
1697 2409 1805 2477 sepulti
1829 2426 1886 2462 666
1904 2425 1999 2463 resur·

303 2491 435 2565 symbolis
459 2497 591 2547 uteretur.
637 2496 659 2549 3.
679 2490 723 2545 Ab
748 2490 847 2546 umbra
862 2490 940 2546 Petri
966 2491 1083 2545 61666116
1107 2495 1136 2546 61
1162 2489 1268 2542 recturi
1284 2491 1341 2543 6161
1360 2507 1379 2541 6
1398 2491 1529 2558 mortuis,
1556 2492 1614 2544 nisi
1632 2510 1688 2562 per
1712 2494 1836 2547 66661166
1861 2496 1998 2564 precariam

304 2578 421 2633 sudariis
440 2578 520 2633 Pauli
543 2578 640 2633 itidem
656 2577 788 2648 61666116,
808 2576 933 2632 docentis
951 2594 984 2633 66
1002 2578 1136 2633 miracula
1162 2582 1269 2628 meatus
1288 2583 1384 2629 terroe
1404 2577 1512 2646 inpsntr‘
1527 2568 1591 2630 cum
1609 2581 1736 2633 61661616
1752 2581 1899 2635 interram
1912 2598 2000 2650 usque

304 2666 407 2720 virtute
423 2665 525 2720 Christi
557 2664 696 2735 operantis
725 2664 761 2718 61
792 2663 912 2719 incertas
938 2663 1134 2719 defunctorum
1157 2662 1329 2741 promissam
1360 2663 1469 2726 fuerint
1502 2665 1635 2722 16661611.
1689 2664 1817 2738 Denique
1858 2666 1998 2722 Jacobum

278 2804 282 2813 ,
304 2758 462 2806 sanctorum
482 2749 613 2822 reliquias
625 2756 817 2821 argumentum
835 2750 945 2818 ducere,
963 2750 1134 2814 661166166-
1161 2765 1260 2803 cavere
1278 2748 1407 2817 66161666,
1426 2766 1461 2802 66
1480 2751 1613 2820 66666111
1632 2754 1673 2804 ad
1697 2753 1895 2807 idololatriam
1910 2755 1999 2822 proni

305 2840 363 2892 lum
381 2855 414 2892 ea
432 2855 522 2891 arena
542 2843 658 2892 nectere.
698 2835 748 2889 Est
768 2852 834 2906 ergo
852 2837 882 2890 in
902 2843 1064 2909 argumento
1083 2835 1134 2891 fal-
1162 2852 1264 2904 corpus
1281 2853 1359 2887 suum
1379 2836 1472 2889 instar
1489 2838 1612 2890 66661616
1630 2839 1759 2893 colerent.
1812 2839 1918 2894 Eadem
1937 2839 1997 2895 iere

305 2925 378 2980 16616
396 2922 613 3000 ἕτεροζητήσιως.
655 2930 679 2980 1.
700 2923 781 2988 Quod
801 2940 851 2994 per
865 2923 989 2978 umbram
1006 2922 1083 2977 Petri
1101 2936 1134 2977 66
1160 2921 1262 2991 repetit
1287 2921 1373 2990 liber,
1401 2922 1447 2976 cui
1476 2940 1576 2978 nomen
1595 2923 1775 2996 Tanchuma,
1804 2925 1852 2998 qui
1874 2927 1998 2982 66611661

304 3011 416 3066 6616616
432 3009 515 3064 Pauli
534 3009 639 3064 factum
657 3008 767 3080 legitur,
785 3007 839 3063 fuit
856 3026 967 3078 prorsus
986 3008 1134 3081 singulare,
1160 3007 1369 3078 explicationem
1386 3008 1582 3077 Pentateuuhi,
1616 3010 1645 3064 in
1670 3012 1792 3065 sectione
1809 3003 1894 3089 361σῖ
1916 3013 1997 3090 11111,

304 3097 449 3169 personale
469 3101 498 3151 61
524 3093 785 3159 extraordinarium,
813 3111 867 3166 quo
885 3094 961 3149 Deus
982 3094 1133 3149 doctrinam
1161 3110 1248 3161 qums
1260 3101 1376 3162 patres,
1392 3094 1501 3167 inquit,
1519 3102 1666 3167 tantopere
1684 3099 1847 3167 cupiverrmt
1869 3100 1898 3152 16
1917 3108 1995 3153 terra

304 3182 454 3254 evangeiii,
474 3199 556 3254 quam
574 3179 787 3252 praedicabant,
807 3178 967 3235 confirmare
985 3185 1014 3234 61
1033 3180 1134 3244 hostes,
1162 3177 1282 3233 Coacon
1310 3179 1445 3251 66661611
1469 3181 1538 3249 quia
1561 3182 1668 3235 mortui
1688 3190 1714 3235 et
1740 3183 1845 3253 sepulti
1867 3186 1899 3239 16
1918 3194 1997 3240 terra

304 3286 339 3325 ne
355 3269 491 3324 616166166
511 3284 609 3322 manus
628 3267 696 3337 ipsis
715 3266 871 3335 injicerent,
890 3266 1020 3322 cohibere
1037 3267 1134 3325 661611.
1164 3265 1283 3320 066666
1298 3267 1392 3336 primo
1412 3276 1558 3334 resurpent
1576 3269 1607 3321 in
1626 3268 1723 3323 116166
1744 3269 1878 3325 Messius.
1911 3272 1996 3327 111611
2022 3260 2027 3275 ’

304 3357 367 3412 Act.
387 3363 410 3424 5,
430 3372 456 3411 6.
477 3359 523 3410 12:
544 3355 603 3407 Per
621 3370 721 3405 manus
732 3353 923 3422 apostolorum
935 3355 1039 3418 fiebant
1052 3355 1135 3421 61666
1162 3353 1196 3407 u.
1210 3352 1361 3415 Hanans‘a:
1383 3351 1439 3413 Qui
1454 3361 1535 3405 cetra
1552 3355 1692 3421 repionem
1705 3354 1824 3409 Canaan
1838 3358 1958 3412 moritur
1971 3366 1996 3412 61

305 3452 330 3498 61
344 3440 482 3513 66611616
502 3440 591 3494 multa
614 3440 645 3492 16
660 3439 749 3508 plebe,
769 3443 850 3495 613.
871 3447 1024 3495 cumarum
1043 3449 1135 3495 autem
1160 3437 1309 3508 sepelitur,
1342 3440 1415 3490 duas
1432 3447 1536 3493 mortes
1558 3441 1696 3494 sustinere
1720 3442 1844 3511 capitur,
1876 3462 1995 3512 quarum

303 3545 383 3582 nemo
402 3545 431 3581 66
443 3527 566 3580 audebat
583 3524 644 3578 11116
662 3525 837 3595 conrumpere.
872 3526 969 3579 Actor.
985 3531 1024 3593 19,
1043 3544 1069 3583 6.
1088 3532 1133 3583 ll:
1160 3543 1219 3580 666
1241 3533 1282 3579 est
1305 3525 1416 3579 animae
1440 3542 1460 3578 a
1482 3543 1599 3596 corpore
1621 3528 1782 3597 separatio,
1814 3529 1908 3584 altera
1930 3548 1996 3586 cero

311 3615 432 3670 Virtutes
455 3631 510 3668 666
533 3611 667 3681 66166666
692 3610 815 3676 faciebat
838 3612 920 3664 Deus
942 3628 997 3681 per
1023 3631 1135 3666 manum
1163 3615 1239 3683 quod
1258 3610 1996 3681 666606666666661161661111666661166666666

305 3701 399 3755 Pauli.
434 3700 475 3753 Ex
494 3714 526 3753 eo
545 3715 610 3753 vero
629 3697 756 3768 generale
774 3696 888 3769 aliquod
906 3696 1029 3767 religiosi
1044 3698 1135 3752 661166
1160 3705 1267 3751 meatus
1294 3705 1321 3752 et
1344 3698 1461 3767 pervim
1489 3698 1617 3766 scrobes,
1639 3715 1694 3767 per
1720 3716 1791 3768 quas
1826 3700 1856 3754 r'n
1890 3710 1996 3756 terram

305 3786 514 3841 fundamentum
534 3782 591 3854 peti
611 3782 721 3853 nequit,
744 3798 806 3836 curn
832 3800 1008 3855 nequaquam
1026 3782 1082 3839 fine
1102 3800 1134 3839 eo
1161 3783 1386 3855 66666166αέ16
1414 3784 1586 3852 promissam
1612 3793 1639 3837 et
1665 3792 1791 3838 sanctam
1820 3803 1942 3857 corpora
1961 3790 1995 3843 11-

306 3871 439 3927 miracula
463 3888 513 3941 per
544 3868 669 3923 umbram
691 3868 767 3923 Petri
793 3875 821 3923 et
848 3869 1020 3924 semicinctia
1052 3869 1135 3924 Pauli
1162 3871 1252 3924 lorum
1283 3887 1385 3939 mopso
1416 3870 1513 3923 labore
1539 3877 1565 3923 et
1592 3871 1718 3924 crrmiotu
1747 3879 1909 3942 penetrant,
1941 3894 1995 3944 quo

306 3958 381 4014 16616
398 3957 468 4025 6161,
494 3963 525 4010 61
542 3954 667 4010 homines
684 3954 721 4007 ad
739 3954 848 4009 illorum
865 3954 971 4009 cultum
987 3955 1134 4012 166116666-
1160 3963 1293 4025 superato
1314 3958 1395 4009 Deus
1419 3956 1595 4025 spiraculum
1620 3956 1694 4011 uitae
1721 3957 1783 4011 illis
1801 3958 1935 4029 inspirat,
1965 3970 1996 4016 ut

306 4053 360 4102 tur.
396 4044 448 4119 Est
464 4043 550 4114 igitur
567 4041 596 4095 in
614 4046 776 4113 argumento
788 4041 918 4110 fallacia
936 4042 1010 4105 6616.
1042 4043 1135 4098 5111-
1161 4059 1306 4112 reserpere
1331 4051 1441 4112 queant.
1489 4041 1546 4097 Sed
1573 4041 1643 4097 haec
1673 4043 1780 4098 somnia
1808 4045 1996 4103 confutatione

307 4131 463 4187 raculorum
484 4128 587 4184 donum
612 4128 667 4181 1611
693 4126 824 4181 ecclesiae
844 4127 1011 4198 apostolieae
1029 4145 1062 4184 ac
1080 4129 1134 4200 pri·
1161 4144 1217 4183 non
1245 4134 1310 4182 sunt
1338 4126 1433 4198 digna.
1481 4127 1665 4183 Bellarminus
1694 4128 1742 4184 lib.
1774 4137 1796 4187 1.
1824 4130 1859 4185 de
1884 4140 1996 4205 purgat.

307 4218 419 4273 16111666
447 4214 604 4287 proprium,
642 4213 716 4284 quod
753 4219 844 4268 autem
878 4214 1023 4284 postremis
1059 4214 1134 4270 hisce
1161 4232 1186 4273 6.
1206 4221 1230 4270 1.
1250 4219 1340 4286 66161,
1360 4214 1534 4288 patriarchas
1551 4214 1614 4271 ideo
1627 4222 1737 4287 optasse
1755 4216 1865 4287 sepeliri
1882 4217 1997 4274 interra

306 4304 438 4361 ecclesiae
462 4299 631 4372 temporibus
656 4315 674 4353 a
702 4299 825 4370 reliquiis
850 4305 1008 4354 sanctorum
1038 4312 1133 4371 exspe-
1162 4306 1265 4367 sancta,
1286 4309 1317 4355 ut
1334 4303 1599 4372 fierentparticspcs
1607 4319 1724 4370 precum
1737 4320 1771 4356 ac
1784 4304 1995 4373 sacm'ficr‘crum,

305 4389 475 4446 6166166161
489 4386 628 4455 miracula,
646 4383 723 4441 1666
736 4402 769 4440 ex
783 4384 867 4440 verbo
882 4384 937 4440 Dei
950 4385 1028 4441 nulla
1040 4386 1135 4442 afferri
1162 4405 1234 4459 6666
1252 4388 1293 4441 111
1309 4389 1507 4459 offerebantur.
1559 4388 1615 4443 Sed
1637 4388 1670 4443 de
1688 4389 1740 4445 hac
1764 4389 1926 4461 hypothesi,
1960 4408 1996 4447 66

306 4483 400 4550 661661
421 4473 575 4547 promissio.
620 4470 720 4527 Confer
742 4477 822 4528 tract.
848 4470 882 4526 de
910 4473 1006 4527 eccles.
1026 4469 1054 4547 ᾖ,
1075 4479 1134 4529 115.
1162 4473 1288 4529 defuncti
1303 4475 1427 4528 virorum
1441 4473 1581 4546 suffragiis
1595 4475 1738 4545 juventur,
1754 4476 1996 4547 dicemuspostea.

307 4569 329 4619 6.
353 4561 382 4618 Si
413 4561 543 4634 apostoli,
579 4559 644 4614 dum
659 4557 798 4626 virerent,
826 4574 881 4612 non
907 4563 1058 4631 potuerunt
1083 4577 1134 4629 pro
1162 4559 1252 4616 Verae
1270 4576 1387 4629 666666,
1407 4567 1519 4630 propter
1538 4577 1608 4632 quas
1625 4562 1715 4618 Jacob
1733 4580 1789 4616 non
1808 4561 1836 4615 in
1855 4563 1997 4634 Aegypto,

306 4665 356 4702 sno
373 4647 509 4703 arbitratu
532 4645 667 4702 miracula
691 4642 787 4710 edere,
813 4643 862 4698 sed
883 4661 900 4697 6
923 4643 1062 4698 liberrimo
1081 4644 1135 4700 Dei
1163 4647 1213 4702 sed
1232 4646 1261 4701 in
1280 4654 1355 4702 terra
1368 4645 1481 4702 Oansan
1501 4646 1611 4717 sepeliri
1630 4648 1725 4717 661611,
1743 4647 1917 4718 potissimum
1931 4659 1996 4705 sunt

309 4733 485 4803 beneplacito
523 4732 590 4802 ipsis
627 4729 680 4784 hac
715 4729 744 4783 in
779 4745 809 4783 re
832 4747 941 4800 semper
971 4729 1026 4784 fuit
1053 4730 1135 4785 unice
1161 4738 1287 4805 quatuor.
1325 4740 1350 4790 1.
1373 4734 1480 4786 Terrae
1497 4734 1577 4786 illius
1592 4736 1761 4806 promtum,
1783 4750 1865 4804 quam
1884 4751 1995 4791 causam

306 4818 500 4892 pendendum,
529 4817 615 4871 multo
646 4817 736 4871 minus
770 4816 910 4871 ordinaria
939 4833 972 4871 ac
1000 4823 1136 4889 perpetua
1162 4819 1190 4873 in
1209 4818 1290 4872 simili
1309 4817 1441 4873 mandato
1460 4819 1587 4890 exprimit
1604 4819 1744 4892 losephus
1762 4819 1833 4875 Gen.
1853 4826 1895 4889 56,
1913 4839 1938 4877 6,
1955 4828 1996 4878 24.

307 4906 443 4980 quaedam
472 4903 513 4956 616
541 4903 675 4959 miracula
700 4904 835 4975 operandi
860 4905 983 4974 ipsorum
1010 4904 1354 4991 reliquiis5Theodoretus
1372 4911 1478 4977 quaest.
1501 4911 1558 4962 1111.
1589 4906 1618 4960 16
1638 4904 1753 4963 Genea:
1787 4906 1882 4970 Quare
1905 4908 1997 4961 Jacob

307 5000 350 5049 eet
366 4990 556 5048 adscribenda.
596 4989 651 5046 Sed
670 5007 766 5047 rerum
786 4990 872 5055 illud,
898 4989 971 5044 Phil.
992 4995 1025 5056 1,
1044 5009 1070 5047 6.
1092 4991 1280 5062 1616666166·
1305 4993 1452 5045 mandauit
1476 5009 1577 5063 corpus
1601 5010 1681 5046 suum
1710 4993 1741 5046 16
1765 4993 1905 5047 Hebron!
1940 5012 1997 5048 666

308 5093 374 5149 ergo
392 5082 421 5130 et
436 5075 496 5132 hoc.
1162 5080 1241 5149 quod
1258 5081 1293 5133 de
1312 5079 1459 5149 66661666
1477 5080 1563 5133 ualde
1580 5077 1707 5133 solicitus
1725 5086 1810 5143 essct,
1830 5088 1860 5134 ut
1880 5081 1997 5150 quidam

181 5190 248 5232 uisa
348 5170 403 5220 115.
439 5161 524 5217 Hisce
538 5159 698 5233 Scripturas
710 5163 791 5218 dictis
811 5169 840 5219 et
856 5162 988 5234 exemplis
1001 5162 1136 5218 aBellar·
1159 5172 1312 5235 patmum,
1337 5166 1390 5218 secl
1412 5171 1442 5217 ut
1460 5165 1611 5234 familiam
1638 5182 1719 5217 auam
1744 5166 1938 5235 consolaretur
1962 5184 1997 5220 ac

181 5241 277 5334 {gllff'
307 5250 382 5304 mino
411 5248 537 5304 adductis
564 5247 611 5302 alii
635 5249 783 5320 scriptores
804 5247 940 5304 Pontificii
965 5250 1049 5305 etiam
1065 5249 1134 5305 baec
1149 5252 1289 5365 pasceret,
1318 5253 1472 5305 Dominum
1490 5254 1582 5306 Deum
1600 5252 1795 5306 traducturum
1818 5253 1885 5307 11166
1903 5270 1998 5308 omncs

180 5336 423 5404 muru-addunt,
440 5339 463 5391 1.
476 5337 553 5405 6661
569 5335 694 5388 Jacobus
703 5336 940 5406 patriarcharum
957 5338 987 5391 16
999 5341 1196 5413 Accumulat
1213 5339 1340 5408 Aegypto
1372 5346 1397 5391 et
1432 5341 1565 5393 datumsm
1593 5338 1653 5391 illr's
1686 5346 1793 5392 terram
1816 5339 1997 5408 promissam.

168 5393 357 5486 ¹“ifii'1iijsss
383 5425 412 5477 16
439 5431 516 5476 terra
542 5421 661 5476 Oanaan
687 5421 806 5490 sepeliri
829 5424 962 5493 uoluerit,
994 5421 1065 5478 Gen.
1093 5430 1136 5489 41,
1150 5420 1261 5480 'Voluit
1289 5423 1375 5494 igitur
1394 5425 1518 5480 lacobus
1541 5423 1647 5477 animos
1672 5439 1784 5478 suorum
1807 5424 1836 5478 in
1858 5426 1997 5495 prosperis
