4074 6022
642 227 694 283 DE
712 225 956 285 MORTUOBUM
975 222 1299 286 assummum.
1760 232 1822 293 469

137 379 262 448 damea,
278 379 327 433 ubi
344 380 418 435 bona
436 382 513 437 airr's
529 384 690 439 concitatio
708 390 749 438 ert
767 391 793 438 et
806 382 967 454 tranquilli·
994 382 1034 439 Ut
1052 383 1126 439 enim
1143 388 1274 455 corrupta
1292 389 1386 439 nostra
1404 390 1505 438 ιιιιιιιιι
1520 399 1576 438 nou
1593 387 1686 453 potest
1704 398 1821 452 regnum

136 472 180 518 tar
210 467 300 520 metis
331 474 358 520 ct
390 469 485 523 omnia
514 468 645 525 aabcrea
671 470 754 525 lunae
777 470 838 524 luce
855 476 968 533 mnata,
992 469 1130 525 coelorum
1157 470 1305 542 consequi,
1336 469 1389 525 nisi
1420 476 1599 541 ιιςιιιιιιιιιι
1625 475 1823 524 serenaretur

135 551 205 606 luna
234 553 308 607 lucet
335 554 411 608 uelut
436 556 495 622 eoi,
528 574 584 611 non
609 558 721 612 omnino
744 557 803 612 sole
829 563 968 611 carerstem
992 554 1312 628 perturbantem.
1332 563 1347 613 3
1373 575 1399 612 r.
1417 563 1441 613 5.
1462 555 1501 612 sic
1522 573 1640 627 corpora
1656 562 1752 611 ιιοιιιι
1766 572 1821 609 non

135 638 234 692 liinam
253 655 327 703 erre,
350 641 443 709 ipsum
459 643 561 696 testari
575 645 744 713 diruemus,
766 645 818 698 scd
835 643 907 697 ricrd
923 660 967 698 so·
991 649 1108 714 possum
1138 643 1216 715 regni
1243 643 1371 700 coelestis
1397 642 1456 700 fieri
1479 643 1643 715 participia,
1676 642 1729 696 nisi
1745 642 1823 712 prius

135 725 198 784 lem.
235 724 474 787 Quemadmodum
492 738 518 783 st
536 732 614 798 quod
631 748 687 785 non
699 737 860 798 micarum,
876 745 967 799 prope
992 726 1105 806 φθοράν
1134 736 1162 786 et
1187 730 1447 802 corruptibilitatem
1473 731 1614 796 exuerint,
1644 746 1678 784 ac
1705 727 1822 799 proinde

135 822 224 867 autem
243 820 283 867 ιιι
302 820 332 866 ut
348 814 385 867 sit
404 832 515 883 armum,
534 816 605 870 sicrrt
625 834 725 871 aarum
745 817 850 870 dicitur
870 824 897 871 et
911 833 967 870 non
992 833 1047 871 non
1072 817 1258 882 mbctantiae,
1290 817 1340 872 sed
1370 818 1472 888 culpae
1497 816 1607 873 nomine
1626 832 1691 871 caro
1713 820 1742 871 et
1760 831 1822 869 seu·

135 916 244 953 aarum.
282 899 318 954 Si
340 917 406 954 uero
431 909 501 957 erret
519 920 635 972 numm,
659 920 715 958 non
736 901 967 957 annuariam
991 901 1054 972 guis
1079 919 1096 956 a
1121 919 1208 974 regno
1227 902 1281 957 Dei
1308 908 1442 961 arcentur.
1479 909 1504 958 t.
1525 902 1588 967 Qua
1615 902 1650 957 de
1674 918 1704 956 re
1727 899 1767 955 sic
1784 900 1822 956 lo

135 1003 250 1054 aarum,
277 988 330 1039 red
355 1004 464 1046 aurum.
502 988 623 1051 Quando
641 1007 707 1044 vero
723 1008 779 1044 non
797 997 838 1044 ert
857 1006 966 1055 aurum,
991 992 1114 1058 quuntur
1140 987 1181 1058 pii
1205 994 1312 1044 veterem
1339 988 1369 1043 iu
1405 987 1473 1043 dicti
1498 988 1582 1058 hujus
1607 986 1751 1058 apostolici
1776 1002 1821 1041 ex·

134 1074 187 1126 red
209 1076 416 1143 propemodum
445 1083 486 1129 ιιι
514 1094 617 1130 aarum
647 1084 673 1130 ct
705 1076 873 1145 imapinetur
904 1074 967 1144 auis
990 1072 1147 1143 plicatione,
1172 1072 1303 1129 Irenaeus
1320 1073 1368 1129 lib.
1389 1081 1412 1130 b.
1432 1092 1455 1132 e.
1479 1080 1518 1130 12.
1540 1093 1567 1146 p.
1582 1070 1652 1130 '³262
1683 1075 1820 1142 Quotquot

135 1175 249 1223 cumane,
275 1160 350 1213 celat
374 1178 474 1214 aurum
499 1161 611 1218 dieitur.
649 1163 697 1216 Ita
722 1162 805 1216 edam
824 1161 898 1216 uelut
917 1178 966 1215 an·
990 1160 1024 1214 id
1040 1163 1118 1230 quod
1133 1161 1225 1215 calcat
1243 1169 1270 1215 st
1285 1163 1394 1227 format
1420 1162 1451 1215 in
1475 1161 1561 1215 uitam
1578 1178 1635 1214 non
1651 1160 1766 1227 babent,
1792 1159 1824 1211 bi

133 1244 211 1312 pelas
229 1247 295 1309 fore
313 1247 343 1299 in
362 1247 576 1314 rerurrectione,
594 1266 650 1301 non
667 1248 967 1318 bocipsumproferre
991 1255 1187 1316 cmsesquentcr
1208 1253 1289 1300 erunt
1314 1255 1340 1301 ct
1368 1247 1540 1301 vocabuntur
1564 1263 1631 1301 caro
1651 1254 1676 1301 et
1698 1246 1822 1313 sanquis,

135 1331 267 1386 audimur
286 1333 396 1402 iprum,
414 1341 525 1388 sandes
544 1334 675 1389 uidelicet
691 1335 756 1399 fore
774 1334 899 1403 arspslos,
917 1333 969 1387 sed
992 1334 1096 1403 quippe
1128 1332 1178 1402 qui
1204 1350 1260 1387 non
1292 1334 1393 1387 babent
1421 1332 1562 1401 Spiritum
1586 1333 1645 1387 Dei
1666 1333 1696 1386 in
1717 1348 1747 1386 se
1768 1335 1820 1386 etc.

130 1434 223 1487 prope
240 1427 271 1473 ut
288 1420 344 1473 sint
362 1421 458 1487 ampeli
474 1425 526 1477 etc.
991 1437 1017 1490 p.
1044 1424 1109 1475 327:
1144 1421 1220 1474 Caro
1250 1421 1311 1474 sine
1341 1419 1452 1489 Spiritu
1478 1419 1538 1472 Dei
1560 1427 1673 1472 mortuo
1700 1425 1741 1471 est
1765 1435 1821 1471 non

60 1516 75 1547 ¹
169 1510 210 1560 75.
241 1509 268 1559 2.
295 1506 341 1559 Ec
369 1505 432 1560 loeo
461 1506 617 1576 apostolico
646 1512 669 1562 1.
695 1505 757 1561 Cor.
786 1511 831 1574 lb,
859 1523 887 1559 v.
916 1509 965 1560 50:
991 1504 1093 1559 babens
1116 1505 1216 1574 mtam,
1248 1523 1366 1577 repnum
1394 1505 1456 1559 Dei
1473 1504 1623 1575 possidere
1652 1522 1707 1560 aon
1728 1511 1822 1573 potest

60 1556 121 1652 μ’
137 1589 213 1645 Gara
232 1599 258 1644 et
275 1591 391 1659 sanquis
409 1592 786 1661 nonpossidebuntrepnum
799 1592 865 1647 Dei.
885 1594 966 1661 Erpa
991 1592 1107 1660 eampuis
1135 1593 1315 1647 irrauonalis
1340 1592 1415 1646 velut
1441 1607 1518 1660 amsa
1542 1592 1632 1662 effessa
1652 1592 1683 1645 iu
1708 1599 1821 1660 terram,

134 1695 257 1747 corpora
272 1679 444 1732 ramatum
461 1686 487 1732 ct
506 1678 670 1748 plurificata
685 1698 743 1733 non
754 1678 891 1733 babebunt
904 1696 965 1732 car·
991 1686 1018 1732 et
1030 1685 1151 1749 propter
1170 1679 1222 1734 boc
1241 1681 1292 1746 ait,
1311 1678 1406 1748 quola
1419 1685 1557 1746 terrenus,
1577 1678 1648 1731 tales
1666 1686 1693 1731 ct
1708 1678 1820 1731 terreni.

134 1780 196 1818 nem
215 1774 243 1818 et
261 1764 433 1835 ronpmnsm.
469 1763 695 1835 Respondemus:
725 1771 748 1821 1.
767 1764 917 1835 Apostolus
937 1763 966 1817 in
994 1765 1047 1820 Ubi
1066 1771 1156 1820 autem
1177 1765 1303 1834 Spimlus
1321 1764 1435 1830 Patris,
1460 1764 1502 1816 ibi
1524 1764 1604 1818 bomo
1625 1765 1733 1832 moena,
1756 1782 1821 1818 san·

134 1850 232 1906 eodem
258 1851 350 1921 capite
367 1851 493 1923 ejusdem
511 1868 626 1908 numero
644 1850 850 1907 normantia
870 1866 965 1921 corpo
990 1851 1054 1919 puis
1070 1851 1221 1905 rationalis
1241 1853 1282 1905 ad
1297 1852 1432 1905 ultionem
1451 1868 1471 1903 a
1490 1852 1555 1905 Dec
1572 1848 1734 1919 ιιιιιιάἰιιιι,
1752 1869 1821 1906 caro

134 1939 173 1992 ris
200 1939 439 2018 resuscitationem
463 1939 611 2010 perspicue
635 1939 750 2008 ιιιιιίι,
781 1945 814 1994 ιιι
840 1939 966 2009 superius
990 1954 1010 1991 a
1035 1938 1145 2008 Spiritu
1171 1940 1282 1993 obsessa
1307 1938 1396 1992 oblita
1422 1937 1535 2006 quidem
1561 1938 1620 2005 sui,
1658 1939 1822 2008 qualitatem

133 2025 314 2081 ostendimus.
351 2031 374 2081 2.
387 2025 451 2083 Non
471 2043 538 2097 crgo
558 2026 667 2096 deipsa
678 2024 799 2096 corporis
812 2025 967 2080 substantia
992 2033 1083 2081 auum
1104 2026 1231 2095 Spiritu
1251 2043 1396 2080 cucumam
1415 2025 1571 2089 conformia
1589 2026 1671 2089 sacta
1685 2034 1726 2081 cet
1738 2026 1822 2081 uerbo

133 2111 227 2176 ἁπλῶς
246 2112 275 2166 in
293 2130 324 2168 se
337 2112 528 2181 considerata,
555 2111 605 2167 sed
630 2112 664 2168 dc
688 2111 858 2168 adhaerente
875 2110 966 2166 carnis
993 2113 1052 2165 Dei
1067 2118 1120 2167 etc.
1132 2111 1320 2183 ricutsponsa
1338 2126 1482 2166 asmmsre
1500 2128 1634 2181 sponsum
1652 2130 1707 2167 non
1723 2120 1823 2183 potest,

133 2198 310 2270 corruptione
333 2204 361 2255 et
380 2198 506 2268 ejusdem
525 2198 555 2252 in
578 2197 631 2253 hac
648 2198 707 2253 vita
726 2198 881 2254 conditione
900 2215 965 2268 apo·
991 2199 1099 2253 assumi
1116 2205 1206 2253 aedem
1229 2217 1249 2251 a
1272 2215 1375 2269 sponw
1397 2205 1502 2269 potest,
1526 2215 1589 2253 cum
1608 2199 1713 2254 osnmit
1732 2208 1759 2254 st
1776 2217 1822 2254 ac-

133 2286 221 2340 atolus
248 2284 385 2357 loquitur,
411 2286 486 2357 quod
513 2284 620 2340 scilicet
637 2301 747 2355 corpus,
773 2292 908 2357 quatenus
938 2289 967 2340 et
992 2285 1096 2354 ceperit
1113 2301 1176 2338 cam
1193 2301 1320 2355 sponsus,
1339 2284 1381 2338 sic
1400 2291 1426 2337 et
1445 2301 1514 2339 caro
1532 2285 1601 2338 baec
1617 2288 1770 2340 secundum
1791 2302 1821 2341 se

134 2370 268 2443 quamdiu
286 2377 329 2426 ιιι
347 2371 480 2439 animale,
506 2370 637 2434 mortale,
661 2376 777 2440 peceato
797 2375 966 2440 corruptum,
992 2371 1097 2441 ipram,
1122 2371 1156 2424 id
1180 2378 1220 2425 est
1241 2372 1319 2441 sola,
1345 2387 1459 2440 rspnum
1480 2371 1541 2425 Dei
1558 2372 1714 2428 incditate
1729 2375 1823 2444 possi-

133 2458 240 2514 vitiosir
273 2456 500 2513 inclinationibus
531 2456 679 2513 obnoxium
711 2463 763 2514 eta
794 2475 849 2513 non
880 2457 968 2528 possit
993 2459 1062 2512 dere
1090 2475 1145 2512 non
1173 2465 1281 2527 potent,
1310 2457 1464 2512 bmedimte
1498 2464 1590 2512 autem
1619 2460 1764 2530 possideri
1793 2461 1823 2514 in

134 2561 252 2616 regnum
286 2544 341 2599 Dei
369 2542 538 2612 hereditare,
569 2543 618 2598 scd
646 2543 832 2600 necessarium
856 2543 906 2611 sit,
935 2547 968 2597 ut
992 2560 1078 2612 repno
1098 2542 1158 2597 Dei
1175 2560 1195 2597 a
1213 2542 1325 2613 Spiritu
1339 2551 1439 2613 potsrt.
1472 2560 1497 2614 p.
1516 2549 1580 2601 ³28:
1602 2545 1699 2600 Nolite
1716 2563 1823 2615 errare,

136 2630 316 2702 qualitatum,
338 2646 393 2685 non
411 2635 505 2685 autem
521 2629 695 2685 substantiae
711 2630 820 2687 ratione
837 2634 967 2685 mutetur.
994 2631 1127 2699 quoniam
1143 2630 1202 2685 nisi
1217 2631 1329 2685 uerbum
1348 2630 1408 2684 Dei
1426 2628 1625 2684 inhabitaverit
1650 2638 1677 2685 ιι
1696 2631 1823 2704 Spiritus

136 2723 161 2775 3.
179 2715 261 2773 Hunc
289 2716 543 2787 interpretationem
572 2716 675 2787 probat
703 2715 837 2772 connexio
861 2722 967 2784 mnus,
993 2717 1093 2771 Patris
1104 2718 1200 2785 fiacrit
1219 2717 1250 2771 in
1267 2717 1359 2786 uobis,
1378 2733 1450 2770 cass
1469 2724 1561 2770 autem
1579 2725 1606 2771 et
1620 2727 1709 2789 prout
1728 2720 1824 2789 merit,

135 2804 278 2874 apostolus
294 2820 318 2857 r.
335 2807 378 2858 49.
395 2801 498 2873 inquit:
526 2802 606 2856 &cert
622 2805 798 2873 portaoimus
817 2804 967 2874 imapincm
994 2804 1152 2858 convmsati
1172 2803 1305 2872 fueritis,
1336 2803 1422 2873 quasi
1444 2809 1554 2856 tantum
1576 2820 1644 2857 caro
1665 2813 1692 2858 et
1707 2806 1824 2876 rampuis

136 2891 241 2945 terrem
259 2889 370 2959 (Adami
388 2889 494 2944 scilicet
512 2888 541 2943 in
560 2889 613 2945 hac
631 2890 713 2959 viu),
736 2891 778 2945 sic
790 2891 968 2960 portabimus
994 2891 1155 2944 ambientes
1172 2906 1287 2957 repnum
1308 2889 1366 2943 Dei
1384 2891 1535 2960 possidere
1554 2908 1609 2944 non
1625 2893 1755 2962 poteritis
1771 2900 1823 2949 ete

136 2978 285 3047 imapinem
309 2975 434 3029 coelestis
461 2974 575 3041 (Christi
602 2976 708 3031 scilieet
727 2976 757 3031 in
777 2978 873 3032 futura
891 2977 968 3044 rita),
993 2975 1183 3033 Tertullianus
1202 2975 1249 3030 lib.
1267 2975 1302 3031 de
1319 2991 1432 3033 recum:
1451 2975 1528 3030 Oaro
1547 2985 1574 3031 ιι
1585 2979 1702 3047 sanpuir
1715 2979 1824 3035 nomine

137 3084 161 3122 v.
182 3070 223 3121 50.
249 3063 408 3136 subjungit:
438 3061 494 3127 ὅτι,
518 3062 601 3132 quia,
632 3070 749 3117 caro-et
772 3065 890 3133 sanpuie
913 3082 968 3119 non
995 3065 1096 3134 culpor
1129 3064 1185 3118 non
1221 3064 1394 3117 substantiae
1431 3070 1564 3117 arcentur
1594 3083 1612 3118 a
1643 3083 1730 3135 repro
1757 3067 1824 3124 Dei.

136 3152 319 3224 possidebam
328 3167 444 3218 repnum
453 3150 518 3219 Dei,
531 3149 548 3203 i.
559 3166 582 3203 e.
595 3149 658 3205 ideo
669 3149 739 3218 dico,
752 3167 803 3205 nos
812 3156 969 3222 gestaturos
995 3149 1157 3207 Ambrosius
1187 3149 1215 3204 in
1239 3166 1308 3206 com.
1336 3156 1358 3206 1.
1382 3149 1444 3204 (bor.
1473 3155 1519 3207 lb:
1550 3151 1722 3222 Frequenter
1747 3153 1825 3208 Scri·

138 3239 287 3310 imaginem
306 3237 447 3307 coelestis,
472 3236 539 3308 quia
563 3253 629 3292 caro
651 3242 679 3291 et
703 3237 817 3309 sanguis
835 3237 893 3293 sire
909 3255 967 3295 cor·
991 3247 1081 3310 ptura
1098 3252 1211 3291 carnem
1226 3254 1282 3305 pro
1300 3235 1431 3307 operibus
1447 3236 1574 3289 nominat
1593 3241 1703 3307 carnia,
1728 3248 1758 3293 ut
1777 3241 1826 3311 ibi,

137 3345 190 3398 pus
209 3324 330 3381 animale
356 3329 384 3380 et
410 3321 535 3392 mortale,-
560 3328 698 3394 quatenus
726 3322 819 3379 adhuc
838 3323 895 3380 talo
913 3340 969 3379 non
994 3343 1043 3380 eos
1060 3332 1153 3379 autem
1169 3323 1199 3376 in
1217 3340 1304 3377 carne
1321 3339 1379 3375 non
1396 3322 1470 3386 estis,
1485 3322 1578 3375 sedin
1591 3323 1712 3392 Spiritu.
1731 3326 1825 3381 Aliter

136 3417 231 3483 potest
257 3427 374 3483 regnum
400 3408 454 3464 Dei
487 3407 649 3479 possidere,
681 3409 782 3479 probas
810 3408 970 3482 luriiynosr
996 3429 1064 3466 carc
1088 3411 1160 3464 sicut
1183 3416 1225 3462 cst
1241 3426 1358 3477 reperim
1375 3409 1435 3462 Dei
1452 3426 1508 3461 non
1525 3409 1683 3478 possidebit
1700 3413 1757 3466 nisi
1775 3414 1825 3467 im·

61 3515 75 3557 2.
88 3511 124 3555 ιι.
138 3497 295 3554 immediate
315 3495 455 3565 subjecta,
471 3511 561 3565 nepae
578 3496 738 3566 corruptio,
765 3495 871 3569 inquit,
893 3501 968 3551 bere-
997 3497 1169 3552 mortalitate
1189 3495 1296 3549 ιιιιιιιι.
1329 3494 1504 3566 Augustinus
1526 3502 1600 3553 cont.
1620 3495 1683 3554 adr.
1712 3499 1780 3571 legis
1797 3507 1826 3554 et

139 3583 241 3638 ditabit
266 3581 503 3652 incorruptelam,
528 3580 558 3634 id
582 3589 625 3636 est
649 3598 714 3637 caro
730 3590 759 3638 et
779 3583 893 3654 sanguis
910 3600 969 3639 cor·
996 3582 1091 3656 proph.
1115 3579 1176 3635 libr.
1194 3586 1219 3636 2.
1243 3597 1306 3651 cap.
1327 3586 1360 3636 b:
1392 3581 1503 3635 Paullus
1526 3588 1576 3635 aut
1597 3585 1693 3637 carnis
1717 3593 1743 3639 ct
1760 3604 1825 3640 san·

139 3669 286 3741 rnptibilis,
307 3674 443 3740 quatenus
462 3665 570 3721 sedicet
589 3667 654 3722 talis
674 3674 703 3723 et
719 3686 819 3740 eorpus
834 3670 969 3741 corrupti·
996 3671 1090 3743 pruna
1106 3668 1215 3722 nomine
1232 3669 1439 3736 corruptionem
1452 3669 1547 3722 carnis
1558 3669 1736 3739 ripnificaoit,
1754 3690 1825 3742 quae

138 3756 203 3826 bile,
221 3760 358 3828 quatenus
369 3752 433 3817 tale,
453 3769 509 3808 non
527 3753 680 3824 possidebit
690 3772 807 3826 regnum
819 3757 970 3824 coelorumt
997 3762 1027 3813 in
1044 3755 1249 3812 rerurrectione
1266 3771 1322 3808 non
1342 3754 1396 3806 erit
1401 3773 1413 3824 ,-
1432 3762 1481 3808 aut
1497 3771 1611 3809 carnem
1622 3764 1648 3810 et
1660 3758 1825 3827 sanquinem

138 3842 240 3916 probat
258 3840 346 3896 illatio
365 3858 391 3895 v.
404 3846 444 3896 53.
466 3839 623 3911 subjuncta,
643 3843 711 3911 quea
729 3859 798 3896 caro
817 3849 844 3896 et
855 3842 971 3912 eanpusb
997 3848 1038 3900 ad
1055 3859 1147 3899 omnes
1165 3840 1314 3896 illecebrae
1331 3840 1502 3894 secularium
1516 3842 1691 3915 colriptatum
1708 3846 1792 3899 carni
1802 3854 1827 3899 et

141 3927 342 4000 corruptibilia,
370 3934 507 3999 quatenus
526 3932 555 3981 et
585 3928 718 3998 quamdiu
743 3936 787 3985 est
807 3928 886 4002 talis,
915 3948 971 3985 non
995 3929 1129 4000 sanauini
1149 3928 1264 3985 daddus
1287 3928 1402 3993 retulit,
1428 3929 1528 3998 mribus
1551 3946 1665 3999 reqnum
1690 3932 1749 3986 Dei
1771 3951 1828 3985 non

136 4023 231 4085 pateat
246 4031 361 4083 repnum
375 4014 435 4068 Dei
447 4014 608 4084 possidere,
625 4013 688 4069 ideo
708 4023 816 4086 oportet
833 4017 970 4086 corrupti·
993 4017 1165 4089 possidetur,
1199 4014 1232 4068 In
1251 4012 1329 4069 euch.
1348 4030 1410 4085 cap.
1430 4020 1476 4070 el:
1506 4016 1647 4077 Quantum
1669 4017 1769 4071 attinet
1787 4020 1829 4071 ad

143 4103 197 4157 bile
217 4102 268 4156 broc
287 4101 405 4154 iuduere
428 4101 663 4170 incorruptionem
682 4109 708 4155 et
727 4102 846 4157 mortale
861 4102 914 4156 boc
929 4103 971 4157 iu·
997 4103 1203 4174 corruptionem
1230 4107 1257 4154 ιι
1282 4102 1323 4154 ad
1349 4100 1432 4167 uitia,
1467 4102 1565 4169 quibua
1592 4119 1661 4156 caro
1690 4105 1827 4158 aduersus

143 4192 229 4244 duere
254 4187 505 4254 immortalitatem,
534 4185 582 4241 ubi
606 4185 699 4252 vides,
727 4192 854 4244 notanter
877 4187 973 4244 distin·
997 4192 1122 4248 animam
1139 4187 1324 4257 cmmpneir,
1351 4195 1416 4240 tunc
1434 4205 1491 4241 non
1508 4187 1563 4242 erit
1578 4206 1663 4258 caro,·
1695 4198 1829 4260 meantum

140 4292 226 4350 gruere
252 4274 407 4345 apostolum
434 4274 506 4329 inter
531 4272 644 4347 propin
667 4277 713 4328 inl
732 4271 876 4347 φθαρτόν,
902 4278 973 4333 iuter
998 4280 1039 4332 ad
1057 4275 1256 4343 subdentium,
1288 4272 1371 4326 ιιίαιιι
1398 4280 1462 4327 tunc
1486 4273 1539 4327 erit
1562 4291 1640 4328 caro.
1675 4273 1829 4347 Gregorius

141 4363 347 4433 corruptionem
370 4369 395 4415 a
420 4360 684 4432 corruptibilitatem
707 4366 841 4432 tanquam
865 4363 971 4419 abstra-
997 4363 1060 4419 libr.
1082 4369 1120 4419 lt.
1144 4378 1211 4416 mor.
1234 4376 1259 4416 c.
1282 4364 1330 4414 29:
1364 4359 1401 4411 In
1424 4376 1506 4414 sacro
1525 4360 1636 4430 eloquio
1657 4361 1742 4417 aliter
1760 4382 1829 4419 carc

140 4459 216 4507 etum
238 4454 267 4503 et
283 4454 459 4517 concretum,
487 4448 648 4518 adjunctum
668 4453 698 4501 et
715 4447 886 4519 subjectum,
908 4467 972 4506 caro
998 4449 1104 4504 dicitur
1126 4448 1214 4517 juata
1232 4452 1365 4499 natureae
1395 4451 1478 4514 atquc
1504 4447 1592 4500 nister
1614 4448 1700 4516 juata
1717 4449 1829 4520 culpam

140 4536 251 4592 sublata
262 4534 439 4605 corruptione
455 4532 608 4603 possidebit
619 4550 735 4604 mgnum
748 4531 818 4604 Dei,
833 4537 973 4608 corruptio
998 4537 1042 4592 osl
1071 4534 1285 4604 corruptionem.
1331 4530 1406 4585 Caro
1435 4532 1540 4602 quippe
1569 4533 1658 4602 juata
1688 4544 1830 4604 naturam,

140 4632 233 4681 eutem
254 4620 404 4688 exsulabit,
427 4626 555 4676 manente
577 4620 668 4674 carnis
687 4619 858 4691 substantia,
883 4624 973 4679 omnis
998 4625 1070 4678 ιίιιιι
1087 4621 1221 4690 scriptum
1238 4626 1293 4686 cst,
1315 4619 1369 4673 boc
1394 4637 1467 4673 nunc
1486 4637 1518 4674 os
1538 4636 1571 4674 ea
1589 4623 1699 4677 orribm
1718 4625 1785 4679 meis
1802 4634 1828 4680 et
1842 4640 1898 4687 ιιι.
1910 4642 1943 4683 ιι.

143 4709 319 4767 mortalitatis
338 4715 366 4764 et
384 4706 622 4779 corruptibilitatis
633 4707 755 4762 conditio
770 4708 891 4764 curabit
907 4710 972 4767 abo-
999 4726 1068 4766 caro
1086 4711 1121 4762 dc
1138 4722 1224 4761 carne
1246 4722 1309 4760 mea
1330 4705 1400 4761 Gen.
1418 4707 1444 4760 2.
1485 4706 1605 4761 Verbum
1627 4726 1695 4764 caro
1719 4712 1828 4774 factum

143 4800 205 4861 litut
220 4796 322 4869 probet
335 4793 725 4866 oppositiopraemissavdt:
740 4795 974 4865 Oaroetsanpuis
998 4805 1040 4853 cst
1059 4796 1125 4850 Job.
1143 4798 1166 4847 1.
1197 4793 1270 4850 Caro
1288 4808 1354 4845 uero
1366 4792 1454 4860 jnrro
1470 4792 1592 4862 culpam,
1609 4798 1828 4869 cumscriptum

142 4888 199 4942 sire
218 4902 321 4955 corpus
333 4883 485 4937 seminatur
497 4882 527 4934 in
539 4881 724 4951 corruptione,
742 4890 871 4952 resurpet
888 4884 919 4937 in
932 4883 973 4939 in·
999 4892 1053 4947 ert,
1081 4897 1138 4935 non
1167 4878 1341 4951 permanebit
1367 4876 1494 4946 Spiritus
1518 4898 1595 4936 mars
1619 4882 1648 4936 in
1673 4884 1829 4941 bominibus

142 4973 321 5042 corruptione
335 4974 412 5025 nib.
427 4971 582 5025 seminatur
596 4969 974 5041 inipnabilitate,surpctin
998 4970 1076 5039 ictis,
1106 4967 1173 5038 auia
1202 4982 1271 5020 caro
1291 4971 1355 5019 sunt
1376 4962 1448 5023 Gen.
1467 4969 1494 5023 b'.
1536 4968 1590 5024 Vos
1613 4971 1644 5025 in
1668 4988 1752 5026 carne
1773 4991 1829 5027 non

141 5060 250 5131 pluria,
277 5057 431 5112 seminatur
448 5057 478 5110 in
498 5056 676 5125 infirmitate,
702 5064 798 5124 carpet
818 5057 849 5111 in
865 5056 973 5126 uirtute,
999 5058 1071 5125 estis,
1091 5057 1142 5110 sed
1161 5054 1191 5107 in
1212 5051 1323 5122 Spiritu
1344 5050 1410 5107 Gal.
1429 5057 1455 5107 i.
1490 5056 1589 5127 Neque
1607 5058 1679 5111 enim
1697 5059 1728 5112 in
1744 5076 1830 5115 carne

141 5162 168 5202 v.
188 5152 229 5202 tt.
250 5145 408 5199 seminatur
426 5160 530 5212 corpus
547 5143 683 5211 animale,
700 5150 794 5214 surpet
813 5143 973 5214 spirituale,
998 5163 1055 5200 non
1074 5148 1171 5210 erant,
1190 5140 1289 5211 padus
1307 5139 1445 5210 epistolas
1463 5143 1677 5213 transmittebat,
1694 5147 1747 5199 scd
1763 5147 1829 5215 quia

142 5234 239 5306 utique
255 5247 323 5304 ergo
343 5230 418 5285 idem
438 5246 547 5300 corpus,
568 5229 643 5301 quod
662 5229 690 5283 in
709 5230 762 5284 buc
779 5228 838 5285 vita
855 5236 899 5286 est
916 5249 974 5288 cor·
995 5228 1308 5304 passionescarualium
1319 5227 1528 5282 desideriorum
1534 5229 1669 5299 uicerant,
1676 5231 1832 5299 jamlibcri

142 5319 288 5393 reptibile,
318 5316 453 5389 ignobile,
483 5315 636 5386 infirmum,
667 5315 801 5384 animale,
830 5316 859 5371 in
884 5335 974 5373 resur=
995 5335 1050 5390 per
1072 5319 1201 5372 uirtutem
1229 5313 1354 5383 Spiritus
1377 5315 1409 5368 in
1432 5332 1517 5370 corne
1541 5332 1598 5392 non
1620 5325 1710 5375 mant.
1748 5318 1831 5381 Quod

142 5408 265 5464 rectione
283 5406 337 5461 erit
354 5402 569 5474 incorruptibile,
588 5403 755 5475 gloriosum,
776 5403 878 5459 virtute
895 5421 974 5477 prae·
999 5422 1067 5474 erpo
1087 5404 1197 5459 Paulus
1216 5401 1360 5471 aportclus
1380 5403 1465 5472 dicit,
1493 5405 1561 5472 quia
1580 5421 1647 5458 coro
1667 5413 1695 5458 et
1714 5406 1831 5475 rarrpuis

143 5496 230 5551 ditum
250 5501 279 5550 et
298 5493 455 5564 spirituale,
484 5489 586 5563 probat
606 5490 725 5562 denique
751 5489 817 5546 fidei
836 5490 972 5564 analog'ia
999 5510 1116 5562 rspnum
1142 5491 1202 5545 Dei
1220 5490 1370 5558 possidere
1396 5506 1452 5543 non
1474 5498 1610 5560 possunt,
1641 5508 1754 5546 carrsem
1771 5494 1831 5549 matt
