4104 6014
220 234 260 291 48
810 219 935 280 Locus
951 216 1156 278 molismus
1176 217 1323 276 SEXTUS

220 379 309 447 labia,
327 379 417 436 cordis
436 379 520 444 ostia,
541 395 612 450 qnae
633 379 662 434 iu
679 377 793 434 senibus
810 375 995 443 clauduntur,
1022 373 1051 428 id
1080 375 1164 429 doliis
1190 372 1401 461 (Hebr.-,1255
1425 392 1533 469 ppgsp,
1557 390 1672 445 quorum
1699 371 1844 427 verborum
1872 376 1915 427 tot

221 473 263 525 est
280 484 361 524 senes
381 484 415 523 ea
434 483 489 521 nen
507 467 626 522 libenter
644 466 781 537 aperiunt,
800 463 895 519 taedet
908 459 1052 532 eosloqui,
1078 462 1167 519 ferme
1201 443 1639 532 occuirunt'interprbtstiones‚
1676 464 1745 531 quot
1774 459 1804 513 in
1838 457 1914 512 hunc

220 558 285 608 sunt
313 552 411 608 morosi
443 552 473 607 in
504 551 651 624 loquendo.
710 550 830 616 Quidam
861 548 901 603 sic
932 551 1051 603 vertunt,
1081 550 1173 604 lecum
1204 549 1380 605 commentati
1413 554 1480 603 sunt
1507 547 1664 619 scriptores.
1716 545 1913 616 Hieronymus,

221 641 402 695 secludantur
417 640 515 695 valcas
533 641 609 701 foro,
628 638 657 693 id
675 645 716 694 est
734 634 889 692 abstinebis
909 652 927 689 a
945 635 1004 688 soro
1024 638 1053 687 et
1079 635 1175 705 Arias,
1212 636 1404 705 Schindlcrus,
1440 633 1580 690 Lutherus
1609 639 1637 688 et
1672 631 1757 704 Vulg.
1802 638 1914 688 vertunt

222 726 341 800 negotiis
369 726 504 798 publicis,
532 743 588 781 non
620 722 803 780 delectaberis
835 721 975 776 hominum
999 719 1052 775 fre·
1075 723 1190 791 florebit
1207 722 1381 792 amppcialus.
1416 719 1540 778 Verbum
1558 721 1639 792 litii),
1661 718 1804 775 deducunt
1821 718 1912 774 arad.

224 813 337 885 quentia
355 819 385 868 et
403 811 621 880 conversatione,
638 828 674 866 ex
687 826 742 882 qua
752 810 869 880 juvenes
882 807 1052 877 voluptatem
1080 809 1132 883 γει
1171 808 1261 880 posita
1298 809 1327 862 in
1363 806 1464 877 hiphil,
1510 811 1541 861 ut
1572 810 1594 857 a
1631 804 1668 859 sit
1701 804 1913 877 epentheticum.

222 899 345 971 capiunt,
365 898 420 955 eris
438 896 500 952 aliis
517 898 643 968 ingratus
657 912 691 951 ac
708 894 849 959 molestus,
869 898 901 949 ut
912 909 963 948 nec
977 891 1052 961 ioris,
1080 895 1159 952 cent.
1179 900 1202 961 6,
1221 913 1246 949 r.
1269 901 1308 951 ll.
1324 894 1406 961 lig-'p
1419 894 1579 962 flammat
1597 891 1806 960 malopraaata.
1842 880 1912 964 ''lili

221 1001 271 1039 nec
301 983 375 1041 domi
402 982 614 1039 delectationem
638 998 736 1053 capere
758 980 862 1052 possis,
891 984 942 1036 aut
969 978 1052 1034 rebus
1079 987 1121 1035 est
1135 981 1304 1050 amppdalus
1322 997 1340 1034 a
1353 980 1411 1035 rad.
1432 969 1500 1054 '¹12²ss
1517 978 1655 1048 cipilcoit,
1673 978 1740 1050 quia
1757 978 1811 1033 ista
1830 978 1913 1033 arbor

217 1070 350 1142 jucundis
379 1068 525 1136 recreari);
555 1069 586 1121 in
604 1067 760 1121 humilitate
778 1068 853 1122 cocis
879 1067 968 1121 moloc
993 1067 1054 1135 (ρει
1079 1067 1168 1137 prima
1186 1066 1308 1122 omniurn
1322 1066 1429 1138 profert
1447 1064 1538 1123 flores.
1575 1064 1725 1137 Exponunt
1747 1071 1840 1121 autern
1857 1064 1912 1120 hoc

220 1173 316 1211 vocem
343 1155 469 1211 molentis
498 1153 671 1209 humiliatam
703 1153 862 1225 intelligunt
892 1153 948 1207 eim
976 1151 1053 1220 dips-
1079 1154 1169 1221 modo,
1184 1155 1298 1224 florebit
1318 1153 1502 1222 amppcialus,
1522 1152 1552 1206 id
1568 1159 1610 1208 est
1626 1151 1772 1223 apparebit
1791 1152 1912 1208 canicies

220 1242 319 1297 strenis
339 1241 512 1297 debilitatam
534 1257 569 1296 ac
597 1238 783 1308 imminutam,
814 1238 927 1310 quidam
945 1254 1052 1293 accom·
1078 1239 1107 1293 in
1125 1240 1223 1310 capite,
1259 1256 1330 1311 quae
1347 1246 1390 1295 est
1407 1239 1473 1294 alba
1493 1240 1565 1295 sicut
1583 1238 1634 1294 ilos
1653 1239 1802 1311 amygdali.
1845 1239 1912 1294 Tre-

222 1329 338 1383 modant
354 1328 390 1382 ad
410 1346 515 1394 ccccm,
535 1344 606 1400 quae
623 1343 674 1398 per
701 1326 799 1382 dentes
817 1332 846 1380 et
870 1324 996 1396 linguam
1013 1325 1054 1378 ita
1077 1325 1185 1380 mollius
1202 1325 1238 1380 ab
1256 1324 1354 1380 iisdem
1370 1326 1510 1381 radicibus
1538 1325 1588 1380 bas
1607 1341 1687 1381 voces
1705 1324 1833 1393 deducit,
1862 1325 1912 1380 sed

223 1413 365 1482 formatur,
382 1421 415 1470 ut
431 1413 482 1469 fiat
500 1412 659 1475 articulata,
681 1412 730 1467 illa
747 1412 777 1465 in
795 1411 906 1466 senibus
924 1409 1052 1465 humilia·
1077 1410 1162 1466 rciert
1188 1411 1225 1466 ad
1251 1428 1369 1482 sequens
1389 1411 1513 1468 verbum.
1563 1412 1632 1485 'ipit
1653 1411 1736 1466 vertit
1754 1411 1782 1465 in
1800 1427 1912 1466 accusa·

220 1505 265 1555 tur
285 1517 318 1555 ac
336 1500 493 1569 remittitur,
512 1499 541 1553 id
559 1506 601 1554 est
620 1498 698 1553 exilis
716 1497 850 1565 redditur,
868 1513 919 1552 nec
932 1496 1051 1567 amplius
1077 1498 1148 1561 tivo,
1175 1498 1288 1551 irs-itam
1304 1499 1395 1563 facici
1415 1499 1636 1567 csflcrcsccutcm
1663 1499 1857 1568 amygdalum,
1881 1497 1911 1553 id

219 1591 277 1641 tam
305 1587 381 1641 clara
404 1592 446 1642 est
464 1591 492 1641 et
510 1586 568 1640 alta
585 1592 616 1640 ut
633 1586 662 1638 in
677 1583 843 1656 juvenibus;
876 1582 990 1654 quidam
1017 1581 1053 1637 ad
1077 1590 1120 1639 est
1143 1601 1179 1640 ne
1198 1600 1262 1640 vere
1293 1584 1403 1656 quidem
1422 1584 1496 1655 ipso,
1528 1602 1582 1658 quo
1601 1583 1714 1639 arbores
1733 1589 1763 1638 et
1780 1581 1912 1638 animalia

219 1672 436 1727 masticationem
463 1671 618 1743 applicant,
643 1671 811 1725 humiliatur
838 1687 892 1724 ccc
912 1668 1051 1737 molentis,
1081 1673 1173 1727 omnia
1198 1671 1297 1727 laetari
1325 1676 1353 1726 et
1379 1670 1482 1743 gestire
1504 1671 1647 1739 videntur,
1676 1668 1818 1725 fastidium
1838 1669 1911 1723 senis

220 1759 249 1814 id
279 1764 322 1813 est
349 1758 445 1814 dentes
475 1775 571 1814 senum
605 1775 660 1813 non
693 1756 812 1828 amplius
838 1773 905 1812 sono
932 1756 1053 1827 quodam
1079 1761 1227 1826 avertetur,
1247 1757 1296 1812 sed
1314 1757 1407 1813 omnia
1427 1756 1503 1813 verni
1528 1756 1660 1828 temperis
1677 1754 1812 1811 beneficia
1832 1753 1911 1809 nihili

220 1845 313 1901 cibum
333 1845 440 1901 molunt
458 1862 492 1901 ac
512 1846 710 1913 comminuunt,
729 1844 801 1900 sicut
813 1842 920 1899 robusti
935 1844 1052 1914 juvenes
1077 1844 1174 1909 faciet,
1204 1852 1237 1900 ut
1265 1845 1463 1914 συνεκδοχικῶς
1495 1843 1567 1899 veris
1582 1842 1745 1914 jucunditas
1771 1841 1911 1914 descripta

219 1931 341 1998 faciunt,
369 1932 419 1987 sed
441 1932 493 1987 hoc
514 1933 718 1988 incommedum
737 1933 796 2003 jam
819 1936 884 1986 ante
900 1947 927 1983 v.
946 1934 970 1985 3.
987 1928 1052 1983 ειιί-
1079 1930 1251 2004 intelligatur
1270 1932 1306 1985 ab
1324 1929 1406 1984 unius
1423 1928 1529 1984 arboria
1547 1927 1631 1999 flore,
1659 1928 1709 1984 sed
1726 1928 1796 1984 haec
1814 1928 1903 1983 versio

220 2025 309 2090 gerat,
324 2022 448 2089 praestat
465 2017 551 2090 igitur
563 2018 608 2073 vel
624 2018 659 2074 de
673 2016 834 2089 digestionis
851 2014 1052 2083 imminutione,
1078 2024 1121 2073 est
1136 2024 1240 2087 coacta,
1258 2034 1322 2072 cum
1343 2002 1447 2092 ἕξιηῠῇ,
1466 2021 1495 2072 ει
1512 2017 1591 2090 Vlia
1611 2014 1641 2068 in
1657 2014 1750 2070 futuro
1762 2021 1909 2086 ponantur,

220 2105 265 2159 vel
296 2105 373 2159 vocis
401 2104 561 2161 remissione
586 2105 736 2175 accipere),
768 2112 794 2157 ct
830 2110 978 2171 ceusurpct
1012 2103 1053 2154 ad
1078 2124 1111 2161 ac
1130 2105 1216 2179 :3th
1237 2109 1266 2157 et
1282 2093 1380 2176 '‘P-bii!
1415 2118 1465 2173 per
1489 2109 1634 2157 accentum
1660 2100 1910 2173 zalrephkathona

220 2208 315 2245 ccccm
332 2191 457 2245 columis
477 2191 664 2263 (subintellige
677 2208 774 2260 scacc3
793 2206 889 2244 sensus
908 2194 958 2254 est,
977 2187 1052 2259 quod
1077 2191 1161 2247 verbo
1180 2191 1246 2264 ’Ἱὲῃ
1267 2189 1482 2261 distinguantur.
1530 2186 1627 2242 Santes
1651 2187 1794 2258 Pagninus
1824 2186 1906 2242 vertit

219 2295 330 2334 somnus
360 2278 494 2333 reddatur
527 2278 659 2343 deterior,
685 2277 796 2350 quande
823 2276 894 2331 enim
919 2275 997 2330 cibus
1015 2276 1052 2329 ad
1078 2287 1103 2333 ct
1120 2274 1315 2348 reprobabitur
1331 2276 1429 2338 coitus,
1446 2274 1519 2330 sicut
1539 2274 1638 2330 Genea.
1658 2279 1703 2339 ts,
1725 2292 1748 2327 s.
1768 2279 1805 2330 12.
1840 2274 1909 2331 Sara

220 2365 390 2420 stomachum
407 2382 462 2420 non
480 2364 625 2436 trajicitur,
644 2364 689 2419 vel
706 2381 762 2419 non
780 2363 851 2419 bene
864 2361 1051 2433 concoquitur,
1078 2364 1182 2436 inquit:
1200 2364 1355 2432 Postquam
1372 2361 1460 2431 sceui,
1480 2379 1546 2415 aum
1565 2361 1621 2415 erit
1637 2360 1708 2415 miii
1724 2361 1863 2432 uoluptas,
1882 2368 1909 2414 ct

219 2450 326 2506 tollitur
355 2451 443 2506 somni
473 2466 569 2516 causa,
604 2450 698 2522 sicque
734 2449 817 2505 etiam
854 2449 891 2504 ad
926 2446 1052 2504 aviculae
1074 2458 1225 2521 postprcacs
1260 2449 1389 2503 domiuus
1422 2464 1499 2503 meus
1523 2447 1633 2502 sceui!
1689 2446 1812 2503 Deducit
1842 2465 1908 2520 ergo

220 2544 332 2593 cantum
358 2553 441 2592 senex
464 2536 628 2603 suscitatur,
658 2537 768 2592 accedit
791 2538 906 2607 insuper
930 2534 1052 2605 corporis
1077 2536 1192 2591 verbum
1210 2536 1289 2610 γιιξζ
1307 2551 1325 2589 a
1342 2534 1435 2589 radice
1457 2535 1529 2609 tritt,
1545 2533 1620 2605 qued
1647 2532 1786 2604 significat
1811 2550 1908 2603 repro·

221 2622 332 2677 siccitas
350 2639 445 2678 somno
464 2622 575 2677 inimica
591 2628 619 2678 et
634 2622 766 2692 adversa)
785 2631 811 2677 ct
831 2622 1053 2675 incurvabuntur
1078 2623 1159 2691 bars,
1193 2630 1381 2691 cocicmucrc,
1409 2637 1549 2691 ιρειεειε,
1577 2637 1610 2676 ac
1628 2610 1725 2693 Ἰιῖΐξῆ
1746 2636 1796 2690 ρει
1823 2624 1908 2675 meta-

222 2724 316 2763 omacs
339 2709 423 2776 fiiiac
455 2709 560 2763 cantici
589 2708 686 2777 (Hebr.
705 2698 791 2775 llllij',
824 2708 1052 2775 humiliabuntur,
1077 2710 1168 2765 thesin
1197 2709 1341 2764 literarum
1362 2707 1466 2779 accipit
1488 2707 1608 2779 positum
1636 2723 1686 2778 pro
1706 2696 1805 2776 apuu
1832 2706 1907 2779 quod

93 2801 162 2873 xvii.
176 2802 208 2843 ta
221 2795 430 2865 deprimentur,
461 2796 615 2850 submissae
635 2803 731 2862 στεπη
765 2795 878 2867 quidam
902 2811 952 2866 per
976 2794 1053 2861 silias
1078 2795 1231 2851 membrum
1260 2795 1349 2850 coitus
1378 2795 1607 2865 interpretantur,
1638 2793 1686 2849 sed
1719 2799 1748 2848 et
1777 2793 1830 2849 hoc
1861 2810 1906 2849 co·

221 2881 326 2936 cantici
355 2880 412 2937 sire
442 2882 517 2937 vocis
556 2881 717 2953 intelligunt
746 2882 863 2937 arterias
899 2897 932 2936 ac
967 2880 1052 2936 libras
1078 2889 1171 2939 actum
1190 2887 1240 2953 est,
1259 2887 1292 2937 ut
1311 2881 1428 2953 quilibet
1445 2879 1648 2939 animadvertit.
1692 2879 1748 2934 Alii
1767 2885 1908 2951 exponunt

220 2968 343 3032 vocales,
373 2967 535 3038 praesertim
553 2967 689 3040 gutturis,
721 2984 794 3040 quae
816 2966 934 3021 multum
959 2968 1053 3022 valent
1077 2978 1105 3027 et
1118 2977 1240 3026 crescent
1254 2969 1424 3042 palpebras,
1454 2984 1522 3038 prae
1546 2967 1736 3023 attenuatione
1754 2967 1862 3023 scilicet
1879 2973 1908 3022 et

219 3054 255 3108 ad
274 3071 370 3109 vacem
387 3053 565 3123 eliciendam,
597 3059 630 3109 ut
660 3054 695 3109 sit
714 3072 828 3124 sensus,
851 3071 904 3109 vox
922 3055 1050 3125 gutturis,
1077 3057 1165 3113 macie
1181 3056 1279 3125 faciei3
1294 3055 1343 3112 sed
1360 3041 1428 3124 “listi
1451 3070 1501 3124 pro
1517 3054 1657 3126 palpebris
1677 3058 1840 3124 usurpatum
1858 3055 1904 3108 vix

218 3156 290 3211 quae
308 3141 383 3211 prius
402 3145 463 3196 erat
478 3156 579 3196 sonora
596 3156 631 3196 ac
647 3146 760 3196 cantare
777 3146 894 3213 poterat,
911 3141 963 3196 erit
984 3141 1050 3196 sub·
1076 3147 1224 3214 occurret);
1244 3150 1270 3196 ct
1287 3142 1368 3197 oceri
1384 3141 1439 3195 erit
1450 3143 1560 3196 locusta
1572 3139 1672 3211 (Hebr.
1692 3141 1780 3215 ³3¹]ss
1802 3125 1904 3216 bunut,

218 3227 318 3297 missa,
350 3227 420 3282 adeo
440 3233 544 3284 utnon
563 3226 703 3283 audiatur.
752 3226 808 3283 Sed
832 3227 898 3300 quia
921 3227 956 3282 de
973 3226 1050 3281 vocis
1075 3231 1202 3286 aradice
1219 3215 1282 3303 ‘233
1299 3228 1432 3298 portavit,
1451 3228 1597 3297 ιαῑιιιειιι.
1633 3227 1667 3281 Ιιι
1684 3227 1809 3299 hitphaiil
1826 3229 1908 3281 oncri

219 3312 378 3370 remissione
399 3314 460 3385 jam
483 3320 548 3369 ante
573 3313 679 3368 dictum
708 3313 813 3383 fuerat,
842 3311 906 3368 ideo
930 3312 977 3367 alii
999 3328 1049 3383 per
1074 3319 1141 3384 fuit.
1178 3319 1239 3392 ³30
1259 3321 1302 3371 est
1318 3331 1406 3387 genus
1431 3314 1561 3370 locustae.
1605 3313 1727 3370 Hebraei
1751 3314 1804 3368 hoc
1822 3331 1904 3369 sensu

216 3400 295 3465 filias
327 3401 432 3454 cantici
461 3399 621 3471 intelligunt
652 3405 777 3456 cantores
807 3417 843 3471 ac
876 3399 1049 3465 cantaniees,
1075 3409 1223 3475 exponunt,
1243 3407 1333 3459 totum
1349 3418 1449 3473 corpus
1467 3401 1508 3457 ita
1526 3400 1726 3471 debilitabitur,
1743 3407 1776 3456 nt
1793 3418 1845 3456 nec
1863 3401 1904 3456 in·

217 3502 289 3556 quae
308 3492 389 3541 erunt
405 3486 532 3555 humiles,
551 3487 580 3541 id
599 3490 715 3543 estnon
733 3485 880 3541 audientur
899 3485 1049 3550 asenibus,
1075 3493 1177 3547 sulcum
1205 3491 1330 3546 locastae
1353 3487 1512 3543 animalculi
1532 3487 1628 3560 exigui
1644 3488 1728 3544 Num.
1750 3493 1795 3557 13,
1818 3507 1845 3545 v.
1865 3494 1905 3545 3⁴.

217 3571 327 3626 necilli
345 3572 384 3626 eis
404 3572 632 3644 delectabuntur,
657 3572 729 3627 sicut
751 3572 880 3627 Bnrsillai
903 3588 985 3627 senex
1011 3572 1048 3626 ad
1074 3578 1146 3634 serre
1171 3578 1267 3650 possit.
1313 3575 1370 3631 Alii
1396 3575 1436 3631 sic
1456 3574 1629 3653 intelligunt,
1657 3575 1768 3631 incedet
1791 3575 1905 3633 incurvo

217 3659 353 3714 Dtvldem
373 3658 483 3716 dicebat
500 3665 525 3716 ²·
545 3658 619 3716 Sm-
642 3666 686 3725 ¹9,
710 3677 736 3713 V·
755 3664 800 3715 35²
832 3662 907 3714 Num
931 3661 1049 3716 atbdt'ssm
1075 3667 1158 3721 dorso
1178 3666 1265 3720 instar
1285 3662 1413 3730 cicadae,
1436 3663 1480 3718 rel
1498 3662 1649 3735 gracilibus
1669 3661 1795 3718 cruribus
1814 3669 1842 3718 et
1858 3665 1905 3719 de-

217 3746 295 3799 ultra
325 3763 418 3799 ccccm
448 3754 592 3801 caatosusm
623 3755 649 3800 ct
674 3748 879 3800 cantatricum!
928 3746 1049 3813 Quidam
1076 3770 1169 3825 presso
1197 3766 1312 3821 corpore
1334 3748 1519 3820 ingredietur,
1550 3748 1627 3820 quasi
1650 3749 1744 3804 videas
1764 3750 1904 3815 lloeustam

217 3847 268 3902 per
280 3832 363 3899 filios
380 3833 484 3886 castici
495 3832 655 3903 intelligunt
671 3848 751 3887 aures
770 3831 886 3887 canticis
902 3833 1048 3888 audiendis
1076 3856 1160 3912 grave
1178 3855 1247 3894 onus
1265 3836 1407 3899 ferentem,
1427 3834 1479 3889 sub
1499 3851 1554 3906 quo
1575 3835 1741 3890 incurvetur.
1781 3835 1903 3892 Tremel·

219 3918 390 3988 destinatas,
413 3917 478 3973 illae
495 3920 690 3987 incursantur,
713 3919 803 3974 idest
826 3919 897 3974 fiunt
914 3918 1048 3975 flaccidae
1073 3926 1127 3979 lius
1154 3922 1299 3994 conjungit
1327 3938 1391 3975 cum
1414 3921 1500 3976 verbo
1520 3922 1586 3985 utin
1608 3937 1641 3976 ac
1668 3922 1782 3976 verbum
1800 3907 1904 3999 53¹in

218 4004 423 4076 rependune,
452 4021 503 4059 nec
524 4005 639 4059 ulterius
663 4021 713 4060 suo
738 4010 814 4061 reete
835 4006 990 4079 funguntur
1008 4007 1047 4061 of·
1073 4010 1274 4084 participaliter
1285 4008 1405 4079 exponit,
1424 4006 1537 4061 irritam
1551 4008 1639 4070 faciet
1648 4008 1904 4080 piapucsacicntcm

216 4089 306 4159 licio);
326 4108 352 4144 r.
381 4098 402 4146 5.
427 4091 511 4145 ctiam
528 4092 564 4144 ab
582 4092 690 4146 succiso
720 4092 850 4146 timebunt
868 4101 894 4145 ct
907 4095 1048 4163 pavebunt
1073 4116 1102 4153 sc
1119 4100 1264 4159 locutam,
1281 4094 1391 4149 sicutet
1403 4093 1606 4164 LXXinterpr.
1619 4099 1902 4172 νειιειιιιιιπαχυνθῇ

217 4178 246 4231 in
264 4179 311 4232 eia
331 4176 429 4245 (Hebr.
447 4166 540 4252 lingit,
559 4195 577 4232 a
591 4193 623 4231 rc
649 4178 722 4243 alta,
748 4177 777 4232 id
806 4184 848 4234 est
875 4179 1048 4234 ambulantes
1069 4187 1239 4257 pinguescet,
1251 4198 1360 4236 sensum
1374 4181 1444 4236 dicit
1456 4198 1515 4236 esse
1527 4198 1600 4250 eum,
1612 4183 1686 4252 quod
1698 4183 1770 4238 veris
1782 4185 1902 4239 amoeni-

217 4262 246 4318 in
275 4264 334 4319 vita
360 4264 508 4330 timebunt,
536 4282 572 4321 ne
596 4264 624 4317 in
649 4264 769 4335 lapidem
793 4265 878 4336 paulo
904 4266 1046 4321 editiorem
1072 4279 1124 4342 tas,
1144 4272 1239 4343 inquo
1256 4268 1347 4323 omnia
1358 4268 1488 4323 animalia
1499 4268 1598 4325 laetari
1611 4274 1638 4324 et
1650 4271 1751 4341 gestire
1765 4271 1901 4342 videntur,

218 4351 379 4423 impingunt,
411 4353 518 4408 nullum
548 4352 602 4408 erit
628 4356 685 4408 itm
714 4352 860 4426 aequabile
885 4353 988 4418 mlum,
1017 4354 1046 4408 in
1073 4378 1127 4416 non
1145 4357 1233 4431 possit
1248 4356 1392 4411 fastidium
1410 4356 1509 4411 aetatis
1529 4356 1558 4410 in
1576 4356 1688 4411 senibus
1705 4358 1818 4429 tollerc;
1853 4358 1902 4414 sed

218 4453 273 4509 <11¹⁰
296 4438 428 4495 sibi¹101¹
450 4445 574 4495 metum
599 4445 628 4493 et
649 4445 765 4495 wetini
789 4439 825 4495 ab
854 4440 1003 4497 offensione
1020 4448 1048 4496 et
1073 4446 1140 4519 quid
1159 4446 1193 4501 de
1212 4447 1265 4498 liae
1291 4442 1516 4512 interpretatione
1546 4445 1722 4499 statuendum
1741 4445 1788 4514 sit,
1818 4442 2003 4516 paulo¹l1l7

219 4523 360 4579 attritione
379 4525 466 4597 pedis.
492 4526 619 4581 Piscator
630 4527 670 4581 sic
684 4527 887 4597 accommodat,
916 4528 1049 4581 timebrsat
1073 4540 1137 4589 ante
1153 4531 1281 4586 vidimus.
1313 4529 1456 4600 Pagninus
1474 4529 1557 4583 vertit
1576 4537 1602 4582 ct
1614 4532 1774 4586 sacrabitur
1787 4534 1902 4586 ἀονιιιηι

218 4626 296 4664 scncs
317 4629 336 4664 a
353 4611 414 4665 loco
432 4613 501 4683 alto,
518 4630 597 4683 quem
609 4616 746 4668 scaadcrc
762 4615 877 4680 dcbcut,·
896 4613 1047 4670 Vatablus:
1072 4623 1130 4675 eisc
1147 4619 1232 4689 spica
1249 4617 1338 4685 dora,
1355 4613 1543 4670 onerabuntur
1560 4615 1662 4686 lumbi,
1682 4624 1715 4671 ut
1733 4617 1843 4671 dorsum
1862 4619 1902 4672 in-

217 4699 315 4753 timsre
334 4697 425 4752 solent
440 4715 519 4755 renes
539 4717 558 4755 a
571 4718 607 4758 rs
624 4701 690 4768 alta,
705 4701 772 4772 quia
790 4717 846 4755 non
873 4708 989 4772 possunt
1006 4708 1047 4758 at·
1073 4713 1216 4763 curvatum
1248 4702 1354 4775 figurae
1381 4700 1508 4756 suanm
1540 4707 1569 4757 et
1601 4702 1760 4759 incurvatae
1789 4704 1902 4762 cicadae

218 4784 314 4840 tollere
340 4800 434 4849 crura,
463 4789 493 4838 et
515 4786 731 4857 confractiones,
760 4787 789 4841 id
817 4791 859 4843 est
878 4788 1048 4844 offendicula
1071 4795 1263 4870 μεταφορικῶς
1276 4789 1441 4856 conferatur,
1460 4787 1627 4844 veluteliso
1649 4781 1902 4869 fllegaturnttpk

217 4871 284 4943 ipsis
301 4876 400 4942 parata
414 4870 443 4925 in
456 4869 510 4934 via,
528 4870 568 4926 ita
585 4877 617 4928 ut
629 4873 674 4928 vel
692 4872 722 4927 in
732 4872 867 4929 festucam
881 4873 1046 4946 impingant.
1071 4878 1257 4949 dissipabitur
1273 4876 1414 4946 cupiditas
1431 4874 1530 4940 (Hebr.
1551 4866 1691 4952 ³3:¹³3-ss
1715 4878 1803 4952 Ἷῇιῃ,
1816 4880 1903 4934 abibit

217 4958 338 5016 Venient
358 4958 400 5014 eis
418 4957 448 5012 in
465 4958 510 5013 via
529 4958 708 5015 contritiones
725 4976 759 5015 ac
777 4977 901 5032 pavores,
929 4967 961 5016 ut
979 4950 1049 5033 prae
1072 4965 1252 5032 doeidaium,
1281 4980 1298 5018 a
1325 4961 1384 5017 rad.
1414 4960 1483 5012 unu
1516 4962 1702 5031 ἀεείᾱειαείι,
1737 4946 1902 5036 concupiuit,

216 5045 380 5102 lassitudine
412 5050 552 5117 nequeant
579 5043 730 5103 ambulare.
777 5047 896 5114 Quidam
925 5048 965 5103 sic
1001 5066 1046 5104 ex·
1071 5053 1123 5108 hoc
1141 5056 1184 5108 est
1200 5066 1254 5105 non
1270 5049 1389 5121 amplius
1410 5047 1516 5121 vigebit
1533 5048 1674 5120 appetitus
1694 5049 1749 5104 cibi
1768 5058 1795 5106 et
1811 5058 1902 5123 potus,

216 5137 336 5205 ponunt,
367 5137 453 5204 caput
482 5136 510 5188 et
532 5132 653 5202 humeri,
678 5151 750 5206 quae
777 5134 806 5189 in
822 5134 939 5206 juvenili
956 5141 1047 5193 astate
1072 5137 1203 5195 succedet
1240 5136 1386 5211 ιῖνορεξία,
1423 5136 1568 5208 dejicietur
1610 5135 1697 5190 omnis
1733 5136 1901 5208 appetentia.

217 5226 297 5276 erant
315 5224 415 5289 erecta,
432 5219 461 5274 in
482 5218 597 5275 senibus
615 5219 703 5275 itare
722 5221 870 5277 incurvant
893 5226 921 5277 et
939 5228 1047 5279 conus-
1072 5224 1191 5290 Quidam
1208 5224 1331 5281 referunt
1351 5223 1387 5277 ad
1403 5222 1564 5289 libidinem,
1587 5238 1659 5293 quae
1677 5222 1706 5277 in
1726 5223 1838 5278 senibus
1857 5241 1902 5278 ex·

217 5305 337 5373 huntur,
355 5310 388 5362 ut
404 5305 535 5363 incedant
552 5323 607 5361 non
627 5306 707 5362 aliter
733 5314 818 5379 atque
835 5307 893 5374 illi,
916 5308 964 5380 qui
982 5316 1047 5365 sunt
1071 5310 1221 5383 stinguitur
1237 5317 1349 5383 propter
1374 5310 1473 5365 vinum
1501 5307 1672 5364 debilitatem
1701 5315 1730 5365 et
1755 5309 1902 5381 spirituum

216 5392 365 5449 admodum
382 5392 472 5448 timidi
489 5410 523 5449 ac
543 5393 710 5459 meticulosi3
740 5393 810 5450 tales
835 5394 909 5451 enim
937 5395 1046 5468 obsfipo
1072 5397 1218 5455 defectum.
1255 5397 1375 5462 Quidam
1390 5399 1488 5468 legunt
1506 5395 1582 5467 32³2
1606 5396 1807 5467 iutellipcatia,
1835 5397 1902 5469 quia

216 5479 307 5550 capite
327 5486 356 5537 ct
372 5480 496 5536 demissis
513 5480 634 5535 humeris
646 5480 805 5551 incedunt),
824 5482 934 5551 florebit
951 5500 1044 5553 ‹impp-
1071 5484 1203 5557 decrepiti
1222 5500 1301 5541 scnes
1319 5491 1351 5539 ut
1368 5499 1494 5555 corpore,
1517 5481 1558 5537 ita
1583 5499 1694 5554 quoque
1718 5482 1808 5539 auimo
1833 5483 1901 5539 defi-
