4074 6022
905 279 957 336 nn
982 278 1121 338 nourr.
1466 295 1468 299 ’
1748 274 1753 285 “
1792 286 1854 346 sos

159 428 293 486 irenam
312 432 359 487 lib.
379 439 404 489 t.
426 450 488 504 cap.
509 439 550 490 ts.
571 437 603 505 'p.
624 439 687 490 286:
711 435 780 489 Cum
798 434 996 498 benefacienti·
1024 432 1183 501 intentione,
1200 435 1346 489 merdario
1364 443 1412 505 est,
1429 443 1564 489 ettamen
1575 453 1632 488 non
1649 435 1725 500 facit
1742 432 1856 500 amicos,

159 517 208 570 bus
239 518 349 572 dabitat
378 522 473 586 Deris,
511 523 744 589 quemadmodum
774 521 916 574 Dominus
945 520 995 583 ait,
1022 520 1073 587 qui
1090 520 1204 588 possint
1227 523 1353 590 recipere
1377 522 1407 574 in
1435 530 1550 575 cetuna
1567 522 1760 577 tabernacula.
1802 519 1856 575 Re·

157 603 247 668 facite
262 606 340 658 cobis
358 607 464 661 amicos
482 609 518 661 de
537 624 694 663 mammona
712 607 883 676 iniqnitatis,
909 615 939 659 ut
965 606 997 659 m·
1021 605 1203 674 spondemus:
1222 606 1415 673 concedimus,
1445 625 1477 664 ex
1500 607 1553 662 hoc
1575 607 1637 663 loco
1656 611 1732 662 recte
1751 605 1855 677 colligi,

158 692 273 757 creando
290 691 395 761 supati
413 693 548 762 fueritis,
579 693 721 762 recipiant
746 711 794 747 sos
826 693 856 746 in
881 700 995 745 aeterna
1022 690 1094 755 quod
1125 690 1311 761 Hieronymus
1344 692 1393 747 lib.
1428 700 1523 748 coutm
1550 693 1734 765 Vigilantiam
1763 691 1855 759 infert,

157 777 349 831 tabernacula.
394 778 581 850 Hieronymus
609 780 646 834 ad
666 778 809 849 Algasiam
837 778 916 849 epist.
937 783 994 836 151,
1021 776 1099 829 bonis
1113 778 1208 845 potius
1227 796 1312 846 quam
1331 779 1416 832 malis
1428 779 1628 848 eleemosynam
1646 795 1704 833 esse
1718 780 1854 842 dandam,

157 878 182 931 q.
202 866 233 916 b:
259 863 339 917 Mili
360 865 473 919 uidetur
494 865 620 918 Christus
646 865 697 918 loc
723 865 834 934 dicere,
856 866 932 931 qssod
958 865 994 915 de
1020 868 1164 915 uteorum
1180 864 1312 931 precibus
1331 873 1357 918 et
1378 864 1575 919 intercessione
1593 865 1732 933 juvemur,
1751 863 1801 919 sed
1819 880 1854 919 ex

159 947 258 1016 iniquo
285 967 443 1005 mammona
467 953 616 1005 debeamus
646 950 726 1003 nobis
754 951 860 1003 amicos
887 950 994 1015 facere,
1020 962 1053 1000 eo
1068 946 1164 1001 inferri
1183 949 1293 1017 nequit,
1316 950 1391 1020 quod
1420 950 1616 1007 intercessione
1636 951 1685 1005 illa
1702 968 1735 1005 ex
1752 966 1853 1022 purga·

157 1050 213 1086 non
231 1034 368 1102 qrtaslibet
388 1053 545 1106 pauperes,
572 1038 625 1089 sed
644 1052 703 1098 cos,
735 1037 786 1105 qui
809 1053 860 1088 nos
876 1042 993 1103 possunt
1019 1032 1090 1087 torio
1108 1033 1270 1103 liberemur,
1297 1036 1390 1090 statim
1419 1038 1493 1090 enim
1518 1046 1548 1090 ut
1567 1038 1726 1101 deficimus,
1754 1037 1783 1089 id
1805 1044 1854 1100 est,

156 1120 284 1187 recipere
301 1121 332 1173 in
351 1124 449 1176 mmor
473 1141 540 1175 suas
564 1131 590 1176 et
614 1123 644 1176 in
669 1129 784 1175 aeterna
802 1119 994 1188 tabernacula,
1019 1117 1080 1188 ipso
1100 1119 1268 1174 Bellarmino
1286 1121 1451 1192 interprete,
1473 1123 1585 1193 quando
1605 1123 1750 1190 morimur,
1770 1122 1853 1176 amici

156 1213 188 1258 ut
206 1222 268 1259 cnm
287 1206 328 1259 eis
339 1225 433 1276 parua
446 1209 671 1278 praebuerimus,
689 1207 860 1278 recipiamus
878 1207 993 1260 abillis
1018 1205 1127 1260 illinus
1147 1207 1176 1259 in
1204 1214 1318 1262 aeterna
1341 1209 1523 1263 tabernacula
1550 1209 1695 1279 recipiunt.
1734 1209 1852 1264 Ambro-

156 1308 260 1363 mapna
287 1300 314 1347 et
344 1295 444 1347 danms
472 1295 583 1363 aliena,
608 1303 707 1348 nostra
734 1293 935 1362 accipiamus,
967 1300 993 1346 et
1019 1289 1075 1345 sius
1092 1291 1120 1344 in
1140 1308 1161 1346 c.
1184 1298 1222 1349 16.
1241 1293 1310 1346 Luc.
1336 1295 1516 1362 eleemosynis
1539 1296 1663 1362 qratiam
1687 1296 1853 1364 angelorum

155 1380 322 1433 seminemus
338 1380 369 1432 in
390 1380 594 1448 benedictione,
622 1388 653 1432 nt
676 1387 810 1432 maternus
827 1377 992 1432 benedictio·
1020 1385 1045 1429 et
1071 1385 1232 1431 sanctorum
1262 1382 1428 1448 comparari
1464 1381 1575 1446 asserit,
1603 1382 1652 1436 sed
1681 1398 1736 1435 non
1765 1380 1852 1448 addit,

156 1480 228 1522 nem.
273 1463 380 1520 Eodem
402 1464 461 1520 iere
490 1466 572 1520 modo
588 1464 688 1520 Didac.
715 1464 802 1519 Stella
818 1463 847 1517 in
868 1470 991 1518 annotat.
1019 1469 1141 1519 mortuos
1168 1481 1202 1518 ex
1228 1467 1389 1536 purgatorio
1416 1467 1539 1536 ipsorum
1570 1467 1701 1538 precibus
1726 1467 1846 1522 liberari.

155 1549 208 1604 boc
222 1551 361 1622 locopag.
382 1556 442 1607 162:
466 1551 621 1617 Quomodo,
640 1551 758 1621 inquies,
780 1566 823 1604 me
844 1551 991 1604 beatitudi·
1019 1548 1194 1620 Augustinus
1222 1551 1239 1607 l
1264 1556 1305 1607 tte
1338 1551 1373 1607 de
1397 1554 1449 1607 civ.
1480 1553 1534 1608 Dei
1558 1570 1581 1609 c.
1601 1560 1642 1609 27.
1670 1553 1852 1621 elecmosynis

156 1637 202 1689 nis
219 1636 341 1705 bospitio
360 1638 490 1707 accepere
503 1637 595 1707 possit
606 1653 731 1706 pauper,
752 1636 802 1705 qni
820 1637 991 1703 criminibus,
1017 1635 1143 1705 inopiam
1175 1647 1336 1692 sanctorum
1368 1641 1522 1695 sustentari
1549 1649 1576 1694 et
1599 1641 1716 1704 amicos,
1747 1640 1797 1709 qni
1822 1640 1853 1692 in

154 1723 223 1777 dum
239 1723 323 1792 cinit,
353 1724 550 1793 coinquinatus
566 1723 640 1793 fuit,
666 1731 767 1794 postea
786 1739 851 1776 cero
871 1723 992 1777 moriens
1018 1730 1131 1776 namna
1164 1725 1348 1780 tabenaculo
1381 1727 1552 1796 accipiant,
1576 1727 1684 1794 parari
1701 1725 1795 1789 docet,
1822 1721 1852 1777 id

154 1808 185 1860 in
215 1808 362 1874 infernum
392 1811 523 1863 &trusus
554 1810 616 1863 esti
662 1810 845 1877 Responsum,
880 1824 991 1877 pauper
1017 1822 1082 1861 vero
1113 1808 1150 1862 ad
1174 1815 1285 1864 sanctos
1315 1810 1408 1864 adbuc
1432 1810 1556 1865 viventes
1586 1809 1697 1882 proprie
1723 1809 1851 1880 pertinet

10 1879 70 1922 ‘m
88 1879 140 1923 ³¹²
156 1893 269 1960 quidem
296 1903 323 1948 te
354 1913 412 1950 non
437 1895 567 1965 recipiet,
594 1896 647 1948 sed
662 1894 835 1960 eleemosyna
860 1893 933 1962 ursa,
961 1901 991 1946 ut
1018 1891 1159 1949 Secundo:
1195 1896 1243 1948 Ad
1257 1897 1290 1948 id
1308 1914 1359 1949 nos
1376 1897 1450 1964 sopit
1468 1897 1533 1965 ipsa
1557 1897 1722 1951 similitudo.
1775 1897 1852 1950 Nom

153 1979 237 2033 Prae.
257 1982 309 2034 28.-
337 1980 448 2035 Claude
462 1981 661 2048 eleemosynam
679 1981 709 2033 in
727 1980 794 2033 sinu
809 1979 946 2048 pauperis
965 1989 990 2032 et
1015 1979 1159 2047 parabola
1178 1988 1270 2034 sumta
1289 1988 1331 2034 est
1346 1999 1366 2033 a
1385 1970 1509 2050 quod'm
1528 1998 1683 2048 oeconomo,
1702 1981 1751 2050 qui
1766 1983 1852 2051 depo·

154 2065 221 2133 ipsa
242 2060 406 2136 orabit'prc
425 2074 460 2122 te.
491 2066 669 2120 hlaldonstus
686 2065 715 2119 in
729 2065 781 2119 boc
800 2065 860 2119 loco
879 2083 906 2135 p.
925 2069 990 2120 310:
1016 2065 1087 2116 situs
1104 2065 1140 2117 ab
1168 2066 1265 2134 officio
1285 2073 1312 2118 et
1339 2082 1439 2133 spanus
1457 2068 1561 2135 suctus
1582 2084 1663 2136 opem
1681 2067 1852 2137 implorabat

155 2151 246 2205 Penes
261 2167 408 2221 pauperes
423 2169 479 2205 non
497 2159 538 2205 est
552 2159 678 2221 potestas
695 2151 865 2205 admittendi
889 2167 940 2204 nos
960 2149 989 2201 in
1017 2150 1171 2204 amicorum
1194 2169 1324 2219 snorum,
1354 2154 1432 2221 quod
1455 2161 1547 2207 autem
1570 2153 1676 2222 deponi
1698 2154 1735 2206 ab
1754 2153 1851 2223 officio

153 2237 275 2304 cosmm,
302 2239 368 2292 ideo
392 2244 485 2292 autem
515 2256 567 2291 nos
591 2239 724 2291 dicuntur
749 2237 888 2306 recepere,
920 2236 987 2305 quia
1015 2236 1052 2288 sit
1073 2237 1160 2300 mori,
1189 2238 1329 2290 Dominus
1353 2238 1463 2306 ipsein
1485 2238 1676 2310 applicatione
1692 2239 1850 2307 parabolae

148 2330 270 2391 propter
286 2323 356 2377 illas
372 2323 681 2390 sanmuseleemospnas
700 2324 861 2392 recipimur,
880 2330 910 2375 ut
928 2339 984 2376 non
1015 2322 1144 2390 explicat.
1191 2321 1415 2393 Respondemus:
1441 2324 1470 2378 in
1495 2325 1636 2394 parabolis
1654 2341 1709 2379 non
1727 2331 1792 2379 sunt
1810 2330 1851 2379 ta·

152 2416 210 2462 tam
229 2409 288 2477 ipsi
303 2427 388 2478 pssum
414 2421 502 2478 opero
530 2426 599 2477 erpa
626 2425 672 2462 eos
695 2416 793 2463 noema
819 2409 890 2473 sint,
916 2425 989 2477 quac
1016 2407 1164 2463 nuissimae
1184 2424 1312 2479 quaeque
1329 2410 1463 2465 minutiae
1479 2410 1643 2477 sectandae,
1663 2426 1732 2480 quas
1752 2408 1775 2464 si
1794 2409 1849 2464 hoc

151 2495 333 2567 nosproprie
358 2496 495 2566 recipient
521 2501 571 2550 etc.
612 2494 800 2549 Tertullianus
824 2494 859 2549 de
881 2493 988 2565 fugin
1015 2495 1075 2549 loco
1092 2499 1221 2550 excutere
1233 2495 1358 2561 velimus,
1377 2511 1520 2566 possemus
1539 2495 1849 2553 conuaBellarminnm

151 2586 291 2650 praesent
317 2597 379 2652 cap.
401 2585 440 2638 13.
458 2587 486 2636 et
511 2578 682 2649 Theophilus
700 2580 890 2635 Antiochsnus
913 2581 987 2650 apud
1014 2580 1055 2633 sic
1077 2580 1194 2635 inferre:
1224 2581 1465 2647 Quemadmodum
1501 2600 1666 2639 oeconomus
1693 2583 1730 2638 ab
1757 2581 1849 2637 officio

151 2665 354 2737 Hieronymum
390 2667 416 2723 d.
451 2667 470 2722 l.
508 2664 671 2736 allegoriam
708 2666 793 2736 paulo
828 2665 987 2721 alieniorem
1014 2663 1156 2735 depositus
1179 2664 1248 2720 nihil
1277 2665 1431 2737 quidquam
1460 2667 1583 2723 habebat
1614 2668 1767 2739 reliquum,
1792 2683 1849 2739 quo

152 2757 304 2809 secuntur.
346 2758 369 2808 ³.
388 2752 584 2824 Purgatorium
602 2766 668 2806 vero
692 2766 725 2805 ex
742 2751 786 2804 bis
804 2750 908 2806 Christi
928 2767 987 2806 rer·
1013 2749 1072 2804 beri
1098 2750 1141 2804 sui
1169 2751 1288 2822 gretiam
1314 2751 1463 2823 impetrare
1493 2752 1537 2808 vel
1565 2771 1616 2823 pro
1641 2754 1765 2825 peccatis
1789 2754 1847 2808 suis

151 2837 197 2892 bis
216 2838 331 2894 accendi
344 2838 450 2909 nequit
492 2838 602 2903 Primo,
626 2838 694 2909 quia
711 2837 751 2907 pii
770 2842 877 2892 veteres
895 2837 924 2892 in
942 2855 986 2892 ex·
1012 2836 1171 2891 satisfacere
1190 2844 1301 2908 posset,
1328 2839 1368 2894 sic
1395 2844 1590 2908 postmortem
1611 2839 1757 2894 animabus
1776 2837 1847 2894 nihil

151 2924 304 2994 plicatione
326 2925 410 2995 hujus
438 2924 491 2980 laci
516 2923 585 2978 nihil
608 2924 644 2978 de
661 2924 822 2994 purgatorio
840 2923 985 2979 somniant.
1012 2923 1164 2995 quidquam
1188 2924 1327 2995 suppetit,
1352 2941 1408 2996 qno
1428 2925 1537 2996 possint
1554 2942 1605 2996 pro
1621 2926 1739 2982 residuis
1756 2925 1847 2996 culpis

153 3008 297 3080 Secundo,
317 3011 341 3064 si
358 3010 393 3065 de
412 3010 574 3082 purgatorio
593 3009 719 3064 Christus
735 3009 781 3064 bic
799 3009 872 3080 agit,
891 3026 986 3065 conse·
1013 3009 1180 3065 sadriacera.
1210 3008 1308 3081 Neque
1328 3009 1365 3067 de
1383 3026 1532 3067 oeconomo
1545 3012 1573 3065 in
1585 3012 1719 3082 parabola
1736 3012 1847 3077 dicitnr,

152 3114 241 3168 quens
259 3097 358 3164 fuerit,
390 3097 473 3153 etiam
500 3096 688 3168 apostolocin
711 3096 905 3167 purgatorium
924 3112 985 3152 esse
1013 3095 1087 3166 quod
1118 3101 1183 3166 post
1211 3085 1391 3152 remotionem
1423 3097 1460 3152 ab
1486 3095 1580 3151 officio
1607 3096 1681 3152 fame
1709 3105 1737 3153 et
1756 3098 1846 3152 esurie

150 3182 348 3249 detrudendos,
366 3184 432 3255 quia
451 3202 476 3238 v.
491 3190 513 3240 t.
533 3184 569 3238 ad
587 3181 714 3256 μαθηιάς
733 3183 804 3238 hanc
821 3182 984 3253 parabolam
1014 3199 1123 3250 pressus
1146 3197 1227 3254 opem
1251 3182 1402 3238 amicorum
1427 3182 1630 3253 imploraverit,
1656 3183 1706 3238 sed
1724 3183 1799 3255 quod
1817 3185 1847 3239 in

150 3267 253 3325 dnum
276 3269 387 3341 legitur.
423 3269 541 3340 Tertio,
568 3286 705 3341 pauperes
732 3269 761 3324 in
790 3286 873 3325 carne
895 3269 985 3324 adhuc
1013 3267 1104 3323 officio
1121 3269 1212 3323 adhuc
1233 3269 1401 3323 constitutus
1421 3268 1456 3323 de
1474 3268 1605 3324 subsidiis
1626 3268 1679 3323 sibi
1697 3273 1983 3341 prospera-¹l11·⁸t⁰.

149 3353 275 3410 virentes
295 3354 425 3425 precibus
452 3357 511 3410 suis
541 3371 591 3411 nos
621 3357 696 3427 apud
716 3356 807 3412 Deum
830 3357 931 3426 juvare
952 3371 985 3410 ac
1012 3353 1062 3422 rit3
1081 3352 1122 3408 ita
1135 3354 1164 3407 in
1181 3355 1234 3409 hac
1252 3355 1310 3409 vita
1328 3354 1510 3424 elecmosynis
1530 3353 1630 3408 nocuis
1645 3354 1748 3410 amicos
1766 3357 1847 3411 nobis

150 3440 350 3497 beneficentiae
369 3448 479 3497 nocuae
499 3442 527 3497 in
542 3448 663 3498 extremo
679 3443 787 3513 jndicio
798 3441 984 3497 testimonium
1011 3454 1110 3508 parare
1128 3439 1269 3509 debemus,
1287 3447 1319 3495 ut
1330 3442 1444 3510 qnando
1462 3440 1615 3509 deficimus,
1631 3439 1660 3493 id
1680 3446 1722 3495 est
1740 3441 1769 3495 in
1785 3442 1848 3514 ipsa

149 3527 267 3582 reddere
284 3534 413 3598 possunt,
438 3529 461 3582 si
489 3528 534 3582 sel
564 3529 682 3584 maxime
709 3545 764 3583 non
785 3528 985 3584 descendamus
1012 3526 1105 3581 statim
1124 3532 1230 3590 morte,
1256 3525 1393 3596 recipiant
1410 3542 1460 3580 nos
1479 3526 1509 3580 in
1526 3532 1642 3582 aeterna
1658 3527 1846 3584 tabernacula.

148 3612 177 3667 in
195 3614 406 3685 purgatorium,
431 3631 464 3670 ex
490 3632 545 3685 quo
562 3615 607 3669 vel
636 3614 761 3669 rivorum
781 3613 922 3685 suffragiis
941 3613 984 3668 rel
1011 3612 1119 3667 Tertio:
1148 3613 1324 3681 :tricastinus
1355 3613 1373 3666 l.
1396 3616 1440 3665 21.
1468 3614 1504 3665 de
1533 3613 1584 3668 cic.
1617 3613 1678 3665 Dei
1708 3632 1773 3683 cap.
1801 3617 1845 3672 27.

148 3707 318 3755 mortuorum
345 3700 588 3756 intercessionibus
614 3699 691 3771 apud
709 3700 801 3754 Deum
825 3699 983 3756 liberemur.
1009 3698 1204 3767 purpatorium
1221 3698 1317 3751 eaboc
1330 3697 1390 3750 loco
1403 3698 1586 3750 demonstrat.
1617 3697 1845 3768 Respondemusr

148 3785 267 3855 Quarto,
287 3787 310 3840 si
327 3787 430 3856 sancti,
449 3790 564 3856 qnando
583 3787 743 3855 deficimus,
760 3785 788 3839 id
810 3791 853 3840 est
871 3785 983 3857 quando
1009 3783 1096 3839 verba
1121 3783 1231 3854 integra
1258 3782 1297 3837 sio
1322 3782 1441 3839 habent:
1474 3783 1573 3837 Etiam
1605 3784 1653 3837 illi
1682 3785 1768 3852 insti,
1796 3787 1847 3855 qui

147 3872 290 3941 morimur,
319 3871 458 3943 recipiunt
481 3890 532 3927 nos
555 3873 648 3927 statim
675 3872 704 3925 in
722 3876 836 3927 aeterna
853 3872 982 3927 taberna·
1009 3877 1091 3923 tanta
1107 3871 1254 3923 canditate
1271 3869 1411 3938 uicerunt,
1438 3876 1470 3921 ut
1487 3869 1561 3922 alios
1580 3886 1688 3938 quoque
1703 3871 1845 3940 recipiant

147 3957 229 4022 cula,
253 3957 349 4029 utique
371 3974 427 4012 non
445 3957 638 4012 descendimus
656 3963 854 4027 postmortem
871 3956 900 4011 iu
919 3973 982 4029 pur·
1008 3956 1039 4009 in
1057 3956 1241 4010 tabernacula
1260 3963 1392 4024 aetemsc,
1416 3955 1514 4024 quibem
1533 3955 1620 4008 amici
1634 3955 1710 4018 facti
1726 3963 1790 4008 sunt
1808 3959 1845 4008 de

147 4043 299 4113 guterium,
330 4058 363 4097 ex
393 4060 449 4114 quo
479 4041 636 4109 sanctorum
662 4042 792 4113 precihus
823 4042 981 4099 liberemur.
1009 4059 1167 4095 mammona
1186 4041 1358 4110 iniquitates,
1383 4040 1502 4120 uttalcs
1522 4046 1624 4108 meent,
1643 4041 1845 4094 misericordia

147 4128 257 4192 Quinto,
275 4128 472 4199 parabolarum
485 4133 514 4184 et
526 4129 720 4200 allegoriarum
733 4128 880 4199 explicatio
900 4128 984 4183 debet
1009 4127 1124 4180 liberati
1139 4134 1203 4181 sunt
1220 4128 1256 4180 ab
1274 4144 1315 4190 eo,
1335 4126 1386 4195 qni
1398 4126 1538 4195 justificat
1552 4126 1681 4194 impium,
1701 4126 1844 4195 imputans

146 4229 205 4269 esse
230 4212 295 4268 fidei
322 4214 451 4285 analoga.
493 4214 559 4270 dam
584 4231 648 4269 vero
666 4214 858 4285 purgatorium
875 4219 983 4285 pugnat
1010 4214 1164 4266 mercedem
1186 4213 1339 4266 secundum
1356 4213 1493 4281 pralium,
1518 4229 1574 4265 non
1598 4212 1749 4264 secundum
1768 4213 1844 4266 debi-

145 4315 208 4353 cum
230 4298 296 4354 fidei
315 4299 459 4371 analogia,
489 4307 522 4354 ut
542 4300 714 4354 ostendimus
740 4300 873 4371 superius.
907 4300 982 4370 Ergo
1010 4307 1075 4353 tum.
1112 4299 1149 4351 Iu
1171 4315 1266 4351 eornm
1285 4298 1388 4369 quippe
1408 4315 1524 4352 numero
1547 4305 1589 4350 est
1607 4297 1766 4368 apostolus,
1795 4298 1846 4366 qni

146 4383 295 4454 explicatio
324 4385 408 4455 buJ'us
433 4384 584 4456 praebolae
611 4401 665 4439 non
693 4384 777 4439 debet
799 4385 922 4455 torqueri
945 4386 980 4438 ad
1009 4384 1087 4451 diost,
1104 4383 1328 4437 misericordiam
1341 4391 1581 4451 consensurum,
1597 4383 1736 4446 utfidslis
1748 4399 1843 4440 essem.

146 4469 345 4541 purgatorium.
384 4471 483 4540 Sexto,
509 4489 560 4542 per
578 4471 684 4525 amicos
707 4486 762 4523 non
789 4469 982 4540 intelliguntur
1008 4469 1064 4522 Illi
1079 4477 1179 4532 antem,
1199 4469 1251 4537 qui
1266 4469 1441 4537 recipiuntur
1455 4487 1475 4522 a
1492 4469 1596 4522 talibsss
1610 4469 1640 4521 in
1660 4470 1844 4523 tabernamsla

146 4556 236 4610 sancti
254 4572 320 4611 cunr
331 4555 444 4611 Christo
462 4562 621 4628 regnantes,
639 4556 689 4611 sed
703 4571 841 4627 pauperes
853 4555 882 4609 in
901 4555 981 4610 terris
1009 4562 1138 4621 aeterna,
1168 4554 1318 4619 fatendum
1337 4561 1390 4618 est,
1420 4556 1497 4622 quod
1511 4572 1567 4607 non
1584 4555 1642 4607 sint
1658 4556 1702 4608 bis
1722 4555 1844 4610 mombar

145 4639 235 4697 adhuc
267 4642 406 4711 viventes,
435 4647 468 4697 nt
497 4660 530 4698 ex
560 4643 622 4713 ipsa
647 4641 782 4714 parabola
808 4641 981 4712 intelligitur.
1007 4640 1149 4709 praediti,
1167 4647 1197 4692 nt
1213 4639 1254 4692 eis
1270 4639 1429 4692 liberandis
1446 4639 1507 4691 sinc
1525 4641 1664 4709 suffragio
1683 4648 1844 4695 sanctorum

145 4726 284 4783 «labemur
306 4727 379 4784 enim
391 4745 442 4783 nos
455 4729 560 4784 amicos
573 4745 683 4800 parare
699 4745 732 4783 es
751 4745 909 4782 mammona
928 4728 982 4780 ini·
1008 4743 1061 4778 sua
1072 4725 1167 4793 possit
1184 4724 1243 4776 cita
1259 4724 1400 4790 conspicere,
1419 4740 1454 4776 ac
1469 4741 1522 4792 per
1540 4725 1591 4778 doc
1610 4727 1697 4780 multo
1718 4725 1843 4795 amplius

145 4815 274 4882 quintis,
303 4830 354 4885 per
371 4815 560 4885 eleemosynas
579 4815 688 4870 scilicet
707 4831 741 4870 ac
759 4812 980 4869 beneficentiam.
1009 4812 1039 4864 in
1058 4811 1100 4864 eis
1129 4810 1323 4881 serpercsaltat
1352 4808 1567 4864 misericordiae
1593 4811 1739 4878 judicium.
1788 4810 1843 4867 Hic

146 4898 291 4971 bederga
315 4909 425 4956 sanctim
453 4918 516 4956 cuns
535 4899 646 4955 Christo
672 4905 821 4970 regnantes
844 4916 900 4954 non
919 4916 981 4971 pos·
1008 4896 1077 4951 nibil
1105 4894 1140 4951 ds
1169 4894 1346 4966 purgatorio,
1372 4894 1441 4948 nihil
1465 4894 1500 4950 ds
1529 4896 1700 4951 orationibus
1725 4914 1777 4968 pro
1795 4898 1843 4952 de·

144 5002 240 5039 snmus
281 5002 341 5042 ease
378 4985 496 5041 benefici
540 5004 574 5041 ex
614 5001 772 5041 mammona
816 4985 981 5056 iniquitatis.
1007 4982 1112 5038 functis
1137 4997 1170 5036 ex
1198 4979 1359 5051 purgatorio
1383 4979 1534 5035 liberandis
1560 4982 1696 5039 audimus.
1740 4983 1843 5038 Postea

144 5077 168 5128 t.
190 5071 270 5137 Quae
289 5071 473 5126 Bellarminus
497 5089 548 5142 pro
575 5071 745 5127 adstruendo
765 5071 927 5143 purgatorio
946 5087 979 5125 cx
1008 5067 1121 5140 subjicit
1146 5066 1334 5137 Augustinus:
1367 5067 1434 5129 Qus’s
1462 5068 1499 5121 sit
1521 5069 1574 5122 iste
1601 5071 1701 5122 modus
1724 5075 1750 5121 et
1769 5085 1843 5136 quae

143 5157 236 5211 verbis
267 5155 369 5211 Christi
407 5157 530 5228 colligit,
573 5175 672 5228 parum
704 5156 811 5212 roboris
848 5157 980 5212 obtinent.
1006 5157 1063 5210 sint
1081 5156 1146 5224 spru
1159 5160 1294 5221 peccata,
1309 5169 1382 5222 uuae
1403 5154 1444 5207 tta
1463 5155 1619 5224 impediunt
1632 5156 1842 5223 paroemiorum

147 5241 241 5296 Primo
256 5242 360 5313 inquit:
384 5242 474 5297 Verba
487 5244 549 5313 illa,
564 5244 822 5312 faciteamicos,ut
835 5244 980 5312 recipiant,
1007 5245 1049 5295 ad
1067 5257 1183 5311 repnum
1208 5239 1279 5308 Dei,
1309 5247 1341 5293 ut
1372 5248 1465 5294 tamen
1495 5247 1656 5293 sanctorum
1686 5241 1841 5296 amicorum

147 5337 249 5396 cocunt
268 5346 320 5383 nas
338 5332 380 5382 ad
397 5332 587 5398 statuendum,
616 5332 694 5398 quod
714 5336 782 5400 post
800 5336 916 5381 mortem
931 5329 980 5398 ja·
1007 5329 1115 5383 medis
1139 5327 1286 5396 impetrent
1314 5325 1535 5396 indulpentiam,
1566 5325 1770 5392 difficillimum
1799 5335 1841 5382 est

146 5423 245 5469 centur
271 5415 383 5469 animae
402 5416 534 5485 precibus
553 5423 723 5472 sanctorum.
769 5416 846 5469 Num
866 5415 978 5469 stssmo·
1007 5416 1146 5484 inuenire,
1177 5413 1448 5482 pcricnlcsimimum
1481 5413 1608 5478 delinire.
1672 5413 1737 5481 Epo
1766 5421 1840 5469 certe

147 5519 236 5575 agna,
265 5517 338 5572 qnae
367 5503 455 5556 datur
483 5503 570 5559 malis
591 5502 764 5570 bominibus,
794 5501 867 5556 bona
888 5508 981 5556 tomen
1007 5517 1093 5575 uspru
1118 5503 1160 5556 ud
1181 5502 1233 5558 boc
1260 5509 1381 5574 tempus,
1409 5517 1470 5555 cum
1500 5499 1567 5555 inde
1595 5501 1768 5571 smapmem,
1799 5501 1844 5563 ad
