4104 6014
177 201 239 264 eet
780 194 903 255 LOCUS
919 193 1124 256 Vlcesmes
1141 197 1288 259 SEXTUS

182 355 289 408 datam.
326 354 438 409 Mansit
456 362 547 410 autem
561 355 612 410 diu
628 355 680 409 hoc
692 355 790 410 citium
806 357 836 409 in
848 356 977 425 Phrypia
988 361 1015 409 et
1041 353 1130 425 Apud
1147 357 1233 427 ι’ρνοο,
1249 355 1349 428 inquit,
1367 363 1392 410 et
1406 372 1500 410 eorum
1512 355 1644 422 finitimos
1662 353 1693 408 in
1706 352 1875 407 hodiernum

180 441 305 494 Pisidia.
345 440 481 503 Quocirca
504 443 627 510 synodus
651 460 772 513 quoque,
796 461 868 512 ηιιπο
891 443 1015 497 convenit
1041 458 1127 511 usque
1145 445 1219 498 diem
1238 444 1367 498 oratoria
1384 443 1539 498 Michaelis
1559 442 1656 495 videre
1673 439 1749 508 licet,
1768 438 1797 493 in
1813 438 1875 510 qui·

178 527 349 593 Laodiceae,
369 544 442 597 ossae
460 535 502 581 est
519 529 661 598 Phrypiae
679 530 850 599 metropolis,
868 530 929 600 lepe
944 523 1013 599 pro·
1041 526 1093 583 bus
1112 547 1150 588 se.
1170 531 1262 586 adhuc
1283 531 1387 585 cultum
1406 547 1488 584 suum
1511 529 1547 584 ab
1566 528 1691 599 apostolo
1712 526 1874 581 damnatum

178 612 280 679 hibuit,
308 630 342 667 ne
361 623 550 683 precarentur
574 617 697 684 anyelos.
732 618 772 671 Et
794 617 824 672 in
847 616 1013 671 hodiernum
1042 618 1188 685 exercent.)
1226 618 1305 672 Idem
1329 619 1358 672 iu
1382 616 1527 688 compend.
1548 616 1652 670 haeret.
1677 611 1753 670 sabb.
1778 610 1874 666 Cainis

178 716 265 771 usque
282 700 357 753 diem
371 700 436 755 licet
452 702 549 755 vidae
562 705 643 771 apud
655 702 723 757 ellos
736 711 869 758 eteorum
879 703 1013 770 finitimos
1039 703 1153 773 tribuit,
1189 704 1263 776 quod
1292 705 1391 775 onpsli
1422 705 1546 774 alicujus
1578 717 1676 756 nomen
1707 699 1874 754 invocarint.

180 788 307 841 oratoria
322 787 422 841 Sancti
433 789 594 844 Michaelis.
626 789 682 843 Illi
691 805 757 858 erqo
771 789 823 844 hoc
835 789 1012 845 consulebant
1039 788 1183 861 Remigius
1214 791 1243 845 in
1265 791 1366 847 Psalm.
1391 795 1440 846 96:
1472 792 1531 843 Nec
1556 790 1638 843 etiarn
1664 786 1781 855 anpelus
1804 785 1874 838 odo

179 874 275 942 utique
311 874 468 928 humrlitatc
497 883 618 946 mentes,
654 876 790 945 dicentes,
821 877 1012 932 uniuersarmn
1039 878 1147 930 raudus
1165 884 1214 944 est,
1233 878 1301 946 quia
1322 877 1426 947 lepitur
1441 878 1471 930 in
1482 874 1662 947 Apocalypsi,
1680 891 1742 927 cum
1755 873 1874 942 quidam

178 960 273 1013 Deum
301 976 352 1013 nec
384 961 475 1030 cerni,
505 977 556 1015 nec
574 963 788 1032 comprehendi,
818 981 869 1018 nec
898 965 939 1017 ad
952 944 1012 1018 eum
1038 962 1171 1016 uoluisset
1199 966 1323 1017 adorare
1354 964 1486 1033 anpelum
1508 979 1566 1030 pro
1597 959 1758 1028 miraculis,
1800 973 1872 1029 quae

174 1062 259 1114 posse
282 1047 429 1115 perueniri
458 1055 484 1101 et
521 1055 649 1117 oportem
669 1065 723 1118 per
746 1051 863 1119 arepelos
887 1050 1012 1105 diuinam
1039 1047 1115 1116 fece,
1136 1052 1213 1118 ροιοιί
1229 1050 1290 1119 ipse
1302 1050 1502 1119 prohibuisset,
1521 1064 1554 1101 nc
1573 1050 1754 1101 adoraretur.

178 1130 632 1203 sibibeneoolcntiamconciliare.
656 1136 719 1189 Hoc
729 1144 821 1190 autem
831 1136 907 1203 dicit,
926 1137 955 1190 in
964 1137 1012 1189 hu·
1073 1139 1132 1190 428.
1175 1135 1272 1190 Tertia
1301 1135 1396 1191 elassis
1426 1135 1620 1207 complectitur
1648 1133 1697 1188 illa
1725 1132 1814 1202 dicta,
1843 1131 1906 1186 ins
1926 1142 2005 1182 sorum

180 1217 602 1291 militateetcultuanpelorum,
621 1222 800 1276 illudentem
816 1223 939 1291 inflatus,
957 1240 1012 1276 non
1040 1218 1141 1289 quibus
1168 1221 1260 1275 solum
1284 1223 1391 1290 Deum,
1419 1240 1476 1276 non
1494 1229 1588 1277 autem
1604 1222 1695 1276 ιιῑὶσιπ
1712 1227 1873 1274 mouturam
1888 1195 2011 1286 afflig,

68 1341 75 1351 ·
183 1312 225 1359 est
234 1306 410 1360 contrarium
421 1305 582 1378 humilitati,
595 1325 656 1362 sam
667 1311 742 1363 enim
751 1326 824 1379 prae
833 1327 863 1363 ee
875 1310 1014 1378 serebant,
1040 1307 1172 1375 reliqiose
1203 1316 1228 1361 et
1256 1308 1423 1379 suppliciter
1450 1309 1608 1379 colendum,
1636 1308 1824 1362 invocandum
1847 1312 1874 1359 et
1888 1298 1997 1390 2:be

180 1394 271 1447 sadra
281 1408 348 1446 vera
361 1394 526 1449 insolentiae
536 1395 789 1454 uitiolabarabant.
808 1398 872 1451 Hoc
882 1398 1014 1450 amentia
1040 1396 1222 1448 adorandum
1242 1410 1302 1448 esse
1313 1402 1447 1464 statuunt,
1465 1413 1498 1450 ex
1511 1412 1565 1467 quo
1581 1393 1727 1450 manifeste
1740 1393 1874 1465 sequitur,

28 1477 227 1545 xv111.1m.iis,
248 1497 318 1548 ροισι
338 1497 393 1534 non
413 1480 493 1550 cidit,
510 1481 650 1550 incedens,
666 1501 721 1552 pro
741 1500 773 1538 eo
794 1486 871 1553 quod
880 1492 929 1553 est,
946 1501 1014 1553 pro-
1043 1480 1181 1535 defuustis
1210 1482 1312 1536 sancis
1339 1482 1485 1554 religiosae
1510 1481 1677 1538 adorationis
1702 1481 1807 1536 cultum
1825 1481 1875 1534 mi·

178 1565 421 1635 priisrationibus
435 1568 685 1638 etcopitationilnss
694 1578 781 1636 ruens,
798 1570 850 1624 hoc
863 1571 936 1624 enim
952 1570 1014 1623 sub·
1042 1568 1115 1622 nime
1136 1585 1194 1623 esse
1213 1568 1400 1626 deferendum.
1433 1568 1561 1641 Ignatius
1582 1569 1612 1622 in
1632 1567 1739 1639 epistol.
1759 1567 1874 1623 adPhi·

180 1651 282 1719 iunuit,
295 1659 396 1707 temere
409 1653 526 1722 inflatus
539 1662 658 1708 amente
672 1655 855 1711 carnissuae.
883 1655 1017 1711 “Verba
1042 1653 1200 1724 ladelphum
1217 1660 1247 1710 b:
1283 1655 1413 1725 Virgines
1430 1655 1521 1710 solum
1542 1654 1681 1710 Christum
1699 1655 1730 1707 in
1743 1655 1877 1722 precibus

181 1737 230 1792 illa
245 1737 413 1794 Theodoreti
437 1739 521 1794 etiam
544 1745 654 1794 entant
676 1741 705 1795 iu
726 1740 894 1798 Oecumenio
919 1759 1014 1797 mann·
1042 1741 1142 1794 uestris
1170 1749 1234 1794 ante
1265 1741 1360 1796 oculm
1386 1742 1483 1795 habete
1509 1749 1536 1794 et
1563 1742 1678 1796 Patrem
1704 1741 1784 1795 illius
1809 1741 1876 1796 illu·

181 1824 286 1895 ssripto
303 1831 397 1880 vetere
416 1824 625 1883 membranaceo
637 1826 822 1883 bibliothecae
833 1829 1016 1900 Augustanus
1043 1828 1147 1880 minate
1161 1845 1180 1880 a
1196 1827 1317 1896 Spiritu.
1352 1826 1540 1882 Tertullianus
1555 1826 1584 1881 in
1596 1827 1739 1899 apolog.**
1751 1843 1811 1899 cap.
1829 1831 1876 1882 lt:

182 1911 211 1966 in
230 1928 291 1983 cap.
311 1919 334 1968 2.
374 1913 432 1970 col.
452 1929 524 1984 quae
545 1919 639 1968 nmen
658 1915 783 1970 inlibris
801 1916 883 1972 edith
901 1917 1016 1974 omissa:
1045 1912 1126 1975 Quod
1142 1914 1258 1968 colinas
1275 1932 1342 1980 nos,
1373 1915 1451 1968 Das
1467 1931 1540 1969 uuus
1559 1915 1640 1970 αι’*
1660 1929 1721 1986 cap.
1742 1919 1789 1970 30:
1816 1916 1878 1969 Nos

181 2003 210 2054 ol
228 2000 267 2068 τῷ
285 1995 363 2072 νόμῳ
383 2002 599 2075 συνηγοροῦντες
617 2005 663 2055 καὶ
681 1999 744 2063 τοὺς
763 2003 899 2075 ἀγγέλους
926 2009 1016 2072 σέβειν
1041 2018 1095 2070 pro
1119 2001 1209 2055 salute
1242 2001 1444 2070 imperatorum
1469 2002 1563 2055 Deum
1589 2001 1750 2055 invocamus
1788 2008 1876 2055 aeter·

183 2089 353 2157 slanyorirro,
367 2086 409 2141 ὅτι
420 2088 458 2142 δι’
472 2086 573 2150 αὐτούς
581 2087 752 2164 κοιὶὸνόμος
769 2087 861 2160 ἐδόθη·
878 2093 971 2167 ἔμεινε
983 2094 1013 2148 δὲ
1043 2105 1125 2156 num,
1153 2089 1246 2141 Deum
1269 2104 1377 2152 omum,
1407 2087 1500 2141 Deum
1524 2088 1616 2142 vivum
1641 2093 1694 2142 bic·
1730 2088 1809 2142 Idem
1834 2088 1880 2142 vel

181 2175 263 2227 sarira
289 2174 356 2227 sard
384 2181 513 2248 Φρυγίαν
536 2174 567 2230 τὸ
585 2175 662 2244 ἔθος,
688 2176 725 2237 ὠς
741 2181 786 2232 καὶ
810 2177 858 2247 τὴν
885 2181 914 2234 ἐν
938 2187 1015 2235 Λαο-
1042 2171 1135 2243 potius
1160 2173 1333 2229 Novatianus
1350 2173 1493 2230 Romam
1515 2174 1649 2229 ecelesiae
1674 2173 1823 2245 presbyter
1849 2173 1879 2227 in

183 2259 273 2328 δοκοίη
298 2253 421 2314 σύνοδον
446 2257 525 2333 νόμῳ
552 2266 672 2318 κωλῦσαι
702 2264 731 2318 ri
759 2270 904 2337 προσιέναι
932 2265 1015 2339 byyi·
1042 2257 1088 2315 lib.
1114 2259 1149 2314 de
1166 2259 1243 2315 Trin.
1267 2275 1327 2330 sap.
1356 2265 1402 2316 14:
1427 2260 1464 2314 Si
1486 2261 1568 2314 homo
1586 2261 1777 2315 tantummodo
1796 2258 1877 2314 Chri-

182 2351 240 2407 lose
257 2349 304 2400 καὶ
327 2347 546 2418 προσεύχεσθαι,
577 2347 625 2421 ἀφ’
646 2339 678 2405 οὗ
697 2355 744 2404 καὶ
764 2358 827 2408 ναοὶ
844 2352 906 2430 παρ’
923 2355 1015 2416 αὐτοῖς
1042 2353 1118 2415 lim,
1151 2347 1290 2415 QtwmodO
1313 2347 1396 2399 adm
1416 2347 1517 2417 “liqut
1533 2346 1700 2401 invomuit?
1729 2364 1790 2402 tvm
1808 2346 1877 2400 '³³⁶0

180 2436 231 2488 τοῦ
251 2430 452 2506 ἀρχιεραιήγου
465 2436 580 2505 Μιχαὴλ
598 2439 744 2492 nullust*
773 2440 803 2494 in
822 2457 882 2512 cap,
902 2448 926 2498 3,
943 2441 1015 2499 0013
1041 2432 1159 2486 hominis
1180 2439 1286 2486 notura
1312 2449 1368 2485 non
1386 2433 1439 2497 sit,
1471 2435 1524 2487 scd
1541 2433 1615 2502 Dei,
1634 2441 1665 2486 ut
1682 2434 1783 2488 adesse
1801 2433 1879 2486 omni

184 2520 322 2584 monum
342 2523 415 2575 enim
432 2522 482 2575 illi
498 2523 615 2592 ampelos
640 2524 774 2590 iubebant
790 2530 925 2596 admone,
956 2531 1016 2601 ipse
1042 2518 1104 2572 l⁰00
1130 2519 1229 2588 immi·
1268 2518 1303 2573 Sl
1326 2519 1408 2574 bomo
1432 2523 1623 2574 ‘antummodo
1651 2518 1796 2591 Glitium,
1826 2537 1878 2573 Μ·

182 2608 355 2661 contrarium
373 2608 533 2678 praecipit,
558 2618 589 2663 ut
607 2619 633 2664 et
650 2612 728 2667 dicta
745 2621 771 2668 et
787 2615 868 2678 facta
886 2626 1017 2672 mmm
1042 2604 1123 2659 bomo
1149 2605 1179 2659 iu
1201 2607 1376 2660 orationibus
1395 2608 1535 2662 mediator
1560 2607 1725 2662 invocaturi
1744 2624 1806 2660 cum
1834 2608 1876 2660 in·
1891 2623 1971 2666 xv111.
1987 2623 2010 2666 et

181 2696 379 2749 recordatione
407 2695 515 2750 Christi
531 2697 658 2752 Domini.
697 2701 737 2754 Et
757 2702 834 2772 Deo,
858 2702 962 2774 inquit,
988 2713 1014 2758 et
1042 2692 1150 2746 '’mii‘'
1174 2691 1293 2746 immiti&
1317 2694 1359 2746 “d
1375 2695 1582 2763 ῙὶΐίῑθθῑίῖῒῑΦΠη
1607 2693 1726 2748 mitium
1744 2694 1878 2763 Μῶα

183 2779 269 2835 Patri
290 2783 449 2850 oratiarum
469 2783 607 2837 actionem
625 2785 738 2840 emittite
754 2789 932 2859 peripsum,
959 2808 1017 2845 non
1036 2779 1192 2847 ludimur·
1229 2779 1264 2833 δῖ
1280 2780 1361 2833 7²⁰m⁰
1380 2783 1571 2835 ‘mmmm
1591 2780 1726 2849 ΟΜΝ,
1746 2798 1798 2833 ΟΨ
1813 2796 1878 2850 ³1³oe

179 2883 234 2936 per
255 2867 378 2937 anpelos.
407 2869 492 2922 Hanc
510 2870 597 2924 ctiam
614 2871 701 2938 tepens
718 2889 834 2942 ecquem
854 2877 1017 2931 Laodicena
1043 2867 1073 2918 in
1097 2866 1180 2943 illum
1196 2868 1336 2934 ponitur!
1362 2884 1423 2920 cum
1451 2885 1514 2937 spes
1537 2868 1568 2921 in
1593 2868 1703 2922 homine
1724 2867 1878 2921 maledicta

183 2955 307 3022 synodus
335 2961 362 3007 et
384 2955 480 3009 volens
507 2957 595 3010 asuri
617 2957 665 3010 illi
691 2961 788 3013 morbo
812 2965 930 3030 mederi,
955 2965 1017 3035 laps
1042 2953 1196 3016 referatur·
1237 2952 1402 3009 “lustinus
1418 2954 1503 3024 apol.
1531 2959 1560 3009 2:
1592 2953 1627 3014 ὡς
1654 2958 1700 3008 καὶ
1730 2951 1780 3009 τὸν
1807 2953 1877 3009 θεὸν

183 3042 276 3111 cauit,
303 3058 337 3095 ns
362 3051 547 3112 precarentur
573 3045 690 3110 anpelos
721 3054 748 3100 et
770 3065 805 3102 ne
827 3049 1018 3120 relinquerent
1040 3035 1130 3111 μόνον
1147 3039 1193 3092 δεῖ
1210 3045 1384 3114 προσκυνεῖν,
1401 3037 1485 3100 οὕτως
1504 3040 1613 3096 ἔπεισεν
1627 3038 1720 3096 εἰπών·
1747 3046 1875 3113 Μεγίστη

184 3128 337 3183 Dominum
361 3137 488 3183 nostrum
513 3130 612 3184 Jesurn
634 3129 782 3190 Christum.
817 3135 939 3208 (Excipit
954 3138 1016 3194 1301.
1043 3122 1239 3195 irretitam,
1265 3123 1363 3199 κύριον
1388 3123 1522 3185 τὸνθεόν
1542 3146 1591 3182 σου
1610 3126 1810 3198 προσκυνήσεις
1829 3131 1878 3182 καὶ

183 3215 324 3282 larminus,
343 3216 549 3271 Theodoretum
567 3216 618 3271 hoc
634 3218 715 3289 celle,
736 3224 813 3290 quod
835 3224 871 3277 ab
889 3226 1017 3294 apostolo
1042 3208 1117 3282 ebra
1140 3211 1219 3287 μόνῳ
1245 3210 1408 3287 λατρεύσεις.
1456 3215 1493 3269 Et
1512 3221 1624 3285 postea:
1646 3214 1714 3270 ὅθεν
1733 3215 1802 3271 θεὸν
1821 3215 1876 3290 μὲν

184 3303 353 3357 damnantia·
373 3302 547 3374 Simoniani,
573 3304 624 3373 qui
638 3306 784 3378 dicebant,
803 3310 1016 3381 Deum'appre.
1042 3296 1132 3372 μόνον
1169 3302 1397 3374 προσκυνοῦμεν,
1433 3301 1501 3375 ὑμῖν
1532 3302 1563 3355 dl
1606 3299 1695 3369 (vobis
1730 3302 1878 3373 imperato·

184 3390 272 3443 hendi
288 3407 343 3443 non
358 3408 455 3460 posse,
480 3393 532 3445 scd
547 3407 603 3460 per
621 3394 739 3463 anpelos
756 3412 816 3449 csse
832 3397 1017 3465 placandum.
1043 3387 1131 3456 libat)
1156 3388 1226 3462 πρὸς
1249 3389 1283 3442 τὰ
1305 3387 1375 3442 silit
1391 3394 1538 3462 χαίροντες
1556 3387 1795 3466 ὑπηρετοῦμεν.**
1816 3388 1878 3445 Ori·

185 3474 274 3546 Illud,
294 3476 368 3549 quod
388 3477 577 3532 decretoriis
598 3479 630 3535 S.
645 3480 799 3536 Michaelis
818 3481 928 3546 dicitur,
950 3487 1017 3541 duo·
1043 3491 1128 3547 genet
1145 3473 1175 3528 in
1193 3475 1274 3546 epist.
1292 3475 1370 3530 Rom.
1390 3491 1451 3546 sap.
1472 3480 1512 3532 10.
1533 3493 1616 3546 super
1632 3474 1719 3530 rerba
1736 3479 1878 3548 quomodo

186 3563 236 3618 brus
257 3565 349 3617 modis
375 3563 501 3634 intellipi
522 3559 615 3634 posse.
655 3565 715 3622 Uno
734 3571 832 3638 modo,
860 3572 938 3639 quod
953 3574 1018 3628 odit
1043 3561 1222 3631 ιἠυῡΰνῑόψῑΐι
1250 3563 1281 3615 ²⁶²³
1310 3579 1390 3631 duim
1419 3581 1475 3617 '¹⁰²⁸
1503 3564 1707 3618 malderum?
1739 3565 1776 3618 lb
1796 3565 1878 3636 Prin·

186 3650 295 3716 dicere,
318 3649 474 3704 haereticos
497 3652 650 3716 aedificare
675 3655 804 3709 oratoria
822 3657 852 3711 s,
870 3658 1018 3729 melma,
1043 3648 1119 3719 cipio
1139 3649 1275 3717 epistolae
1294 3648 1414 3721 [inquit]‚
1432 3666 1517 3720 quam
1535 3651 1576 3702 ad
1595 3651 1755 3705 Corinthios
1771 3651 1879 3721 scribit,

185 3743 217 3789 ut
239 3753 300 3790 eum
324 3736 366 3789 ibi
387 3737 511 3792 colerent
532 3742 685 3796 secundum
702 3740 830 3797 haerena
850 3743 973 3801 Simonis
992 3747 1021 3800 ei
1044 3736 1094 3789 “bi
1116 3737 1201 3790 didi*
1225 3734 1295 3789 Cum
1319 3736 1457 3801 omnim·
1482 3737 1532 3806 tul
1550 3737 1679 3791 ibvtlfflbi
1696 3753 1796 3791 ”Omtb
1816 3739 1878 3791 9⁰·

186 3822 392 3892 sacrificando,·
425 3825 516 3879 altero
547 3827 644 3893 moda,
675 3831 752 3896 quod
781 3831 942 3900 sipnifiem
973 3852 1018 3889 oo·
1045 3822 1116 3875 mini
1135 3823 1228 3877 nostri
1246 3823 1319 3876 Jesu
1338 3822 1444 3876 Chresti
1465 3824 1495 3877 in
1520 3824 1597 3876 omni
1618 3823 1688 3892 loco,
1707 3824 1833 3895 ipsorum
1850 3832 1878 3879 et

186 3909 285 3973 luerit,
311 3910 415 3979 templa
441 3911 477 3963 ab
501 3911 651 3966 haereticis
676 3923 816 3970 astructa
842 3920 884 3971 ad
908 3921 1019 3986 sacrifi.
1044 3918 1147 3979 nostro,
1164 3925 1240 3977 sum,
1262 3912 1343 3980 cujus
1362 3926 1462 3965 nomen
1480 3911 1633 3979 invocatur,
1664 3912 1758 3965 Deum
1776 3912 1876 3966 Jesum

186 3997 308 4050 candum
334 3996 418 4050 malis
445 3999 555 4066 ancelis
582 4017 642 4054 esse
666 4019 799 4057 conversa
823 4023 841 4057 a
865 4005 1019 4062 Catholicis
1046 3995 1187 4051 omium
1215 4013 1274 4050 ⁶⁸⁸⁶
1305 3997 1479 4066 immisti·
1531 3996 1566 4051 Si
1593 4013 1659 4066 0'90
1689 4005 1715 4050 ⁰²
1741 4001 1821 4051 ΕΜ*
1851 4006 1878 4052 ⁶²

185 4084 216 4135 in
240 4083 368 4138 oratoria
389 4084 417 4138 S.
440 4084 593 4140 Michaelis
616 4094 644 4140 ct
671 4104 704 4141 ea
721 4089 900 4145 multitudine
918 4094 1019 4148 talium
1048 4085 1163 4150 Moyses
1189 4090 1214 4137 et
1231 4083 1332 4138 Aaron
1350 4091 1376 4137 et
1398 4083 1512 4138 Samuel
1530 4084 1697 4137 inuocabant
1714 4085 1878 4154 Dominum,

186 4171 313 4224 locorum
332 4171 438 4241 colliqi,
454 4189 539 4240 quam
557 4174 674 4229 multum
691 4175 817 4231 haeresis
839 4178 962 4234 Simonis
979 4182 1020 4235 ibi
1047 4178 1073 4222 ἅ
1090 4171 1152 4240 ²'Pit
1170 4170 1338 4223 aaudissbai
1357 4186 1418 4235 0⁰⁸2
1436 4170 1496 4224 tim
1514 4171 1598 4225 ‘¹²⁴be
1618 4169 1759 4226 Uirbium
1777 4173 1878 4226 Jttvm

187 4256 254 4310 olim
277 4265 410 4325 prassata
427 4258 526 4323 fuerit.
562 4259 787 4331 Respondemus:
811 4264 953 4321 Haeretici
970 4268 1019 4337 illiy
1047 4258 1201 4311 Dominum
1210 4257 1383 4313 inuocabant.
1416 4257 1631 4312 Etsiinoooare
1648 4259 1768 4313 Domini
1777 4276 1878 4313 nomen

187 4349 283 4397 eontra
305 4359 374 4413 quos
398 4342 523 4414 disputat
541 4345 697 4417 apostolus,
721 4365 777 4402 nou
797 4349 953 4407 adorabant
970 4370 1019 4408 nn.
1045 4345 1307 4399 etadorareDeum
1319 4350 1496 4413 unumatque
1508 4344 1583 4398 idem
1590 4354 1637 4414 est,
1646 4346 1717 4399 sicrst
1726 4345 1874 4400 invocatur

187 4427 264 4500 gelos
278 4429 339 4482 loco
356 4427 422 4493 Dei,
441 4430 489 4485 sed
506 4446 557 4500 per
574 4433 736 4503 angelorum
757 4434 862 4490 cultum
882 4456 1018 4495 summum
1048 4432 1172 4488 Christus
1191 4438 1218 4485 et
1233 4433 1401 4485 adorandus
1415 4438 1456 4484 est
1466 4431 1601 4497 alnetus,
1613 4432 1719 4487 etrite!
1734 4434 1877 4504 offerimus

186 4514 276 4569 Deum
294 4513 346 4568 sibi
363 4514 477 4584 placare
494 4517 648 4588 voluerunt,
669 4536 741 4591 quae
760 4521 822 4592 ipsa
840 4523 1018 4595 Papistarum
1045 4521 1109 4573 Dto
1129 4519 1215 4572 Patri
1229 4518 1322 4587 Ptfm⁰
1339 4517 1462 4570 mnium
1481 4518 1631 4585 ⁰t032'0710b
1647 4517 1689 4573 ’ἴα
1707 4526 1734 4574 ti
1753 4520 1877 4575 D⁰mi¹¹⁰

185 4608 229 4656 est
252 4600 386 4656 doctrina
421 4601 612 4660 Theodoretus
634 4624 809 4679 nequaquam
833 4609 888 4664 illis
912 4612 1019 4677 tribuit,
1044 4607 1115 4659 Jesu
1130 4605 1256 4675 Christ&
1277 4611 1303 4659 tt
1320 4604 1393 4658 titul
1409 4604 1552 4675 offerimus
1569 4605 1773 4674 postulationes
1784 4607 1877 4675 Patri,

142 4738 147 4753 ,
187 4688 261 4759 qaod
288 4687 396 4742 disertis
420 4693 449 4742 et
475 4691 611 4760 expressis
639 4693 731 4748 verbis
749 4693 888 4750 Christum
916 4698 1018 4754 media·
1044 4696 1085 4749 ito
1098 4694 1240 4763 offerimus
1248 4690 1454 4762 postndationes
1468 4693 1590 4759 &Filios
1608 4701 1634 4747 ⁶²
1647 4693 1720 4746 ΒΜ
1734 4695 1878 4765 0ff⁶t²⁶m²⁴⁸

186 4781 274 4830 torem
307 4774 467 4844 rejecerint,
506 4777 631 4847 quamvis
666 4796 699 4834 ex
736 4781 917 4853 angslolatris
951 4784 1018 4839 illud
1044 4783 1202 4851 oratiarum
1221 4779 1345 4833 actiones
1363 4781 1440 4848 Deo,
1460 4781 1502 4833 ita
1520 4781 1629 4848 oratius
1649 4781 1790 4851 offerimus
1809 4781 1876 4836 Sal-

187 4864 331 4936 ἑπομένιυς
356 4866 431 4916 recte
453 4860 602 4933 inferatur,
632 4866 680 4919 sed
705 4867 779 4937 quod
805 4885 918 4939 precum
937 4872 1019 4926 sacri·
1045 4869 1145 4923 calmi.
1181 4866 1325 4935 (Observa,
1346 4864 1462 4936 Origeni
1480 4866 1683 4922 invocationem
1696 4872 1724 4922 et
1738 4867 1878 4923 adoratio·

186 4949 257 5005 ficiis
275 4948 389 5019 angelos
407 4946 538 5004 colendos
557 4966 617 5005 esse
635 4951 780 5009 docuerint
803 4972 836 5010 ex
855 4954 1020 5027 humilitate,
1045 4971 1109 5009 nem
1138 4969 1198 5007 esse
1230 4951 1456 5024 ἰσοδυναμοῦντα
1485 4968 1519 5008 ac
1548 4959 1693 5025 utramque
1722 4953 1773 5008 soli
1811 4970 1877 5010 vero

187 5034 254 5107 quia
280 5034 317 5089 ad
335 5033 427 5089 Deum
452 5051 509 5090 non
535 5036 623 5106 possit
640 5038 695 5092 uisi
715 5055 765 5110 per
784 5041 898 5111 angelos
916 5043 1020 5099 media·
1045 5040 1106 5095 Deo
1137 5039 1236 5105 tribui,
1275 5038 1403 5093 omnibus
1434 5044 1527 5094 autem
1558 5041 1692 5095 creaturis
1723 5040 1874 5113 denegari.)

186 5129 259 5178 tores
282 5122 435 5193 perveniri,
462 5127 491 5176 et
514 5122 581 5193 qaia
603 5123 696 5194 augeli
714 5125 837 5181 divinam
854 5126 934 5183 nobis
954 5147 1018 5184 con·
1045 5128 1116 5183 Cum
1140 5122 1254 5198 Origeni
1272 5123 1369 5179 Celsus
1396 5124 1555 5197 objecisset,
1584 5144 1714 5197 supremo
1731 5129 1796 5182 Deo
1820 5145 1878 5183 non

186 5209 282 5264 cilieut
302 5209 531 5280 benevolentiam,
559 5226 643 5280 quam
662 5227 722 5265 esse
742 5212 908 5283 ipsissimam
924 5215 1021 5271 Ponti·
1040 5231 1126 5285 posse
1146 5213 1304 5282 duplicare,
1329 5214 1357 5266 si
1372 5213 1455 5266 etiam
1472 5213 1528 5266 alii
1542 5214 1703 5283 inferiores,
1721 5233 1790 5284 quos
1809 5217 1878 5270 dae·

187 5295 312 5352 liciorum
352 5295 495 5368 ὑπόληψιν
525 5314 558 5353 ex
590 5297 701 5366 scriptis
734 5307 761 5354 et
793 5301 872 5371 praxi
904 5309 1021 5358 sonent.
1046 5318 1144 5354 monos
1170 5298 1368 5370 appellabant,
1403 5301 1475 5354 uots's
1502 5308 1528 5355 ct
1553 5302 1807 5370 supplicationibus
1833 5321 1878 5357 co·

186 5384 248 5450 Quo
275 5400 358 5440 sensu
384 5384 538 5439 Michaelis
562 5385 692 5439 oratoria
710 5384 902 5443 Theodoretus
928 5388 1020 5444 adhuc
1044 5389 1156 5455 tantur,
1180 5392 1211 5439 ut
1229 5385 1370 5440 hominurn
1389 5404 1491 5440 causas
1508 5390 1590 5458 apud
1604 5406 1764 5456 supremum
1782 5390 1877 5443 Deum

121 5473 125 5479 '
185 5486 329 5542 superesse
354 5470 474 5542 scribat,
522 5487 556 5527 ex
594 5475 725 5526 contextu
758 5474 937 5532 menifestum
970 5484 1020 5538 est,
1045 5474 1197 5545 adjurem
1220 5470 1355 5542 Origenes
1373 5490 1428 5528 non
1448 5472 1602 5544 respoudit,
1630 5473 1878 5533 lacedaemonum
