4104 6014
262 325 323 384 842
853 317 976 379 Locus
992 317 1198 378 vica-alama
1217 321 1365 380 SEXTUS
1427 325 1432 335 '

260 479 403 529 externum
431 474 566 530 creaturis
596 475 721 531 debitum
748 493 766 531 a
790 475 922 546 religiosa
944 480 1039 530 umen
1064 476 1094 526 et
1121 476 1256 533 adoravit.
1293 477 1351 531 Alii
1378 478 1560 549 respondent,
1591 494 1684 548 regem
1714 477 1828 545 auidam
1859 491 1960 530 mam

260 561 356 616 diune
391 560 554 618 adoratione
584 563 759 633 distinctum,
796 563 854 618 sive
885 562 922 618 ob
951 559 1093 632 politicam
1123 564 1246 618 Daniele
1273 565 1446 619 reverentiae
1475 580 1573 620 caasa·
1589 564 1766 634 prohibuisse
1788 579 1824 617 aa
1848 563 1880 617 ia
1898 570 1960 617 taso

261 649 402 719 quandam
420 648 612 717 eminentiam,
640 647 699 706 sive
717 649 754 704 ob
774 649 954 705 ecclesiastici
971 644 1095 717 muneris
1121 651 1214 704 rubeta
1238 653 1462 706 consternatione
1479 653 1622 717 semiana
1644 651 1747 722 offerri
1764 649 1897 719 jussisse,
1914 649 1960 703 in·

261 734 441 806 dignitatem,
471 735 530 791 sive
553 735 590 791 ob
617 737 691 791 dona
718 735 881 807 prophetica
911 735 976 790 talis
1007 732 1095 787 honor
1121 737 1202 789 terim
1227 738 1257 790 in
1275 745 1350 792 testa
1366 757 1421 793 nan
1439 739 1524 802 addi,
1542 740 1618 809 qnod
1636 738 1713 792 iliud
1729 753 1761 790 re
1781 752 1851 791 esra
1866 736 1961 799 faern’t

261 820 328 891 ipsis
353 820 499 876 deferatur.
534 826 558 878 3.
582 821 747 893 Exemplum
771 838 853 878 verae
872 826 901 876 et
920 822 980 876 Deo
998 824 1095 890 gnae
1120 821 1238 884 factam.
1274 822 1463 878 Bellarminna
1487 824 1626 894 disputat,
1652 823 1962 878 Nabacbodoaoearem

261 904 429 961 adorationis
446 924 464 961 a
481 905 564 962 Saule
582 907 667 978 impio
691 923 755 974 rege
772 912 801 962 et
818 911 915 962 contra
935 921 1095 976 expressum
1123 908 1254 963 nitidiore
1287 910 1409 965 Danieli
1440 928 1497 965 nan
1517 928 1575 988 ngr
1603 909 1821 965 immolationem
1850 909 1962 962 anima-

260 991 314 1047 Dei
340 1000 518 1062 praeceptum
542 993 611 1050 Les.
632 999 679 1062 20,
709 1011 733 1050 v.
753 999 776 1049 6.
803 995 916 1050 Denter.
937 998 982 1059 18,
1007 1009 1032 1047 r.
1055 996 1094 1046 11.
1121 992 1207 1063 liam,
1225 996 1278 1048 sed
1295 1013 1412 1049 manera
1430 1004 1456 1050 et
1474 983 1586 1064 admei,
1602 995 1727 1071 intimet
1747 983 1867 1064 ernau,
1892 1012 1962 1064 prra-

261 1077 323 1133 Esa.
343 1084 374 1146 8,
400 1097 426 1134 v.
448 1086 486 1136 19.
511 1086 633 1134 mortuos
657 1078 820 1135 consulente
843 1083 937 1149 petere
955 1078 1036 1132 nimis
1053 1082 1097 1132 est
1122 1095 1185 1132 ram
1205 1088 1352 1151 meumque
1379 1089 1438 1136 tam
1455 1085 1516 1136 Deo
1540 1099 1625 1151 qaam
1647 1082 1754 1135 homini
1772 1083 1875 1150 offerre
1893 1081 1963 1135 soli·

261 1170 478 1236 praeposterum.
514 1164 611 1229 Adde,
637 1165 754 1236 quadis
780 1164 829 1236 qui
853 1164 932 1218 Sauli
957 1163 1096 1235 apparuit,
1123 1172 1181 1219 tam
1202 1168 1295 1232 fnisse
1318 1169 1423 1237 probat
1447 1185 1480 1222 aa
1503 1175 1527 1225 1.
1559 1171 1629 1240 Rea.
1652 1173 1696 1224 10.
1722 1168 1771 1222 adi
1790 1167 1875 1222 Sauli
1897 1166 1965 1237 regi

261 1267 316 1305 non
343 1249 426 1304 fuerit
452 1250 564 1307 Samuel
588 1250 738 1321 propheta,
766 1249 815 1305 sed
837 1257 976 1320 spectrum
1001 1248 1097 1303 diabo·
1123 1269 1239 1306 mancra
1271 1256 1440 1324 offerantur,
1472 1262 1498 1308 et
1531 1271 1564 1310 en
1593 1273 1647 1308 aaa
1670 1255 1818 1319 ecelmiae,
1847 1254 1878 1306 in
1903 1270 1963 1322 aaa

262 1334 355 1401 licum,
375 1340 407 1389 nt
425 1336 552 1406 superius
572 1333 600 1411 ξ.
625 1343 680 1395 tit.
699 1337 793 1392 multis
811 1337 980 1408 argumentis
999 1335 1096 1391 confir·
1125 1337 1293 1408 imaginibus
1324 1348 1350 1393 et
1379 1340 1511 1409 reliqniis
1540 1357 1640 1394 suaves
1667 1343 1769 1395 adores
1794 1341 1963 1409 offerantur.

263 1420 406 1478 matrimus.
442 1422 548 1487 Quodsi
573 1439 639 1494 ergo
662 1440 717 1479 non
747 1429 887 1479 artemam
912 1423 1049 1496 duntaxat
1070 1429 1098 1476 et
1124 1422 1179 1479 Sed
1189 1431 1337 1496 utrumque
1346 1425 1473 1481 sacrificii
1484 1442 1580 1496 genus,
1589 1424 1720 1480 videlicet
1728 1430 1786 1479 tam
1795 1427 1854 1499 ¹¹32]
1873 1441 1962 1496 quarn

261 1506 385 1574 civilem,
421 1508 471 1562 sed
505 1507 663 1580 religiosam
694 1516 722 1565 et
742 1508 805 1579 plus
836 1526 919 1580 quam
949 1508 1097 1562 humanam
1124 1510 1213 1583 rttyqtt,
1229 1510 1281 1566 soli
1299 1510 1359 1566 Deo
1377 1511 1549 1566 offerendum
1568 1528 1628 1566 esse
1646 1517 1807 1567 constater
1824 1512 1962 1568 Levitico.

264 1593 453 1650 adorationem
486 1600 635 1664 personato
664 1596 711 1650 isti
743 1595 866 1652 Samucli
898 1594 965 1652 Saul
990 1594 1097 1659 detulit,
1124 1595 1166 1649 Ac
1191 1596 1215 1648 si
1242 1596 1368 1651 adoratio
1396 1597 1507 1668 proprie
1531 1598 1607 1652 dicta
1632 1598 1664 1652 in
1679 1597 1731 1652 hac
1748 1597 1882 1653 historica
1897 1615 1963 1652 nar·

261 1681 353 1750 ipsum
381 1680 523 1736 diabolum
550 1682 690 1752 adoravit,
722 1683 796 1737 unde
823 1682 906 1737 etiam
929 1679 1098 1753 inpeccatis
1125 1681 1232 1737 ratione
1259 1688 1301 1737 est
1329 1682 1525 1753 intelligenda,
1558 1684 1654 1754 utique
1682 1684 1767 1738 etiam
1793 1682 1963 1738 sacrificium

262 1766 319 1820 suis
346 1772 471 1821 mortuus
495 1768 606 1827 dicitur.
645 1768 773 1838 Denique
791 1768 966 1839 Augustinus
992 1785 1025 1823 ex
1049 1766 1097 1821 illo
1124 1767 1236 1836 proprie
1255 1767 1295 1823 sic
1314 1767 1435 1833 dictum,
1468 1776 1500 1823 nt
1518 1769 1657 1823 indivulsa
1675 1769 1798 1825 ostendit
1816 1769 1963 1825 connexio.

262 1851 324 1922 ipso
349 1851 542 1921 fundamento,
571 1854 646 1924 quod
668 1854 706 1919 is,
737 1855 784 1924 qui
804 1853 932 1912 Samueli
959 1853 1097 1924 apparuit,
1125 1853 1180 1908 Sed
1203 1853 1279 1922 prius
1302 1855 1401 1909 asserit
1418 1853 1611 1919 Bellarminns‚
1634 1861 1769 1926 agnoscat
1789 1871 1857 1926 ergo
1877 1855 1964 1910 etiam

262 1954 361 2009 passus
381 1939 479 2007 fuerit,
498 1957 529 1994 se
548 1940 666 2008 adorari,
687 1939 806 2010 colligit,
828 1941 918 2010 ipsum
936 1957 992 1994 non
1011 1939 1098 1994 fuisse
1125 1939 1269 2008 posterius.
1313 1939 1373 1996 Nisi
1400 1930 1505 2007 11111111,
1532 1947 1605 1995 esset
1627 1939 1793 1996 sacrificium
1821 1940 1873 1995 soli
1898 1939 1962 1995 Deo

263 2023 419 2079 Samuelem
438 2025 617 2095 prophetam,
636 2032 667 2080 ut
686 2025 711 2080 d.
730 2025 748 2079 l.
766 2026 892 2097 pluribus
910 2026 1004 2080 videre
1022 2025 1097 2082 licet.
1125 2024 1264 2093 debitum,
1295 2041 1344 2081 rex
1361 2026 1494 2081 Ezechias
1519 2043 1573 2081 non
1597 2027 1780 2097 confregisset
1802 2031 1962 2096 serpentem

264 2116 289 2165 1.
318 2110 452 2176 Quamvis
482 2110 591 2164 Abdias
620 2111 750 2182 politicae
763 2112 943 2167 ‘eminentiae
969 2118 1097 2181 respectu
1125 2127 1255 2177 aeneum,
1275 2117 1424 2181 propterea
1446 2112 1521 2181 qnod
1541 2112 1686 2167 Israelitae
1704 2112 1848 2167 incensum
1866 2112 1963 2167 eidem

262 2196 325 2250 Elia
343 2203 416 2251 esset
434 2196 551 2266 dignior,
572 2204 665 2252 tamen
683 2197 719 2252 ob
740 2198 901 2267 prophetica
921 2197 995 2253 dona
1007 2197 1097 2252 Eliam
1125 2197 1267 2252 adolerent
1290 2202 1314 2251 2.
1334 2197 1404 2267 Reg.
1425 2203 1468 2262 18,
1495 2213 1521 2252 r.
1541 2206 1566 2253 1.
1591 2214 1643 2253 nec
1666 2197 1848 2268 Collyridiani
1873 2197 1964 2253 idolo·

263 2283 361 2338 merito
387 2283 541 2337 honoravit.
582 2283 683 2338 Mirum
712 2290 754 2339 cst
781 2300 862 2355 ergo,
892 2284 966 2355 qnod
992 2284 1097 2340 Bellar-
1124 2281 1220 2336 latrias
1237 2281 1273 2336 ab
1292 2282 1449 2353 Epiphanio
1469 2283 1574 2360 haeres.
1592 2290 1633 2339 te.
1661 2284 1787 2338 accusari
1806 2283 1964 2354 potuissent

263 2368 354 2422 minus
375 2369 463 2423 liliam
486 2370 608 2440 appellet
626 2371 763 2425 bominem
781 2371 940 2440 priuatam,
967 2388 1028 2424 cum
1046 2388 1096 2440 pu·
1124 2368 1160 2422 ob
1187 2368 1349 2439 collyridam
1381 2385 1430 2423 seu
1453 2370 1595 2439 placentas
1621 2368 1728 2425 Mariae
1757 2369 1880 2438 oblatas,
1907 2369 1962 2424 nisi

263 2454 336 2509 blico
354 2453 460 2524 officio,
484 2455 646 2526 prophetico
666 2456 771 2511 scilicet
789 2455 874 2511 fuerit
890 2455 1001 2511 functus
1017 2462 1047 2511 et
1066 2462 1097 2511 ut
1125 2455 1213 2529 511111,
1248 2460 1321 2509 esset
1344 2453 1509 2509 sacrificium
1538 2455 1590 2510 sali
1613 2455 1673 2511 Deo
1700 2455 1834 2513 debitum.
1878 2455 1960 2521 Quod

263 2540 343 2595 homa
363 2541 424 2593 Dei
448 2541 505 2596 sive
529 2543 665 2613 propheta
689 2541 825 2614 singulari
846 2542 991 2596 sanctitate
1009 2538 1095 2596 errol—
1126 2540 1203 2596 Sauli
1227 2541 1357 2595 dicuntur
1381 2557 1498 2594 manaa
1518 2542 1629 2606 oblata,
1658 2542 1855 2612 aquaeatione
1874 2542 1960 2613 plane

263 2627 323 2681 lens
352 2625 388 2681 ab
418 2625 514 2682 Abdia
538 2627 695 2685 honoratus.
734 2628 864 2694 Quinimo
894 2644 959 2682 vera
985 2634 1013 2682 et
1039 2629 1096 2682 Deo
1124 2625 1246 2680 alienum
1269 2633 1324 2694 est,
1351 2626 1390 2680 ibi
1410 2626 1482 2681 enim
1502 2642 1555 2681 vox
1583 2628 1670 2702 ”Ulli
1697 2644 1754 2683 non
1772 2628 1907 2699 accipitur
1930 2629 1961 2684 in

262 2719 344 2785 grata
368 2711 510 2767 humilitas
535 2713 667 2784 requirit,
694 2722 727 2769 ut
749 2713 913 2769 honoremus
938 2713 1022 2768 etiam
1041 2729 1096 2783 eos,
1125 2712 1326 2783 significatione
1345 2713 1459 2785 speciali
1478 2720 1507 2769 et
1527 2715 1655 2785 propria,
1681 2732 1737 2785 qua
1754 2731 1805 2785 pro
1821 2714 1960 2770 sacrificio

263 2799 311 2871 qui
337 2798 382 2853 vel
411 2798 502 2854 officio
531 2799 576 2855 vel
602 2800 681 2854 donia
705 2816 738 2855 aa
764 2799 915 2854 virtutibus
934 2800 1014 2855 nobis
1032 2807 1098 2855 sunt
1124 2805 1281 2869 usurpatur,
1303 2799 1352 2853 sed
1371 2799 1508 2870 generali,
1527 2817 1583 2870 qua
1602 2799 1744 2870 quaelibet
1761 2800 1908 2856 honoraria
1925 2817 1960 2857 ac

263 2885 414 2940 inferiores.
443 2885 522 2940 Rom.
546 2891 591 2946 12.
619 2903 643 2943 v.
664 2892 708 2942 10:
735 2887 851 2939 Honore
878 2887 994 2940 inuicem
1011 2905 1095 2957 prae-
1125 2884 1239 2938 donaria
1256 2884 1370 2956 regibus
1389 2886 1483 2942 oblata
1499 2887 1646 2955 significat.
1686 2886 1767 2951 Quod
1786 2887 1910 2958 reliquiis
1930 2894 1959 2943 et

170 2988 174 2995 ’
262 2973 407 3027 venientes.
427 2976 449 3026 1.
461 2971 537 3028 Patr.
557 2977 583 3039 2,
601 2988 625 3026 v.
644 2977 689 3027 tr:
710 2972 811 3026 Omnes
828 2972 971 3026 honorate.
990 2988 1050 3044 cap.
1071 2980 1095 3042 5,
1123 2969 1290 3042 imaginibus
1313 2989 1412 3026 suaves
1430 2972 1528 3026 odores
1545 2973 1574 3026 in
1591 2981 1698 3043 papatu
1715 2973 1883 3039 offerantur,
1909 2990 1959 3029 no·

263 3078 290 3115 v.
308 3065 341 3116 a:
368 3055 470 3117 πάντες
496 3055 624 3127 ἀλλήλοις
653 3055 874 3132 ὑποτασσόμενοι
899 3061 949 3126 τὴν
969 3079 1097 3116 ranam.
1124 3056 1228 3126 rimus3
1246 3057 1295 3112 aed
1310 3057 1470 3128 Scripturas
1483 3057 1608 3127 ,quodam
1623 3060 1748 3129 exemplo
1761 3059 1831 3114 illud
1844 3060 1958 3131 probari

265 3144 411 3221 φροσύνην
430 3141 654 3218 ἐγκομβώσασθε.
689 3153 714 3201 t.
734 3144 990 3203 Nabuchodonosor
1010 3147 1097 3202 ethni·
1123 3142 1245 3198 nondum
1264 3142 1392 3199 vidimus.

264 3233 342 3289 demi
360 3231 424 3287 labe
443 3230 535 3285 adhuc
553 3230 673 3286 infectus
691 3246 725 3286 ac
744 3231 861 3301 proinde
876 3231 948 3286 inter
966 3231 1042 3303 pios,
1062 3233 1097 3288 de
1159 3234 1217 3284 139.
1252 3229 1387 3294 Quartum
1415 3235 1609 3301 argumentum
1640 3231 1755 3287 deducit
1787 3249 1820 3287 ea
1847 3236 1957 3301 confes·
1971 3249 1992 3288 s.
2008 3248 2048 3287 ex·

264 3318 365 3390 quibus
383 3316 544 3373 Bellarmini
567 3316 718 3387 propositio
737 3317 812 3388 agit,
836 3316 959 3372 nondum
977 3317 1096 3374 referen-
1123 3314 1200 3370 aiom
1221 3322 1347 3383 petram.
1385 3314 1441 3370 Sed
1468 3315 1544 3370 dicta
1570 3317 1681 3371 illorum
1703 3318 1837 3389 pleraque
1858 3328 1924 3376 sunt
1941 3306 2048 3376 ‘patrm

266 3405 326 3474 dus,
364 3419 420 3457 non
448 3401 536 3457 solnm
561 3400 706 3456 Danielem
732 3401 835 3456 dicitur
860 3406 1012 3473 adorasse,
1047 3404 1096 3459 scd
1123 3401 1284 3472 quaestione
1309 3418 1422 3471 prorsus
1445 3402 1542 3457 aliena.
1579 3402 1652 3458 Nam
1674 3406 1850 3475 squaedam
1867 3406 1896 3461 in
1910 3424 1960 3477 ge·

264 3491 347 3546 etiam
382 3489 513 3558 jurasse,
553 3496 583 3541 ut
619 3489 790 3552 sacrificium
819 3490 878 3558 spei
903 3486 1097 3558 proferretur,
1123 3504 1187 3542 nere
1211 3487 1363 3558 loquuntur
1391 3490 1427 3541 de
1452 3489 1557 3542 bonore
1578 3489 1681 3543 sanctis
1701 3489 1855 3556 defunctis,
1878 3509 1959 3562 praa·

264 3580 345 3650 quale
367 3576 434 3647 quid
454 3577 536 3629 etiam
550 3574 695 3643 Lycaones
714 3575 806 3630 facere
825 3576 946 3631 voluisse
964 3576 1096 3648 leguntur
1123 3572 1218 3628 sertim
1249 3572 1418 3642 martyribus
1451 3573 1615 3632 exhibendo.
1672 3574 1807 3646 Origenes
1833 3576 1907 3634 hom.
1934 3584 1958 3634 3.

264 3666 293 3719 ἰιι
316 3663 448 3718 honorem
475 3663 555 3717 Pirrrli
581 3670 609 3716 et
631 3661 778 3717 Barnabae
803 3662 867 3719 Act.
890 3669 928 3719 11.
963 3664 1096 3727 Quamvis
1123 3660 1286 3716 indiversos
1303 3668 1464 3714 sanctornm
1476 3663 1638 3715 memoriam
1649 3678 1767 3732 semper,
1785 3672 1816 3717 at
1835 3666 1954 3733 &mam

266 3766 330 3805 vero
348 3748 468 3819 Spiritus
485 3766 505 3801 s.
526 3765 581 3802 non
597 3755 805 3812 commemoret,
824 3748 970 3803 Danielem
988 3749 1024 3804 ab
1043 3748 1096 3805 hoc
1123 3756 1176 3812 est,
1203 3748 1233 3800 in
1255 3748 1373 3800 ecclesia
1401 3746 1470 3802 dicit
1495 3747 1641 3803 celebrari.
1678 3748 1815 3805 Eusebius
1841 3749 1888 3805 lib.
1917 3755 1959 3806 13.

263 3836 391 3890 instituto
413 3850 505 3904 regern
524 3833 610 3888 furiose
630 3833 813 3902 dehortatum,
840 3840 932 3888 umen
953 3834 982 3888 id
1002 3835 1095 3906 colligi
1122 3836 1278 3903 praeparat.
1304 3847 1401 3902 evang.
1427 3849 1486 3902 cap.
1507 3838 1529 3888 t.
1554 3849 1638 3887 aerae
1659 3835 1779 3902 pietatis
1806 3836 1910 3894 milites
1927 3845 1959 3891 nt

263 3926 362 3992 potest,
386 3925 445 3973 tum
463 3934 497 3972 ex
517 3919 654 3971 Danielis
666 3919 782 3987 pietate,
802 3935 874 3990 quae
893 3926 970 3974 tanta
986 3920 1014 3974 in
1034 3922 1095 3991 ipso
1123 3918 1183 3970 Dei
1210 3919 1396 3971 amicissimas
1432 3919 1577 3974 honorari.
1608 3918 1706 3976 eccles.
1738 3919 1849 3990 Smyrn.
1881 3923 1958 3994 apud

262 4007 381 4074 exstitit,
409 4011 441 4059 ut
465 4005 556 4075 legem
581 4004 791 4059 ceremonialem
811 4006 902 4075 regios
920 4005 996 4060 cibos
1015 4023 1095 4061 assu·
1124 4002 1224 4058 Euseb.
1241 4002 1289 4058 lib.
1309 4008 1333 4058 4.
1348 4002 1412 4058 hist.
1432 4003 1499 4062 eccl.
1518 4020 1579 4074 cap.
1603 4012 1641 4061 15.
1659 4005 1712 4074 ait,
1739 4022 1799 4061 sese
1818 4016 1959 4077 martyres

264 4092 363 4148 mendo
380 4091 484 4145 violare
502 4089 630 4156 noluerit,
649 4096 753 4159 quanto
770 4089 856 4161 igitur
875 4091 964 4161 magis
982 4090 1018 4144 ab
1037 4092 1094 4147 ido·
1123 4089 1245 4156 ailiam
1269 4096 1294 4142 et
1317 4091 1462 4154 aenoeari,
1495 4093 1573 4159 qaod
1590 4093 1675 4154 fidem
1693 4092 1800 4161 integre
1819 4095 1957 4163 magatro

262 4179 370 4234 lolatria
394 4176 447 4231 sibi
470 4176 541 4230 serio
567 4175 721 4231 cavendum
740 4192 801 4232 esse
825 4177 951 4232 censuit?
968 4177 1040 4231 Tum
1059 4195 1093 4234 ex
1122 4184 1147 4229 et
1177 4175 1291 4229 domine
1317 4176 1497 4232 seruauerint.
1530 4176 1650 4232 Basilius
1677 4184 1744 4233 orat
1773 4179 1803 4234 in
1829 4187 1958 4238 sanctum

262 4273 391 4335 sequente
419 4263 599 4330 narratione,
638 4262 668 4316 in
692 4279 749 4333 qua
775 4279 823 4317 rex
851 4263 966 4317 simulac
983 4281 1095 4335 praece·
1121 4261 1304 4316 Mamantem:
1331 4263 1462 4317 Ecclesia
1485 4280 1541 4331 per
1566 4264 1631 4333 hoa,
1659 4267 1737 4333 qnod
1757 4281 1803 4320 eas
1828 4268 1958 4335 immet,

261 4352 348 4422 pisset
365 4349 476 4405 Danieli
496 4347 632 4403 sacrificia
651 4348 760 4417 afferri,
786 4350 967 4418 reapondisse
984 4349 1094 4405 dicitnr.
1122 4349 1173 4418 qai
1192 4357 1421 4418 praecesserunt,
1442 4357 1609 4417 praesentes
1632 4351 1759 4420 impellit.
1785 4358 1854 4408 orat
1871 4355 1902 4409 in
1922 4361 1957 4411 4⁰

262 4437 326 4493 Jam
344 4453 409 4492 vero
427 4435 569 4505 responsio
586 4435 678 4490 locum
695 4451 751 4489 non
769 4434 863 4500 habet,
881 4435 934 4489 nisi
946 4435 995 4491 ubi
1007 4437 1096 4492 oratio
1122 4442 1217 4491 mart:
1236 4435 1349 4500 Honor,
1371 4451 1451 4504 mmm
1468 4436 1547 4491 bonai
1565 4438 1705 4491 conseruit
1722 4438 1893 4506 cohibemus,
1913 4442 1958 4495 la-

262 4522 406 4594 praecedit
436 4522 555 4589 (interim
587 4521 721 4590 fatemur,
765 4519 879 4576 verbum
910 4521 1096 4592 respondendi
1121 4522 1295 4577 mucleniae
1313 4538 1383 4590 erpa
1409 4539 1579 4576 commanem
1600 4525 1755 4578 Dominam
1774 4526 1958 4594 significatio·

261 4609 429 4680 quandoque
448 4608 614 4679 generaliter
632 4625 683 4677 pro
703 4621 829 4661 emmone
846 4606 962 4675 accipi);
983 4613 1042 4662 tum
1061 4624 1095 4662 ex
1123 4624 1184 4661 nem
1209 4609 1246 4661 de
1270 4625 1298 4662 se
1315 4608 1439 4677 praebet.
1475 4606 1627 4679 Gregorius
1646 4608 1777 4666 Naziana
1798 4618 1867 4667 orat
1887 4620 1909 4670 1.
1926 4613 1957 4669 iu

262 4697 338 4764 repis
356 4693 542 4758 confessione,
562 4693 628 4764 quia
643 4710 690 4748 rex
707 4691 848 4763 egregiam
867 4693 1094 4762 etplaneortho·
1121 4693 1226 4748 Julian.
1252 4694 1385 4748 bonorem
1404 4699 1559 4761 martyram
1582 4712 1641 4751 esee
1661 4697 1844 4767 perspicuam
1860 4706 1957 4754 notam
2004 4740 2007 4745 -

263 4781 361 4834 doxam
382 4780 416 4834 ds
434 4778 494 4834 Deo
513 4777 625 4832 Israelis
644 4777 844 4832 confessionem
865 4778 931 4845 edit,
950 4795 1033 4848 qnam
1053 4778 1094 4832 illi
1121 4781 1227 4834 amaris
1254 4780 1284 4833 in
1306 4780 1456 4836 Olm'atam.
1503 4779 1581 4835 Idem
1610 4786 1639 4835 et
1661 4781 1732 4836 nihil
1757 4782 1833 4837 aliud
1858 4783 1958 4840 dicunt

261 4884 317 4921 non
345 4883 409 4921 caro
437 4871 465 4919 et
493 4864 622 4935 sanguis,
653 4864 702 4920 sed
725 4880 774 4932 per
793 4862 957 4935 prophetam
975 4864 1094 4936 Spiritus
1122 4865 1274 4936 Gregorius
1293 4864 1413 4935 Nyssen.
1432 4871 1501 4919 orat.
1519 4865 1548 4919 in
1566 4865 1757 4932 Theodorum,
1781 4868 1955 4939 Epiphanius

262 4954 373 5010 Domini
400 4950 556 5018 instillavit3
581 4956 641 5005 tum
667 4951 787 5021 denique
812 4968 847 5005 ex
863 4952 953 5006 simili
969 4955 1095 5022 exemplo
1123 4951 1229 5007 haeres.
1249 4956 1290 5006 79.
1327 4949 1540 5021 chrysostomus
1568 4953 1603 5008 de
1621 4953 1729 5008 Sanctis
1753 4954 1906 5010 luventino
1928 4964 1958 5012 et

117 5043 352 5096 xvt11.no.Paali
374 5050 401 5096 et
418 5040 572 5093 Barnabae
597 5038 661 5094 Act.
687 5044 725 5093 14.
749 5037 938 5108 Hieronymus
961 5046 989 5095 et
1007 5039 1096 5096 Theo·
1121 5038 1251 5106 Maximo,
1270 5037 1392 5108 Cyrillns
1406 5038 1487 5094 Alex.
1507 5038 1554 5095 lib.
1569 5044 1592 5094 6.
1606 5039 1635 5093 in
1646 5039 1752 5096 Juhan.
1765 5041 1956 5098 Damascenus

262 5129 374 5183 doretus
397 5127 507 5192 dicunt,
530 5140 622 5193 regem
646 5123 777 5178 obtulisse
803 5125 946 5193 sacrificia
967 5125 1096 5191 Danieli,
1122 5125 1168 5182 lib.
1176 5131 1201 5181 l.
1216 5140 1276 5195 cap.
1286 5128 1324 5180 16.
1345 5122 1541 5190 Tertullianus,
1560 5125 1595 5180 de
1604 5142 1697 5182 coron.
1710 5127 1787 5182 milit
1797 5126 1957 5198 Cyprianus

152 5241 165 5269 ο
263 5215 351 5267 idest
370 5215 434 5267 Dea
454 5210 598 5266 Danielis.
635 5208 719 5265 Hanc
738 5210 992 5281 interpretationem
1013 5211 1036 5264 si
1054 5229 1095 5266 se·
1122 5210 1167 5267 lib.
1199 5217 1223 5266 4.
1256 5209 1335 5280 epist.
1363 5217 1387 5265 5.
1421 5211 1581 5266 Ambrosius
1611 5227 1691 5268 serm.
1721 5218 1746 5268 6,
1777 5213 1955 5284 Augustinus

264 5317 381 5368 truamur
404 5299 457 5367 (nti
475 5296 659 5352 Bellarminus
676 5312 737 5350 eam
763 5312 820 5351 non
839 5296 984 5367 repudiat),
1005 5297 1095 5352 denuo
1121 5297 1171 5351 lib.
1186 5303 1228 5352 20.
1247 5302 1343 5350 canna
1355 5297 1490 5352 Faustum
1508 5313 1570 5368 cap.
1585 5303 1627 5353 21.
1642 5305 1694 5352 etc.
1720 5299 1776 5355 Sed
1797 5315 1831 5354 ex
1842 5298 1956 5372 honore,

264 5386 386 5441 concidit
403 5383 563 5439 Bellarmini
586 5389 789 5453 argumentum.
828 5382 857 5439 Si
872 5383 946 5439 enim
962 5399 1018 5438 non
1039 5384 1095 5438 Da·
1122 5399 1203 5454 quem
1220 5382 1261 5453 pii
1278 5389 1385 5439 veteres
1405 5384 1508 5438 sanctis
1527 5383 1680 5449 defunctis,
1698 5385 1861 5456 praesertim
1883 5404 1956 5443 mar-

262 5472 336 5540 nieli,
368 5472 417 5526 sed
443 5471 504 5526 Deo
532 5469 656 5525 Danielis
686 5468 850 5523 sacrificinm
881 5469 994 5539 obtulit,
1028 5486 1095 5541 ergo
1121 5466 1238 5539 tyribus,
1260 5468 1445 5525 exhibuerunt
1462 5476 1490 5526 et
1507 5469 1693 5526 exhibendum
1713 5488 1772 5527 esse
1790 5471 1957 5539 docuerunt,

261 5558 347 5616 etiam
370 5575 426 5616 non
449 5557 610 5630 Danielem,
640 5556 689 5612 sed
705 5555 800 5612 Deum
816 5555 943 5614 Danielis
966 5556 1095 5631 religioso
1106 5552 1110 5610 1
1121 5554 1218 5610 inferri
1235 5555 1341 5628 nequit,
1360 5555 1508 5630 religiosae
1525 5556 1694 5616 montionis
1713 5563 1743 5615 et
1759 5558 1897 5631 supplicis
1913 5561 1958 5619 in·
