4104 6014
221 289 282 346 314
811 277 935 338 Locus
954 278 1158 336 VIGESIMUS
1178 279 1324 339 SEXTUS

221 434 353 505 111111111;
384 436 433 491 sed
464 451 498 491 cx
525 451 558 490 eo
583 451 639 490 non
665 440 757 506 potest
783 435 891 499 inferri,
921 451 988 506 ergo
1011 432 1051 487 illi
1079 432 1277 500 confessionem
1289 436 1462 506 quorundam
1474 452 1506 491 ex
1519 435 1585 506 ipsis
1599 434 1762 491 Pontificiis.
1787 435 1914 490 Bodinus

222 522 323 587 sancti,
349 538 465 591 quorum
489 521 620 576 historiae
646 526 738 576 certae
763 526 828 575 sunt
844 527 873 576 et
890 521 938 591 qui
956 536 1053 576 revera
1079 517 1108 572 in
1137 520 1222 575 meth.
1253 521 1348 576 histor.
1375 539 1437 592 cap.
1469 529 1493 577 5.
1521 539 1587 593 pag.
1623 527 1685 578 100:
1717 522 1861 576 Antonias
1893 539 1913 575 a

222 606 395 675 exstiterunt,
414 614 480 661 sunt
496 607 623 678 religiose
641 606 797 662 invocandi.
824 606 1051 662 ustilliacum
1074 606 1220 677 plerisque
1244 608 1273 661 in
1299 610 1391 663 Italia
1422 617 1448 662 et
1478 608 1578 662 Gallia
1603 608 1784 662 Narbonensi
1807 610 1914 662 arden·

222 698 314 747 essent
340 693 468 765 religiose
495 692 655 761 invocandi,
683 692 731 764 qui
758 709 854 748 revera
879 692 1050 757 exstiterunt,
1078 692 1151 746 tiore
1174 701 1251 762 uoto,
1280 704 1352 749 certe
1376 696 1486 763 maiore
1510 704 1584 748 metu
1600 696 1704 749 colitur
1731 712 1816 764 arsam
1829 697 1912 748 Deus

222 795 288 850 ergo
312 779 394 833 edam
419 778 509 833 sancti
526 779 556 832 in
573 778 654 833 terris
671 780 797 834 viventes
814 783 907 834 essent
922 777 1051 849 religiose
1078 779 1255 834 immortalis.
1292 780 1399 836 Ludos.
1417 781 1503 836 Vives
1531 782 1559 835 in
1576 798 1674 836 comm.
1693 781 1711 837 l.
1734 787 1759 837 8.
1776 781 1851 852 Aug.
1877 780 1913 837 de
1926 786 2020 828 mu:

221 864 338 919 calendi.
376 869 402 920 3.
420 863 464 918 De
483 864 538 918 illis
555 864 624 934 ipsis
643 865 754 932 1111111,
775 881 891 936 quorum
910 864 1052 918 historiam
1079 865 1130 921 civ.
1166 866 1219 922 Dei
1248 884 1309 937 cap.
1340 873 1395 923 211
1422 869 1511 921 masi
1537 865 1695 921 Christiani
1719 869 1750 921 in
1776 884 1808 921 re
1840 868 1913 921 bona

222 950 360 1019 scriptura
383 949 509 1020 exponit,
535 950 623 1005 multa
645 957 754 1007 exstant
770 951 842 1006 falsa
863 958 891 1006 et
908 950 1007 1006 fictitia
1024 951 1053 1004 in
1075 952 1235 1023 plerunque
1250 961 1383 1025 peccant,
1402 956 1479 1022 quod
1497 955 1577 1008 divos
1595 955 1731 1025 «tiniasque
1749 971 1806 1007 non
1825 953 1912 1008 alter

221 1036 346 1108 legendis
364 1035 516 1106 papaticis,
535 1037 672 1106 quomodo
691 1037 796 1093 scilicet
812 1038 849 1092 ad
867 1053 962 1092 eorum
979 1038 1052 1091 invo-
1079 1048 1247 1092 emerentur
1274 1055 1358 1108 msam
1381 1040 1474 1092 Deum
1494 1047 1545 1096 ete.
1582 1039 1684 1117 Georg.
1702 1039 1859 1095 Cassander
1884 1041 1913 1093 in

222 1123 358 1177 nationem
386 1121 469 1177 ctiam
488 1129 684 1192 postmortem
703 1124 779 1179 edita
798 1124 902 1179 fuerint
921 1123 1054 1178 1111111111
1080 1125 1197 1179 consult.
1215 1129 1267 1178 art.
1280 1130 1321 1180 21.
1341 1141 1408 1196 pag.
1422 1129 1479 1181 111.
1497 1141 1616 1181 errorem
1636 1131 1730 1188 vocat,
1749 1127 1828 1195 quod
1845 1144 1913 1180 eon-

223 1216 276 1264 etc.
303 1225 375 1279 quae
396 1209 512 1279 proinde
537 1225 554 1263 a
577 1210 657 1265 nobis
674 1217 707 1264 ut
723 1211 829 1265 incerta
845 1218 875 1266 et
892 1209 1054 1281 apocrypha
1080 1210 1155 1264 nulli
1176 1219 1266 1264 certos
1293 1211 1350 1264 sibi
1371 1219 1483 1266 sanctos
1511 1213 1654 1282 delirium,-
1674 1229 1738 1283 pag.
1759 1216 1814 1268 142.
1837 1214 1915 1281 prod

223 1294 320 1348 1111111
345 1295 534 1365 repudiantur.
570 1302 595 1351 4.
617 1296 813 1350 Leviusculum
826 1302 878 1365 est,
899 1296 973 1366 quod
991 1295 1054 1350 Bel·
1080 1298 1184 1366 uirpini
1222 1298 1308 1352 matri
1345 1298 1516 1367 subjiciatur
1547 1299 1641 1353 Filius
1678 1299 1709 1351 in
1736 1299 1913 1367 precatione,

223 1382 356 1436 larmirus
384 1382 476 1450 addit,
502 1399 554 1436 cur
580 1384 611 1436 in
639 1384 816 1437 calendariis
840 1400 887 1438 eos
905 1400 1054 1452 ponamus,
1082 1400 1136 1436 ora
1148 1391 1266 1436 matrem
1287 1392 1313 1437 et
1325 1384 1396 1452 jube
1409 1383 1486 1438 ilitio
1501 1389 1552 1439 etc.
1573 1390 1602 1437 at
1614 1385 1677 1455 quis
1688 1400 1792 1456 negare
1803 1384 1914 1454 poterit,

223 1486 292 1537 quos
310 1469 434 1523 hominen
459 1469 669 1538 perditissimos
687 1471 784 1537 suase,
812 1470 953 1524 interdum
971 1471 1055 1524 aiam
1082 1467 1151 1522 haec
1176 1469 1270 1522 omnia
1297 1485 1357 1523 esse
1385 1469 1596 1539 superstitiosa?
1628 1469 1703 1524 Ante
1730 1469 1792 1523 illos
1819 1485 1914 1524 omnes

223 1556 351 1609 diversae
373 1555 521 1625 relipionis
540 1557 784 1618 anostrafateri
796 1558 949 1623 copamar!
967 1555 1054 1610 Aliud
1082 1554 1198 1610 Gerson.
1227 1554 1392 1611 Parisisnsis
1408 1555 1588 1610 cancellarius
1608 1562 1679 1626 part.
1704 1561 1728 1610 ³.
1754 1556 1789 1610 de
1817 1556 1913 1611 direct

222 1641 295 1696 enim
316 1646 360 1695 est
379 1641 525 1697 memoriae
546 1656 630 1695 causa
652 1640 758 1705 nudum
781 1658 881 1696 nomen
897 1641 1055 1696 calendario
1083 1641 1173 1696 cordis
1210 1641 1314 1696 consid.
1345 1645 1384 1699 16.
1413 1642 1504 1696 varias
1534 1641 1743 1712 superstitiones
1776 1642 1805 1696 in
1837 1643 1914 1696 cultu

223 1727 357 1790 inserere,
378 1726 454 1781 111111
477 1726 606 1782 historias
631 1734 789 1781 sanctorum
808 1727 944 1795 seribere;
970 1733 998 1782 et
1016 1726 1054 1780 vi-
1082 1735 1238 1783 sanctorum
1256 1744 1290 1783 eo
1307 1733 1431 1798 tempore
1447 1733 1574 1797 receptas
1592 1729 1705 1797 1111111,
1722 1734 1819 1798 utpote
1839 1730 1915 1798 qrsod

223 1813 315 1866 cissim
334 1813 409 1866 alind
427 1819 469 1867 est
482 1817 640 1867 sauctorum
655 1813 820 1879 meminisse,
837 1813 913 1868 aliud
928 1812 1055 1885 religiose
1082 1815 1176 1882 pallus
1198 1831 1253 1884 pro
1276 1816 1389 1884 pueris,
1417 1815 1528 1882 pollina
1542 1832 1599 1885 pro
1616 1815 1722 1883 puellis
1740 1815 1770 1869 S.
1789 1814 1915 1869 Christa-

224 1899 334 1954 eosdem
357 1899 496 1954 invocare.
529 1898 694 1954 Minentur
719 1899 920 1970 appellationes
939 1898 1055 1955 ethnicis
1080 1901 1171 1970 ploro
1196 1902 1242 1954 uel
1265 1901 1396 1956 leborini
1418 1901 1567 1970 Baptistae
1591 1902 1742 1971 offeratur,
1770 1903 1849 1970 quod
1875 1903 1916 1954 ad

223 1985 355 2051 usitatae,
384 1985 486 2057 quibus
506 1985 565 2040 dies
581 1986 729 2041 Dominica
750 1992 865 2041 vocatur
884 1987 946 2040 dies
971 1985 1056 2055 Soles,
1085 1988 1113 2044 S.
1143 1988 1299 2040 Hubertum
1324 2003 1382 2055 pro
1411 2005 1506 2041 morsu
1535 1987 1616 2040 canis
1632 1988 1731 2040 rabidi
1757 1988 1914 2056 1111111111,

223 2070 292 2125 seria
309 2071 399 2142 prima
416 2073 479 2126 dies
498 2074 611 2136 Lanae,
641 2072 711 2127 feria
729 2072 852 2127 11111111
869 2073 930 2126 dies
947 2071 1056 2126 Martis
1083 2076 1160 2144 quod
1179 2073 1210 2130 S.
1227 2074 1365 2127 Antoninis
1390 2075 1514 2127 mediter
1531 2073 1600 2142 plus
1619 2073 1732 2126 uirtutis
1757 2074 1858 2128 babere
1884 2076 1914 2127 in

223 2158 309 2211 etsie
327 2162 536 2228 consequenter,
557 2174 614 2212 non
633 2159 706 2228 quod
719 2158 858 2213 ethnicam
871 2156 1055 2212 idololatriam
1083 2162 1210 2215 curando
1233 2176 1346 2213 amram
1369 2160 1462 2230 iqnem
1480 2178 1565 2228 quam
1584 2161 1638 2214 alii
1655 2160 1760 2227 smscti,
1788 2163 1866 2230 quod
1883 2161 1914 2213 in

223 2243 380 2315 probemus,
399 2246 448 2299 sed
468 2252 501 2299 11
519 2244 656 2306 tenebras,
674 2245 775 2316 quibus
795 2246 913 2316 majores
925 2243 1054 2300 uostriin
1082 2247 1136 2300 hac
1164 2246 1283 2300 ecclesia
1312 2247 1447 2299 dedicata
1474 2245 1649 2299 beatissimae
1683 2245 1795 2313 Viraini
1824 2247 1915 2318 ipsiu

224 2331 381 2402 gentilismo
405 2330 532 2400 impliciti
557 2331 720 2395 haeserunt,
750 2330 779 2385 in
797 2331 956 2388 memoriam
975 2330 1055 2386 nobis
1081 2333 1169 2386 aimus
1186 2338 1330 2384 momatur
1345 2331 1489 2403 potentior
1507 2347 1590 2400 quam
1610 2331 1639 2382 in
1658 2331 1720 2384 alia
1739 2333 1781 2384 ad
1797 2332 1914 2400 faciem

224 2432 384 2471 revocemus
411 2433 445 2471 ac
466 2433 518 2487 pro
546 2433 640 2472 earum
666 2434 715 2488 per
735 2417 872 2489 evangelii
890 2417 979 2472 lucem
1001 2417 1056 2471 dis·
1083 2421 1149 2473 dum
1168 2418 1309 2471 miramsla
1329 2426 1355 2471 et
1370 2419 1592 2471 succurrendum
1611 2418 1801 2470 invocantibus
1817 2435 1861 2482 se,
1888 2425 1914 2471 et

224 2503 350 2573 pulsione
374 2503 478 2573 gratim
506 2502 567 2557 Deo
589 2519 720 2574 agamnm
754 2504 850 2559 eodem
872 2503 1056 2558 1111111111
1082 2505 1133 2559 loc
1148 2499 1319 2573 praesntim
1337 2504 1447 2558 ratium
1465 2504 1541 2572 talis,
1560 2504 1605 2557 cel
1622 2503 1914 2571 talssimopinationis

225 2595 383 2642 sanctorum
415 2587 537 2657 illorum,
567 2605 683 2661 quorum
713 2588 844 2646 historiae
877 2589 1054 2660 apocryphae
1082 2606 1150 2645 usae
1174 2591 1217 2644 oei
1241 2590 1351 2644 ratione
1379 2590 1479 2644 saliae
1502 2591 1740 2660 pereprinationis
1763 2590 1826 2644 illic
1850 2609 1915 2645 con·

225 2681 290 2729 sunt
317 2679 346 2728 ct
373 2675 507 2742 incertae,
541 2674 706 2730 calendariis
734 2676 893 2731 inseruntur
915 2693 950 2731 ac
972 2696 1056 2748 μιμη-
1083 2676 1221 2744 linteatae,
1240 2683 1266 2728 et
1285 2676 1326 2728 sic
1346 2677 1381 2728 de
1399 2676 1537 2729 similibus
1554 2677 1659 2746 111111
1676 2691 1800 2732 numero.
1835 2676 1915 2733 Haec

224 2763 317 2826 ταῶς,
338 2762 497 2829 boemanos.
523 2767 651 2832 respectu
669 2762 706 2815 ad
725 2761 932 2817 Pontificiorum
952 2762 1056 2834 opinio·
1083 2760 1175 2817 omnia
1200 2765 1229 2816 et
1254 2760 1337 2831 longe
1359 2760 1441 2830 plura
1463 2762 1524 2831 ejus
1548 2762 1656 2832 generis
1678 2761 1785 2817 Gerson
1809 2760 1915 2819 ibidem

223 2865 285 2902 uem
304 2847 408 2911 habito,
425 2848 519 2901 sancti
535 2847 719 2918 appellantur.
1083 2853 1225 2903 enumerat
1246 2852 1275 2899 et
1292 2851 1376 2900 taxat.

97 2945 118 2986 t.
133 2946 183 2986 uon
258 2940 317 2990 420.
354 2933 477 2991 6.an
501 2940 529 2990 et
547 2934 608 2990 Dec
632 2940 713 3006 grata
734 2934 870 2988 invocatio
888 2940 965 2990 caret
982 2935 1056 2990 omui
1119 2938 1178 2991 421.
1206 2932 1346 2988 Posterius
1364 2931 1539 2987 assumtionis
1556 2932 1719 3002 membrum,
1737 2932 1812 3004 quod
1830 2933 1916 2989 scilic.

73 3004 210 3098 ζῗζζζξζ.
225 3021 420 3092 superstitione
448 3026 477 3075 et
502 3019 613 3075 ethnica
639 3020 800 3075 imitatione.
847 3021 931 3075 Ratio
959 3026 1002 3076 est
1027 3021 1056 3075 iu
1081 3028 1241 3075 sanetomsm
1264 3021 1404 3074 invocatio
1426 3037 1482 3073 non
1509 3029 1605 3074 careat
1624 3021 1777 3075 imitatione
1795 3022 1913 3090 11111111,

98 3101 192 3192 'iulg-⁶
225 3110 334 3180 aprica,
360 3106 425 3177 quia
443 3123 494 3177 per
512 3108 713 3162 invocationem
731 3105 847 3161 ecclesia
864 3106 1057 3162 Christianae
1083 3107 1170 3178 probo
1205 3113 1227 3163 1.
1258 3122 1290 3160 ec
1323 3107 1497 3172 consessione
1540 3106 1665 3178 ipsarum
1693 3107 1915 3173 Pontificioruna

98 3163 349 3250 iuius-coetibus
375 3192 522 3265 gentilium
538 3192 719 3264 distinguitur
742 3199 770 3247 et
784 3210 865 3247 verus
883 3192 936 3248 Dei
956 3194 1056 3262 cultus,
1083 3195 1149 3248 Nan
1174 3194 1269 3261 uideo,
1295 3192 1387 3263 inquit
1411 3191 1519 3248 Ludov.
1540 3192 1624 3247 Vives
1652 3192 1678 3249 d.
1707 3192 1725 3246 l.
1752 3194 1782 3246 in
1808 3195 1913 3262 multis,

98 3255 192 3294 “²¹⁰⁰‘'
226 3280 316 3351 qualis
334 3285 376 3334 eat
394 3278 524 3351 religiosa
542 3279 697 3339 invocatio.
717 3277 754 3334 ab
772 3279 847 3332 omni
862 3278 1056 3348 superstitione
1083 3282 1160 3350 quod
1194 3281 1232 3334 sit
1264 3279 1416 3333 discrimen
1451 3280 1525 3332 inter
1560 3295 1656 3332 eorum
1686 3280 1846 3348 opinionem
1881 3282 1916 3334 sie

226 3363 309 3419 debet
333 3381 394 3419 esse
420 3364 540 3431 alienus,
564 3364 820 3428 conierDeut12‚
846 3370 1056 3424 12131131.
1083 3365 1187 3418 sanctis
1216 3373 1242 3418 et
1273 3366 1307 3417 id
1345 3366 1422 3432 quod
1454 3365 1573 3431 penicles
1610 3365 1748 3433 putabant
1784 3368 1820 3418 de
1857 3365 1916 3419 dits

223 3451 288 3507 bam
314 3468 380 3506 vero
407 3451 544 3506 invocatio
572 3458 729 3512 sanctorum
746 3467 801 3505 nou
822 3457 898 3506 caret
918 3453 992 3506 omni
1012 3469 1055 3507 su·
1083 3453 1194 3508 sanctis.
1231 3450 1407 3521 Augustinus
1432 3449 1479 3505 lib.
1509 3456 1530 3506 l.
1561 3457 1657 3506 contm
1682 3450 1793 3507 Maxim.
1819 3451 1915 3506 Arion.

224 3537 388 3606 perstitiose
410 3542 439 3590 et
464 3537 575 3592 ethnica
591 3537 752 3595 imitatione.
800 3536 875 3608 Ergo
891 3554 947 3591 non
966 3543 1058 3609 potest
1084 3537 1206 3607 episcop.
1224 3553 1287 3606 cap.
1303 3542 1341 3592 11.
1359 3537 1483 3607 graviter
1502 3536 1606 3604 scribit,
1624 3554 1683 3592 esse
1699 3537 1839 3593 ethnicam
1856 3538 1915 3591 ido-

224 3622 493 3678 1111111111Β11
512 3623 593 3695 gratis
610 3624 756 3679 invocatio.
800 3624 883 3678 Prius
905 3625 1056 3679 membrum
1083 3622 1226 3691 lolatriam,
1243 3623 1266 3676 si
1284 3623 1385 3677 sanctis
1403 3624 1507 3695 templa
1524 3630 1709 3681 exstruantur.
1739 3624 1916 3692 Sitempium

225 3709 417 3772 assumtionis,
451 3712 528 3778 quod
554 3719 713 3764 sanctorum
731 3712 870 3764 invocatio
888 3729 943 3765 non
962 3719 1057 3764 careat
1084 3709 1197 3779 (inquit)
1234 3709 1324 3762 alicui
1354 3719 1452 3763 saneta
1487 3710 1587 3777 ampelo
1617 3711 1848 3765 eccellentissimo
1880 3711 1916 3763 de

225 3796 435 3866 sspmstitione,
465 3795 597 3863 probatur
614 3796 666 3851 hac
685 3796 800 3852 ratione.
837 3795 935 3851 Cultus
955 3796 983 3850 in
1004 3796 1058 3852 Dei
1084 3796 1170 3865 liquis
1185 3803 1211 3848 et
1227 3796 1372 3865 lapidibus
1386 3797 1560 3864 faceremus,
1577 3796 1878 3851 anatematisaremur
1896 3814 1916 3850 a

225 3881 310 3936 verbo
324 3898 379 3935 nou
391 3881 578 3952 praescriptus
591 3887 633 3935 est
647 3881 863 3952 superstitiosus.
891 3881 1056 3938 Sanctorum
1084 3884 1201 3936 11111111
1221 3880 1330 3934 Christi
1354 3888 1380 3935 et
1397 3882 1434 3935 ab
1450 3882 1570 3936 ecclesia
1588 3882 1660 3951 Dei,
1687 3884 1820 3951 quoniam
1837 3899 1914 3936 crea

227 3968 365 4022 invocatio
394 3966 525 4038 religiosa
553 3975 596 4022 cst
625 3967 716 4022 cultus
748 3968 778 4022 in
805 3968 859 4022 Dei
888 3967 973 4022 verbo
1003 3986 1058 4024 uon
1084 3975 1165 4021 taras
1190 3967 1377 4021 cobibercmus
1401 3984 1464 4021 eam
1480 3967 1652 4037 1111111111,
1681 3985 1752 4037 quae
1767 3969 1820 4021 uni
1836 3969 1916 4022 debe·

226 4046 604 4124 praemonstratensibus
622 4052 787 4124 quibusdam
814 4070 847 4107 cx
873 4053 938 4122 ipsis
963 4053 1057 4109 Ponti·
1084 4061 1130 4106 tur
1160 4055 1222 4106 Deo
1251 4053 1336 4124 (quod
1363 4052 1469 4108 Paulus
1496 4053 1573 4110 Rom.
1594 4060 1622 4124 1,
1649 4073 1673 4111 v.
1694 4060 1735 4110 25.
1765 4053 1916 4125 gentilibus

226 4139 304 4196 ficiis.
341 4141 424 4212 Ergo.
461 4137 690 4210 Superstitionem
721 4136 857 4193 definiunt
882 4139 1004 4194 11111111
1033 4146 1057 4196 2.
1085 4139 1205 4209 tribuit);
1232 4139 1268 4193 ad
1294 4138 1369 4193 hunc
1394 4141 1544 4211 Augustini
1573 4142 1663 4195 locum
1689 4141 1717 4195 in
1735 4141 1860 4210 margine
1875 4141 1917 4196 sie

227 4232 250 4281 2.
271 4246 297 4297 q.
318 4232 358 4282 82.
382 4233 433 4280 art
455 4234 477 4283 1.
498 4232 527 4282 ct
542 4227 642 4298 reliqui
661 4225 838 4294 scholastici,
866 4228 1058 4297 111111111-
1084 4224 1180 4278 scribit
1209 4224 1353 4279 Erasmus:
1383 4227 1446 4280 Hoc
1475 4245 1549 4280 nunc
1574 4229 1610 4296 fit
1640 4228 1805 4295 quibuslibet
1834 4229 1916 4287 diois.

226 4315 296 4367 tiam
320 4314 454 4382 relipioni
469 4314 657 4382 contrarium,
671 4327 743 4366 'non
763 4314 831 4382 quia
848 4314 916 4382 plus
934 4314 1058 4367 exhibeat
1083 4309 1223 4381 Vulgatus
1250 4317 1291 4366 est
1320 4311 1349 4365 in
1371 4318 1477 4382 papatu
1501 4311 1653 4367 versiculus
1678 4312 1821 4382 Baptistae
1839 4312 1917 4368 Man·

225 4400 256 4453 in
285 4400 390 4453 cubum
419 4401 558 4464 alimmum,
588 4418 673 4470 11111
690 4415 759 4454 aera
775 4399 894 4469 reticio,
921 4402 973 4454 scd
990 4401 1058 4469 quia
1084 4396 1177 4450 tuani:

226 4487 333 4541 exhibet
358 4487 459 4541 Mium
484 4488 609 4541 divinum
631 4486 675 4541 vbi
701 4486 748 4541 Cili
764 4504 821 4540 iiim
840 4488 933 4556 deda,
960 4487 1004 4541 Udi
1025 4504 1057 4542 60
1123 4518 1156 4572 Ut
1175 4519 1301 4571 Martem
1319 4519 1399 4571 Latii

226 4576 319 4643 mado,
335 4590 456 4643 muman
469 4575 558 4631 debet.
592 4573 657 4628 lam
670 4590 734 4627 vero
748 4573 886 4629 invocatio
898 4579 1057 4629 1111111111
1316 4582 1318 4588 '
1398 4557 1406 4585 '

227 4659 340 4717 exhibet
367 4658 471 4713 cultum
495 4660 619 4714 divinum
642 4659 709 4727 illis,
738 4658 839 4730 quibus
857 4676 914 4714 non
932 4659 1057 4729 debetur,
1085 4663 1108 4712 2.
1137 4659 1184 4710 Ea
1201 4655 1266 4726 ipsa
1285 4656 1435 4710 collatione
1454 4658 1558 4726 calum,
1578 4658 1625 4728 qui
1643 4657 1745 4711 sanctis
1763 4657 1792 4710 iu
1811 4665 1916 4729 papatu

227 4765 261 4804 ac
280 4747 370 4801 Deum
393 4748 460 4800 colit
479 4764 512 4802 co
530 4747 625 4809 modo,
648 4764 703 4817 quo
720 4764 775 4801 non
795 4746 944 4816 praecepit.
983 4748 1057 4818 Ergo
1084 4741 1228 4798 exhibetur
1253 4759 1315 4796 cum
1340 4743 1484 4812 gentilium
1505 4743 1669 4799 idololatria.
1704 4743 1784 4798 Talis
1803 4744 1916 4801 collatio

228 4843 270 4890 est
289 4833 489 4903 superstitiosa.
525 4833 704 4903 Superstitio,
717 4832 808 4903 inquit
821 4832 1017 4888 Beneventum
1031 4838 1056 4889 t.
1084 4835 1176 4900 potest
1205 4829 1310 4883 institui
1341 4829 1452 4899 duplex,
1482 4835 1506 4886 1.
1536 4832 1648 4884 ratione
1677 4832 1787 4899 objecti.
1837 4829 1917 4887 Sicut

228 4928 299 4976 sent.
317 4920 379 4973 dist.
405 4923 443 4974 13.
467 4918 496 4972 11
522 4918 620 4988 explic.
646 4925 722 4985 text,
747 4927 787 4972 est
802 4920 939 4973 sententia
959 4928 1057 4972 contro
1083 4914 1186 4970 ethnici
1210 4915 1283 4970 viros
1306 4914 1428 4970 celebres
1445 4920 1473 4970 et
1490 4915 1561 4970 bene
1580 4916 1690 4971 meritos
1711 4915 1869 4972 referebant
1885 4917 1915 4973 in

227 5008 312 5072 fidem
338 5005 446 5059 ratione
474 5005 680 5058 &inuentionis
709 5013 735 5058 et
762 5006 867 5058 dicitur
895 5006 1057 5074 superstitio
1083 5017 1228 5055 numerum
1246 5001 1381 5068 divorum,
1398 5001 1472 5056 unde
1489 5000 1664 5074 Augustinus
1682 5002 1731 5057 lib.
1750 5007 1774 5058 8.
1792 5002 1827 5056 de
1839 5003 1915 5056 civit.

229 5093 313 5162 quasi
336 5093 480 5163 superflua
510 5090 654 5144 institutio.
687 5089 752 5146 lam
779 5105 844 5144 vcro
868 5090 1000 5161 religiose
1016 5056 1136 5174 in-iDei
1154 5104 1214 5156 cap.
1230 5092 1271 5142 26.
1289 5086 1325 5140 de
1341 5086 1396 5141 illis
1413 5079 1517 5157 scribit,
1537 5092 1614 5159 mmo
1633 5090 1722 5143 omnis
1742 5089 1845 5156 reticio
1860 5105 1916 5158 pa·

229 5179 336 5234 vocatio
366 5184 522 5234 sanctorum
552 5192 608 5230 non
634 5181 677 5230 est
702 5193 735 5231 ex
761 5175 830 5246 fide,
860 5176 909 5232 sed
937 5177 1058 5232 humano
1084 5190 1222 5242 panarum
1253 5173 1331 5226 drea
1359 5173 1482 5226 homines
1515 5183 1639 5228 mortam
1670 5175 1761 5240 faerit
1789 5174 1914 5244 impleta.

230 5266 344 5321 arbitrio
369 5267 483 5320 inventa
502 5269 531 5318 et
555 5261 693 5333 superflue
711 5262 788 5334 (quia
806 5269 916 5333 praeter
932 5263 1057 5331 verbum)
1084 5260 1121 5312 In
1139 5260 1265 5313 omnibus
1277 5260 1350 5312 enim
1361 5259 1452 5312 literis
1462 5276 1642 5329 papauerum
1655 5268 1705 5314 aut
1718 5279 1773 5316 nou
1785 5261 1916 5326 inueniri,

229 5351 365 5407 instituta.
401 5350 477 5423 Ergo
504 5354 546 5404 est
564 5347 730 5419 superstitio.
768 5348 846 5403 Neve
865 5349 923 5403 ulla
939 5349 1059 5419 supersit
1083 5354 1132 5400 aut
1159 5347 1206 5400 oia
1233 5346 1356 5398 inueniri
1386 5350 1470 5413 11111,
1494 5347 1545 5414 qai
1568 5365 1623 5400 non
1640 5348 1765 5400 homines
1790 5349 1917 5417 siserint,

230 5438 380 5502 dubitatio,
408 5444 566 5493 sanctorum
588 5435 789 5491 invocationem
814 5435 844 5489 in
866 5441 972 5506 papatu
999 5453 1059 5491 esse
1084 5434 1183 5503 quibus
1210 5432 1337 5486 omnibus
1368 5441 1462 5486 tommo
1484 5433 1604 5486 bonores
1629 5436 1761 5487 studeant
1790 5434 1917 5488 calibem

229 5542 294 5581 cnm
317 5525 512 5597 superstitione
531 5525 721 5595 conjunctam,
747 5521 904 5578 adscribam
927 5538 961 5579 ea
977 5522 1013 5579 de
1029 5538 1060 5578 re
1084 5521 1204 5588 «limnas,
1222 5519 1306 5587 prosi
1325 5518 1397 5572 nihi
1417 5535 1540 5587 mquam
1556 5519 1741 5574 iuramentis
1751 5520 1917 5592 halamius,-

1423 4518 1464 4570 sic
1481 4536 1532 4571 nos
1551 4527 1577 4572 te
1597 4519 1671 4573 Dice
1692 4517 1807 4586 Georpi.
