4104 6014
232 281 269 336 'lb
822 277 946 335 LOCUS
963 274 1167 335 vicesimus
1186 275 1333 334 SEXTUS

230 429 341 495 missas,
368 433 532 504 veniamque
555 432 638 505 hujus
662 433 760 505 eulpae
784 433 880 489 aDeo
899 439 927 489 et
945 426 1063 487 ecclesia
1091 433 1244 501 tammodo,
1281 450 1336 486 non
1370 432 1447 503 ipsas
1483 432 1621 504 reliquias
1655 433 1829 486 exosculatae
1857 447 1926 496 esse,

230 520 350 587 peteret,
381 534 483 588 cupere
506 519 588 574 etiam
612 520 715 591 populo
733 519 864 589 deinceps
897 534 957 573 esre
975 520 1064 578 notas,
1091 515 1309 588 sicquejocoet
1328 517 1542 574 desectionem
1562 518 1661 574 seuam
1680 518 1812 589 impostor
1831 516 1922 572 elusit

230 620 265 657 ne
284 603 388 658 diutius
408 604 463 660 illis
488 611 545 661 tam
569 607 666 661 misere
692 605 855 677 decipiatur.
893 599 1064 673 Empsycho·
1090 601 1196 658 Albert.
1228 602 1388 674 Crantsius,
1418 604 1465 675 qui
1490 604 1584 659 floruit
1607 604 1682 659 circa
1705 621 1768 658 aun.
1797 609 1870 658 1500.
1895 601 1925 657 in

231 688 292 743 vius
317 689 345 743 in
367 690 501 746 confutat.
526 692 640 747 Braunii
662 692 757 748 Calon.
775 711 803 763 p.
823 698 881 748 275.
916 689 982 745 Fuit
1001 694 1065 742 ante
1092 686 1228 759 Saxonia,
1261 689 1370 745 scribit:
1402 691 1599 760 Reliquiarum
1629 692 1822 744 Romanarum
1839 688 1925 757 copia

93 772 159 816 iffi
172 773 216 815 ¹¹⁹·
230 776 433 831 annoscirciter
443 777 981 850 nonagintalecribitlierbrand.parth
993 774 1062 842 disp.
1092 791 1140 827 cas
1157 775 1288 829 silescere
1304 778 1386 842 facit.
1415 777 1536 832 Fabulis
1554 777 1627 831 enirn
1645 794 1699 829 non
1714 776 1924 829 inhaerendum.

230 860 313 915 theol.
323 862 761 936 disp.er.demultiplieipspsrns
769 863 967 933 idolomaniap.
980 861 1063 927 1471.)
1076 834 1080 917 i
1092 861 1180 914 Nemo
1197 863 1322 930 ploriari
1341 863 1421 916 debet
1440 865 1475 916 dc
1486 871 1608 916 ueterum
1626 863 1800 930 auctoritate,
1818 857 1925 915 indocti

230 946 405 1020 Rotenburgi
424 951 459 1004 ad
478 950 593 1006 Nicrum
612 950 783 1005 sacnficulus
801 949 914 1020 quidam
933 947 1018 1019 vulgo
1036 952 1064 1000 et
1090 946 1163 1001 enim
1182 955 1269 1015 erant,
1287 966 1343 1002 non
1361 949 1507 1013 habebant,
1524 950 1600 1002 unde
1613 949 1772 1013 falsitatem
1789 961 1924 1015 coarpue·

231 1051 264 1089 ex
283 1035 446 1106 cognomine
471 1035 550 1089 Piaff
567 1036 638 1090 Isele
663 1037 769 1106 dictus,
795 1038 876 1090 homo
894 1032 1063 1106 ingeniosus,
1090 1041 1166 1102 rent,
1191 1035 1243 1087 scd
1272 1043 1363 1088 utute
1389 1042 1487 1088 nostra
1514 1034 1748 1088 crebrescentibus
1775 1033 1925 1086 literarum

231 1120 359 1191 quicum
378 1121 494 1176 Romam
522 1121 579 1177 sive
599 1121 753 1193 religionis,
777 1120 834 1175 sire
856 1119 962 1174 alinde
980 1133 1065 1171 causa
1090 1120 1273 1174 munientis
1301 1120 1499 1175 inexcusabilis
1533 1129 1632 1190 torpor
1658 1128 1712 1189 est,
1749 1120 1780 1173 ln
1811 1117 1925 1182 fabulis

231 1221 292 1261 sese
308 1206 483 1270 contulisset,
512 1208 604 1262 factus
620 1214 663 1262 est
679 1205 818 1277 pontificis
837 1204 956 1260 Romani
974 1202 1063 1257 indul·
1089 1205 1206 1259 scientes
1220 1209 1430 1279 prudentesque
1453 1223 1627 1277 permanere.
1662 1205 1700 1259 Et
1719 1204 1786 1276 quid
1807 1203 1925 1259 mulda!

230 1291 390 1361 gentiurius.
437 1293 533 1348 Rediit
561 1293 657 1365 itaque
682 1293 711 1347 in
734 1293 852 1363 patriam
880 1289 1004 1363 reliquiis
1023 1288 1062 1341 in·
1090 1299 1147 1346 tam
1167 1292 1323 1364 palpabiles
1343 1293 1454 1349 fraudes
1479 1299 1508 1348 et
1527 1292 1693 1362 imposturas
1707 1288 1855 1347 sacmficuli
1873 1306 1924 1360 per

230 1382 365 1445 sauctus,
396 1395 489 1449 penna
505 1397 538 1434 ex
557 1379 716 1450 archangeli
734 1378 880 1433 Michaiilis
898 1378 958 1445 ala,
982 1375 1062 1445 cujus
1089 1378 1219 1450 reliquias
1235 1385 1372 1447 exercent,
1390 1386 1423 1434 ut
1439 1396 1489 1434 eae
1507 1378 1653 1451 proverbio
1672 1378 1762 1433 locum
1783 1376 1925 1432 dederint:

229 1464 363 1532 virtutes,
383 1470 415 1518 ut
431 1464 486 1518 fuit
506 1466 637 1532 disertus,
654 1465 769 1521 mirifice
788 1462 1004 1528 commendavit,
1032 1468 1064 1515 ut
1089 1466 1181 1519 Roma
1199 1465 1256 1518 tria
1274 1474 1361 1519 tecam
1378 1484 1434 1520 non
1453 1467 1583 1531 auferes:
1608 1465 1736 1534 lapides,
1757 1463 1824 1534 quia
1841 1461 1925 1515 nimis

232 1564 335 1603 merces
360 1567 426 1604 suas
453 1551 611 1606 extruderet
641 1560 841 1623 quaestumque
868 1549 934 1603 inde
959 1547 1065 1602 iaceret
1090 1553 1230 1620 prandea·
1243 1551 1391 1621 pietatem,
1410 1551 1479 1623 quia
1502 1552 1543 1604 ibi
1559 1551 1658 1618 nulla,·
1681 1550 1836 1618 reliquiae,
1856 1548 1925 1620 qaia

232 1635 387 1694 maximum.
435 1636 548 1693 Accidit
576 1643 684 1702 antem,
719 1643 750 1692 ut
787 1638 908 1710 quodam
946 1633 1063 1689 sabbato
1091 1639 1222 1694 incertae.

231 1722 337 1791 vesperi
357 1723 505 1778 diverteret
524 1724 669 1795 Altingae,
693 1725 740 1795 qui
758 1731 800 1779 est
822 1740 912 1795 pagus
928 1738 984 1776 uon
1000 1734 1062 1789 pro·
1127 1731 1183 1781 104,
1218 1724 1332 1794 Excipit
1349 1724 1533 1779 Belluminus
1552 1741 1613 1794 cap,
1635 1730 1660 1781 4,
1678 1723 1831 1794 reliquias,
1850 1739 1923 1791 qaae

231 1807 275 1859 cul
305 1806 436 1879 Tubinga
466 1810 593 1880 dissilui,
625 1811 673 1866 ubi
704 1829 766 1866 cum
798 1811 880 1882 genio
906 1806 1065 1877 indulgeret
1087 1811 1198 1880 publice
1214 1811 1245 1863 in
1264 1811 1376 1881 templis
1393 1812 1569 1864 venerandae
1582 1818 1771 1880 exponuntur,
1789 1827 1845 1863 noa
1863 1824 1923 1862 abab

231 1890 354 1961 liberius,
371 1895 559 1967 negligentius
577 1897 708 1968 reliquias
726 1914 790 1951 suas
803 1895 942 1950 custodire
959 1892 1060 1962 coepit,
1088 1897 1296 1968 supposititias,
1323 1915 1384 1951 cum
1409 1897 1527 1951 ccclesia
1545 1913 1652 1966 semper
1670 1896 1820 1965 dilipenter
1839 1910 1919 1948 caoe-

230 1978 293 2033 vino
313 1980 402 2052 magis
421 1982 530 2037 deditus
544 2000 626 2054 quam
644 2000 731 2040 sacro.
764 1983 884 2037 Factum
902 1980 1063 2048 actitanda,
1088 1982 1140 2048 rit,
1159 1998 1195 2036 ne
1211 1985 1334 2048 fraudes
1353 1984 1464 2048 fierent,
1483 1991 1509 2036 et
1525 1983 1680 2052 mesaspus
1692 1989 1759 2050 post
1779 1982 1922 2033 demetam

230 2071 262 2119 ut
287 2083 320 2120 ex
349 2067 430 2123 theca
462 2071 596 2143 reliquiae
627 2071 692 2128 illae
722 2086 818 2126 saurae
849 2068 1061 2138 surriperentur.
1089 2070 1206 2124 concilii
1223 2068 1438 2137 beluacensis,
1468 2078 1498 2122 ut
1523 2069 1619 2122 nullae
1641 2068 1780 2138 reliquiae
1806 2065 1922 2134 publice

229 2149 312 2207 Mane
336 2160 484 2227 postquam
516 2157 680 2212 surrexisset
705 2156 888 2224 sacdficulus,
920 2152 1062 2224 requirens
1088 2157 1263 2225 recipiantur
1298 2156 1358 2209 sine
1402 2157 1570 2210 amaritate
1604 2154 1728 2208 Romani
1758 2153 1923 2221 paraliticis,-

229 2255 293 2292 suas
313 2240 461 2312 reliquias,
481 2259 535 2312 quo
553 2259 658 2298 merces
678 2260 742 2297 suas
759 2258 896 2312 exponere
914 2244 943 2294 et
960 2237 1062 2309 populo
1088 2242 1275 2310 Aupastinum
1304 2242 1509 2308 dubitassetis
1532 2241 1675 2311 reliquiis,
1709 2257 1779 2310 qaas
1805 2239 1922 2307 quidam

230 2330 367 2381 osuntme
390 2333 498 2398 posset,
524 2328 648 2383 sublatas
671 2344 730 2383 esse
752 2328 834 2382 videt
877 2325 952 2381 Nihil
977 2325 1062 2396 igitur
1084 2329 1196 2399 pacati
1213 2329 1336 2383 borsines
1356 2328 1604 2397 circumferebant,
1623 2345 1678 2380 non
1696 2329 1731 2379 de
1750 2326 1825 2389 illis,
1850 2342 1922 2395 prae

116 2469 125 2482 .
229 2416 374 2465 cuneatus
413 2430 464 2468 uec
494 2414 685 2482 dissimulans,
721 2413 796 2484 quod
826 2412 963 2483 hospitam
1002 2426 1062 2466 csse
1085 2415 1198 2488 pellice
1215 2417 1245 2468 in
1261 2416 1373 2486 templis
1392 2421 1599 2482 commonerer,
1619 2414 1649 2466 in
1665 2414 1754 2467 variis
1771 2413 1843 2467 locis
1863 2428 1921 2466 esse

229 2497 368 2552 conwiam
395 2500 549 2569 iudicaret,
592 2507 667 2555 recta
696 2498 724 2553 in
752 2498 890 2554 stabulum
920 2497 1064 2553 deseendit
1086 2510 1184 2572 partes
1216 2502 1367 2555 comendam
1407 2517 1573 2569 carporum,
1611 2501 1664 2552 scd
1694 2497 1873 2553 &nominari
1903 2514 1922 2550 a
1936 2496 2003 2537 xib

231 2599 302 2653 eque
338 2586 461 2653 proximo
492 2585 619 2657 praesepi
652 2585 804 2656 pauxillum
834 2583 910 2640 foeni
947 2582 1063 2653 arripuit
1083 2596 1168 2658 parte
1185 2595 1278 2642 tobim.
1319 2586 1543 2657 Respondemus:
1569 2584 1638 2640 haec
1664 2601 1729 2639 vero
1755 2583 1923 2655 perizomate

231 2685 352 2741 suaeque
381 2670 493 2727 inclusit
521 2672 626 2728 thecae.
672 2672 737 2725 Hae
755 2688 844 2740 meac,
872 2669 976 2741 inquit,
999 2676 1062 2721 eunt
1088 2692 1122 2729 ex
1141 2675 1215 2729 foliis
1233 2672 1302 2729 licus
1323 2679 1453 2728 contexta
1470 2672 1608 2726 strictiora
1627 2677 1700 2738 eunt,
1717 2687 1800 2743 quam
1815 2677 1847 2724 ut
1864 2677 1921 2724 tur·

170 2812 175 2838 2
230 2756 387 2826 reliquiae!
403 2759 484 2823 Quod
497 2776 559 2813 cum
572 2757 682 2829 hospita
693 2757 816 2826 vidisset,
828 2757 919 2812 ridere
930 2755 1062 2826 reliquias
1088 2760 1243 2832 pitudinem
1266 2759 1479 2830 imposturarum
1500 2774 1533 2812 ac
1550 2757 1693 2823 standum,
1720 2773 1793 2828 quae
1812 2756 1841 2811 in
1858 2755 1922 2809 reli-

230 2839 298 2896 istas
315 2843 412 2915 eoepit
443 2845 539 2914 Atqui,
559 2844 650 2916 inquii
666 2844 721 2909 ille,
733 2844 799 2912 jam
813 2844 843 2896 in
856 2843 959 2912 ltmplv
971 2840 1063 2893 δασὺ
1090 2846 1161 2919 quiia
1179 2842 1400 2909 committuntur,
1423 2851 1518 2915 tegere
1545 2846 1659 2915 possint.
1710 2851 1731 2899 t.
1752 2842 1829 2909 Quae
1848 2842 1922 2898 enim

231 2931 314 2983 modo
331 2931 452 3001 intersis,
469 2948 519 2986 aas
533 2932 713 2986 osculaberis.
751 2930 832 2997 Quod
845 2946 908 2984 cum
926 2946 956 2983 se
973 2927 1062 2982 factu·
1089 2950 1139 3002 pro
1157 2931 1280 3003 reliquiis
1298 2930 1413 3000 Christi,
1437 2929 1542 2985 Mariae
1559 2936 1587 2984 et
1603 2930 1789 3000 apostolorum
1810 2928 1922 2998 publice

230 3031 288 3069 ram
304 3023 484 3088 pernegaret,
511 3017 744 3089 indulgentiarius
766 3022 864 3087 pactus
891 3022 934 3070 est
952 3013 1062 3085 symbo-
1089 3018 1282 3081 venditantur,
1307 3017 1343 3071 dc
1368 3016 1422 3070 illia
1440 3033 1491 3087 per
1515 3016 1622 3087 aliquot
1639 3016 1733 3070 secula
1755 3015 1848 3070 nullus
1868 3015 1923 3085 pri-

230 3101 295 3156 lum.
325 3103 420 3157 Finita
438 3104 570 3159 concione
586 3104 721 3175 impostor
734 3120 785 3174 pro
797 3119 872 3158 more
883 3101 1061 3174 reliquiarum
1091 3105 1203 3162 mitirae
1230 3102 1363 3158 ecclesiae
1389 3102 1557 3173 scriptorum
1586 3101 1752 3157 mentionem
1775 3101 1851 3157 lacit.
1888 3101 1923 3156 In

188 3242 189 3246 ,
230 3205 341 3243 suarum
361 3188 476 3245 virtutes
496 3190 603 3245 divinas
622 3190 822 3262 propemodum
846 3204 939 3244 coram
957 3187 1061 3259 populo
1088 3190 1203 3244 historia
1225 3188 1386 3262 evangelica
1410 3189 1444 3244 da
1467 3189 1522 3243 illis
1546 3189 1630 3243 rebus
1657 3189 1743 3243 altum
1774 3188 1922 3254 silentium,

229 3273 310 3328 nimia
329 3275 442 3331 credulo
462 3277 658 3348 depraedicare
675 3275 775 3347 eoepit,
797 3291 855 3329 csse
873 3275 980 3329 scilicet
997 3275 1059 3338 soe·
1089 3285 1214 3348 tempore
1230 3277 1417 3348 apostolorum
1442 3275 1511 3331 nihil
1530 3277 1565 3331 de
1590 3276 1644 3330 illis
1667 3274 1800 3330 auditum
1836 3274 1922 3340 Quin·

228 3379 294 3414 num
320 3361 411 3426 illud,
440 3381 525 3433 super
555 3365 632 3434 quod
653 3363 780 3420 Christus
808 3379 904 3415 recens
930 3369 1014 3414 natas
1032 3361 1062 3413 in
1090 3364 1225 3435 quaginta
1242 3363 1352 3418 circiter
1372 3379 1460 3418 annos
1481 3369 1546 3432 post
1562 3361 1664 3419 Christi
1691 3368 1806 3416 mortem
1824 3360 1921 3417 Hiero·

225 3448 364 3517 praesepi
376 3448 606 3502 Betllebemitico
619 3449 784 3515 recubuerit,
804 3456 949 3517 tantasque
962 3447 1063 3500 babere
1089 3450 1196 3521 solyma
1207 3465 1303 3503 eversa
1314 3453 1399 3521 atque
1408 3448 1529 3518 expilata
1538 3447 1598 3506 fuit.
1614 3447 1661 3502 ubi
1670 3446 1779 3502 interim
1788 3447 1923 3519 reliquiae

229 3533 344 3586 ¹²²⁸er
361 3534 434 3587 init?
459 3533 609 3605 relietum,
639 3543 669 3587 ul
698 3535 749 3604 qui
775 3551 824 3587 eat
843 3534 1062 3588 ctoaudartlur.
1088 3536 1153 3607 illae
1171 3540 1327 3591 mservatae
1348 3533 1479 3590 fuerunt?
1523 3539 1547 3590 2.
1566 3532 1695 3588 Pontifici
1712 3549 1778 3588 vero
1795 3532 1921 3587 Romano

230 3621 323 3672 cedern
343 3637 417 3673 anna
437 3639 455 3673 a
473 3626 566 3689 peste,
591 3637 663 3690 quae
690 3628 749 3674 turn
764 3620 875 3690 passim
892 3621 922 3672 in
942 3620 993 3673 illo
1011 3621 1061 3672 da·
1089 3623 1217 3686 mandes,
1241 3622 1265 3675 si
1284 3620 1351 3691 quid
1370 3622 1399 3675 iu
1417 3620 1536 3675 eeclesia
1552 3626 1628 3674 reete
1646 3623 1772 3674 curatum
1789 3618 1872 3682 velis,
1898 3617 1922 3673 is

230 3713 294 3758 catu
311 3707 509 3775 praecedatur,
533 3713 604 3759 essct
628 3708 765 3762 immunis.
804 3708 959 3762 Praelata
980 3705 1064 3757 etiam
1089 3709 1197 3764 seilicet
1214 3724 1322 3779 semper
1339 3707 1486 3779 diligenter
1505 3707 1621 3776 emeat,
1638 3721 1674 3760 ne
1691 3704 1805 3759 fraudes
1823 3703 1922 3760 fierent

230 3808 326 3844 arcere
353 3809 446 3846 omncs
471 3793 617 3847 adsuere
640 3801 667 3846 et
691 3793 852 3857 adulteras,
875 3800 907 3845 ut
930 3792 1063 3845 accedere
1088 3795 1117 3850 in
1145 3795 1283 3866 reliquiis,
1317 3794 1346 3849 in
1376 3793 1557 3865 indulgentiis
1580 3798 1632 3846 etc.
1684 3796 1707 3848 3.
1730 3791 1827 3844 Partes
1856 3790 1922 3847 illae

230 3880 414 3949 nonpossint,
432 3896 481 3933 nec
499 3880 568 3934 sitas
585 3881 750 3936 masculini.
792 3879 911 3950 Hospita
930 3879 1062 3948 impostu-
1091 3898 1251 3953 corporum,
1271 3897 1342 3953 quae
1367 3881 1396 3934 in
1415 3879 1531 3935 dirersis
1548 3878 1615 3934 locis
1634 3894 1685 3947 pro
1702 3876 1826 3948 reliquiis
1840 3877 1922 3932 unius

230 3982 323 4020 rarum
342 3966 453 4020 conscie
469 3970 498 4020 et
513 3966 587 4037 quod
608 3966 643 4021 de
667 3965 768 4021 lucello
785 3966 890 4037 aliquid
909 3964 1063 4030 decederet,
1090 3968 1177 4024 sancti
1195 3974 1389 4032 monstrantur,
1407 3967 1436 4021 in
1449 3972 1557 4022 tantum
1571 3971 1751 4020 excreverunt
1767 3981 1920 4034 numerum,

232 4051 280 4126 diu
296 4059 435 4122 cunctata,
452 4053 563 4107 tandem
577 4053 612 4108 de
621 4059 713 4108 sumtu
727 4052 825 4108 maluit
836 4069 918 4126 quam
932 4051 966 4106 de
979 4050 1063 4120 fama,
1090 4055 1216 4111 utunius
1233 4054 1354 4125 eorporis
1371 4069 1434 4107 ossa
1457 4053 1513 4107 illis
1530 4068 1586 4106 non
1610 4049 1765 4117 sufficiant,
1792 4066 1843 4105 uae
1860 4057 1920 4105 tan·

232 4139 306 4210 quod
325 4139 361 4193 de
380 4139 515 4211 pudicitie
534 4146 607 4194 esset
636 4139 705 4193 alias
733 4144 873 4210 suspecta,
903 4135 1061 4209 periclitari.
1088 4148 1148 4196 tum
1166 4145 1259 4212 partes
1278 4157 1432 4210 corporum,
1451 4137 1621 4208 redintegra
1635 4131 1922 4207 sanctorumcor'pora

233 4227 360 4281 Accemit
379 4227 474 4298 itaque
493 4233 631 4297 postremo
651 4227 710 4281 loco
736 4208 867 4295 reliquis
896 4225 939 4280 sni
958 4225 1062 4280 stabuli
1088 4228 1117 4282 in
1135 4226 1250 4282 dirersis
1266 4226 1334 4280 locis
1352 4230 1547 4280 moechantur.
1584 4222 1680 4276 'I'rium
1700 4239 1844 4294 magorum
1861 4239 1920 4276 cor-

232 4314 467 4383 arcamariani
483 4313 611 4369 sacerdos
622 4313 760 4368 submisa
779 4330 855 4382 voce,
875 4330 909 4367 en
926 4314 1063 4367 aduenis!
1087 4330 1156 4385 pora
1174 4320 1203 4368 et
1226 4312 1377 4367 Mediolani
1408 4318 1436 4368 et
1459 4309 1590 4367 Coloniae
1615 4309 1804 4364 ostenduntur.
1840 4309 1922 4363 Petri

232 4399 308 4453 dixit.
343 4399 413 4455 Cum
437 4418 502 4456 vero
534 4399 608 4456 fama
631 4401 667 4454 de
684 4398 863 4471 reliquiarum
881 4398 994 4453 istarum
1009 4399 1062 4453 vir-
1088 4417 1187 4471 corpus
1204 4398 1376 4454 reconditum
1394 4403 1437 4453 est
1453 4397 1591 4467 integrum
1609 4395 1715 4450 Romam
1733 4394 1761 4448 in
1774 4393 1919 4460 Vaticano,

231 4485 337 4542 tutibus
365 4488 567 4558 percrebuisset
592 4493 619 4542 et
652 4486 775 4541 homines
802 4485 908 4554 miseri,
939 4487 985 4558 qui
1015 4503 1062 4542 eas
1089 4492 1121 4541 ut
1149 4491 1245 4541 auctor
1276 4491 1318 4539 est
1340 4485 1477 4539 Beronius
1504 4488 1569 4537 tom.
1598 4487 1620 4537 1.
1660 4480 1751 4534 annal.
1784 4496 1847 4534 ann.
1879 4486 1921 4536 69.

232 4571 381 4627 exosculari
407 4573 533 4643 fueram,
561 4590 579 4627 a
610 4578 688 4644 peste
716 4572 851 4626 immunes
879 4589 934 4626 non
962 4578 1062 4639 esseut,
1089 4572 1263 4628 dimidiatum
1293 4570 1410 4626 habetur
1438 4570 1466 4624 in
1496 4568 1550 4623 alio
1586 4566 1647 4623 looo
1676 4567 1781 4622 Romae
1814 4567 1842 4619 in
1877 4566 1923 4620 via

231 4658 280 4713 sed
322 4658 371 4712 ills
415 4660 533 4730 correpti
575 4658 675 4713 misere
717 4658 853 4729 perirent,
892 4659 927 4712 ad
964 4659 1062 4714 ducem
1090 4657 1219 4727 Ostiensi,
1238 4654 1399 4727 Onuphrius
1417 4655 1452 4710 de
1479 4661 1549 4726 sept.
1570 4654 1647 4709 urbis
1667 4651 1791 4709 ecclesiis
1809 4669 1870 4722 cap.
1887 4653 1922 4708 de

233 4743 481 4814 tt'irtenbergicum
510 4745 702 4800 Eberhardum
734 4760 828 4798 rumor
855 4743 988 4815 pervenit.
1035 4745 1063 4798 Is
1089 4744 1194 4800 basilio.
1213 4745 1240 4800 S.
1260 4743 1349 4797 Pauli.
1385 4742 1422 4797 Et
1440 4741 1549 4812 aliquae
1571 4739 1725 4811 particulae
1742 4739 1922 4809 reliquiarum

233 4830 463 4885 nundinationem
476 4830 586 4885 illarum
605 4831 770 4902 imposturas
785 4830 941 4903 intelligens
958 4831 1062 4887 theolo-
1088 4830 1165 4886 Petri
1183 4837 1248 4884 sunt
1266 4830 1294 4883 in
1317 4828 1377 4884 loco
1394 4827 1491 4895 tertio,
1517 4827 1648 4882 videlicet
1675 4826 1923 4896 Constantinopoli,

232 4918 275 4991 gis
292 4916 519 4989 Tubingensibus
536 4918 565 4971 in
584 4918 721 4974 mandatis
742 4918 834 4985 dedit,
860 4924 892 4972 ut
909 4918 1062 4989 impudenti
1088 4924 1121 4970 ut
1147 4933 1180 4971 ex
1198 4914 1394 4985 chrysostomo
1421 4912 1474 4967 hoc
1492 4912 1552 4969 loco
1579 4918 1713 4968 memorat
1729 4912 1921 4968 Bellarmiuus.

231 5004 334 5060 homini
370 5003 406 5057 ad
441 5018 470 5056 se
510 5004 643 5059 accersito
678 5004 828 5059 vanitatem
866 5002 1064 5074 exprobrarent
1089 5003 1182 5074 Caput
1199 5002 1259 5073 ejus
1278 5007 1435 5056 asservatur
1452 5000 1481 5054 in
1500 5005 1598 5072 quarto
1611 4999 1679 5064 loco,
1696 4997 1801 5053 Romae
1817 4998 1924 5054 sufficet

231 5093 347 5164 ejusque
365 5088 547 5161 petulantiam
566 5091 784 5159 contunderent,
811 5089 884 5161 quod
911 5095 939 5144 et
958 5089 1063 5145 factum
1088 5089 1117 5143 in
1140 5088 1256 5142 basilica
1281 5086 1476 5155 iateranensi,
1501 5083 1660 5155 Onuphrius
1686 5085 1722 5140 de
1747 5090 1817 5154 sept.
1845 5082 1922 5138 urbis

231 5183 281 5232 est.
319 5176 423 5232 Verum
442 5175 489 5230 ille
514 5175 581 5230 artis
600 5192 666 5231 suae
684 5193 788 5232 memor
803 5176 935 5230 audacter
948 5192 1061 5247 respon·
1088 5175 1184 5230 eccles.
1226 5174 1292 5228 Pars
1310 5172 1450 5243 capitisin
1469 5173 1565 5244 quinto
1583 5172 1651 5234 loco,
1668 5169 1773 5225 Romae
1793 5169 1921 5225 nimirum

232 5265 280 5334 dit,
298 5280 327 5318 se
342 5264 476 5317 nerninem
493 5263 636 5329 fefellisse
660 5281 709 5315 nec
727 5264 870 5316 mentitran
895 5279 960 5318 esse.
992 5261 1062 5317 Cum
1088 5260 1117 5315 in
1130 5260 1246 5316 ecclesia
1255 5259 1282 5316 S.
1292 5258 1433 5325 Praxedis,
1448 5257 1608 5329 Onuphriue
1620 5255 1687 5311 ibid.
1715 5257 1838 5312 Inserta
1852 5257 1921 5325 loco,

231 5367 297 5406 vero
315 5350 355 5404 illi
373 5356 469 5405 eontm
488 5349 652 5421 objicerent,
679 5356 785 5404 certum
806 5366 880 5417 esse,
907 5348 1010 5404 multos
1029 5365 1062 5405 eo
1087 5346 1217 5402 videlieet
1246 5345 1365 5401 Pictarii
1385 5346 1413 5399 in
1433 5343 1534 5408 Gallia,
1565 5341 1727 5396 mandibula
1743 5358 1806 5397 cum
1824 5341 1920 5407 barba,

232 5436 326 5491 morbo
345 5434 459 5491 obiisse.
484 5435 532 5507 qui
549 5433 680 5506 reliquias
697 5433 784 5504 ipsius
803 5440 896 5488 essent
912 5433 1063 5489 exosculati
1088 5433 1177 5490 Nicol.
1197 5432 1337 5488 Gallesius
1359 5432 1394 5487 de
1417 5432 1495 5503 reliq.
1541 5428 1574 5485 In
1596 5429 1713 5500 septimo
1731 5427 1793 5482 loeo
1811 5430 1855 5483 vel
1873 5446 1920 5500 po·

232 5530 261 5578 st
279 5521 421 5588 imerali,
440 5537 534 5577 rursus
552 5518 666 5592 ιιοςοιίι
684 5517 849 5589 subjiciens,
872 5520 974 5573 ebrum
999 5528 1061 5575 tan·
1090 5518 1147 5574 tius
1165 5519 1194 5574 in
1213 5517 1341 5590 pluribus
1360 5517 1428 5574 loeis
1449 5517 1544 5573 dentes
1563 5514 1630 5571 abbi
1648 5515 1758 5587 plures,
1776 5514 1844 5570 abbi
1864 5515 1920 5571 sin·
