4104 6014
331 219 369 278 ie
763 286 767 293 ⁴
922 212 1045 271 nocue
1062 208 1264 272 uouemus
1283 214 1429 274 smnus

327 367 430 436 rimus,
468 374 500 422 ut
521 369 651 438 pat-iam
676 375 803 424 metam
829 369 942 439 vidae,
972 377 1004 424 ut
1026 375 1162 438 parentes
1192 375 1221 424 et
1251 370 1360 426 dolores
1395 375 1492 442 pertus
1522 371 1680 443 perferendi
1711 378 1790 443 runt,
1818 378 1912 428 tamen
1945 370 2023 426 brevi

327 454 455 509 salutare
488 455 652 523 possimus!
707 454 864 510 Methodius
898 460 1014 511 mortem
1050 454 1161 525 piorum
1189 463 1326 514 momento
1345 474 1528 529 paroxysmns
1546 460 1593 515 ille
1606 461 1696 529 durat,
1715 467 1744 515 et
1758 461 1878 516 diesille
1891 469 2022 514 aeternae

328 548 410 598 vocat
439 541 665 617 φαρμακευτικὴν
689 539 827 613 κάθαρσιν
848 546 939 613 ψυχῆς
963 547 1008 596 sal
1027 537 1160 614 σώματος.
1186 542 1261 596 oilae
1288 544 1395 598 natalis
1418 548 1470 614 fit,
1499 545 1572 601 sicut
1601 546 1660 602 dies
1703 545 1829 618 martyrii
1866 553 2023 601 sanctorum

327 628 379 685 Fst
397 628 446 700 qni
466 646 527 685 eam
544 633 627 684 vocat
640 635 821 699 peccatorum
832 629 1026 699 malorumque
1040 628 1160 682 onmium
1188 629 1296 684 natales
1321 631 1350 684 in
1377 631 1494 686 ecclesia
1519 639 1669 700 vocantur,
1698 637 1731 687 nt
1758 637 1852 688 monet
1866 631 2023 703 Chytraeus

291 740 296 747 ·
329 719 515 786 sepulturam,
543 719 628 783 finem
651 715 793 769 malorum
817 722 843 769 et
856 715 979 785 januam
1001 716 1042 768 ad
1065 714 1159 768 eitam
1188 714 1237 769 lib.
1257 716 1293 771 de
1312 724 1393 772 mort.
1414 723 1441 772 et
1459 718 1508 772 rit.
1526 726 1579 773 aet.
1598 735 1663 790 pag.
1690 725 1731 774 ⁴9.
1783 719 1860 774 idem
1879 718 2024 789 Nyseenus

329 802 453 858 Hilarius
468 804 498 858 in
516 802 621 858 Psalm.
640 806 681 857 62.
698 801 773 856 circa
790 800 876 857 med:
892 801 1031 855 Pretiosa
1048 801 1079 852 in
1096 816 1161 853 eon·
1187 800 1216 854 in
1248 809 1317 859 orat.
1349 802 1446 858 habits
1479 803 1509 858 iu
1539 803 1638 860 funere
1675 804 1838 860 Pulcheriae
1866 805 1940 859 circa
1959 803 2023 858 fin:

327 897 423 958 spectu
440 890 560 944 Domini
576 905 654 942 mors
670 896 830 942 sanctorum
848 888 926 957 ejus,
943 888 1012 957 quia
1026 903 1080 956 per
1100 903 1161 940 eam
1188 888 1272 942 Mors
1296 889 1368 943 nibil
1391 890 1474 943 aliud
1499 897 1540 943 est
1563 909 1647 960 pam
1670 892 1831 945 vitiositatis
1848 892 2024 961 expurgatio.

328 991 390 1028 cum
419 976 535 1045 peccati
561 976 620 1043 leae
643 973 778 1029 resolutis
802 973 1001 1028 demutationis
1021 973 1162 1042 ploriosae
1187 975 1356 1031 Prudentius
1373 975 1462 1029 canit:
1497 977 1580 1031 Mors
1610 978 1679 1031 laea
1707 979 1853 1047 reparatio
1875 978 1949 1032 vitae
1973 985 2023 1031 est.

324 1062 460 1134 profectu
484 1063 652 1130 aeternitas,
680 1061 794 1115 animae
821 1060 1005 1130 corporisque
1020 1060 1086 1128 jam
1103 1059 1163 1111 sine
1189 1060 1408 1132 chrysostomus
1429 1061 1522 1116 homil.
1540 1069 1583 1120 45.
1601 1063 1629 1117 in
1648 1061 1748 1119 Gener.
1767 1062 1819 1117 col.
1843 1068 1907 1118 ³75:
1941 1064 2025 1117 Mors

325 1149 441 1218 peceati
465 1165 581 1220 corpore
608 1149 796 1217 rependetur;
823 1145 853 1200 in
869 1144 972 1202 Psnlm.
998 1149 1047 1201 63:
1080 1147 1164 1200 Mors
1192 1155 1233 1200 est
1275 1148 1488 1218 transmipratio
1531 1166 1550 1202 a
1595 1149 1782 1203 deterioribus
1818 1151 1860 1203 ad
1896 1150 2024 1203 meliora.

328 1251 384 1289 non
410 1243 450 1289 est
474 1235 586 1289 animae
613 1235 756 1299 metim,
785 1234 838 1286 sed
855 1233 918 1302 eius
935 1250 950 1286 e
968 1248 1085 1302 corpore
1105 1233 1161 1286 dis·
1190 1233 1346 1290 11οω1135.
1367 1234 1396 1289 in
1414 1234 1529 1290 Mean:
1552 1235 1631 1290 Sicut
1649 1239 1764 1305 quando
1784 1253 1833 1290 aes
1859 1237 2023 1306 effunditur,

328 1336 438 1390 eassus,·
470 1322 499 1375 in
521 1320 623 1376 Psalm.
655 1326 713 1376 119.
736 1337 764 1389 p.
784 1325 848 1375 527:
884 1319 994 1373 Paulus
1018 1319 1114 1371 beatus
1134 1319 1165 1370 in
1190 1321 1266 1372 unde
1297 1328 1392 1374 statua
1418 1322 1575 1390 conflatur,
1607 1322 1716 1375 nullam
1740 1323 1814 1376 aeris
1836 1323 2024 1392 perditionem

330 1408 501 1462 inteutans
522 1407 650 1476 corporis
666 1406 714 1459 sui
731 1405 918 1476 oonpemiscit,
933 1422 989 1475 per
1013 1404 1165 1458 incolatum
1190 1413 1256 1459 tunc
1281 1421 1341 1461 esse
1363 1408 1497 1474 dicimus,
1528 1425 1589 1461 cum
1607 1411 1649 1461 ad
1664 1408 1806 1463 meliorem
1826 1427 1907 1462 usum
1926 1413 2024 1464 madu-

331 1496 427 1549 oarnis
446 1493 631 1565 pereprinari
653 1509 683 1547 se
709 1508 728 1545 a
747 1493 811 1559 Deo
837 1506 1021 1561 conquerens,
1050 1508 1082 1544 ea
1111 1508 1164 1560 quo
1191 1500 1290 1562 catur,·
1319 1493 1449 1546 similiter
1467 1495 1501 1547 sle
1521 1510 1639 1563 corpore
1658 1502 1704 1548 tuo
1715 1496 1851 1563 futurum
1869 1504 1921 1564 est,
1948 1513 2024 1550 mors

329 1588 429 1634 oontm
440 1580 682 1650 pereprinandum
701 1579 731 1632 in
748 1578 898 1632 carnescit
915 1578 971 1631 sibi
989 1594 1062 1645 esse,
1089 1584 1120 1630 ut
1139 1577 1166 1630 ei
1194 1579 1259 1648 ipsa
1277 1587 1302 1632 et
1321 1579 1482 1633 mortalitor
1501 1581 1656 1633 destruitur
1674 1582 1959 1650 corruptionecarnis
1971 1586 2024 1635 eto.

330 1683 393 1720 cum
417 1667 481 1721 Deo
505 1666 646 1720 incolatus
664 1665 717 1735 sit,
747 1666 800 1718 sed
817 1671 910 1718 tamen
936 1663 1035 1718 melius
1054 1664 1081 1717 ei
1097 1671 1165 1716 esset
1191 1664 1284 1723 homil.
1305 1671 1330 1722 2.
1348 1665 1377 1719 in
1397 1671 1421 1721 t.
1440 1664 1476 1719 ad
1496 1664 1632 1720 Corinth:
1663 1668 1729 1720 Noa
1754 1669 1889 1736 amisisti,
1920 1671 1972 1722 sed
1994 1670 2024 1721 in

330 1753 452 1808 dissolvi
479 1759 506 1805 et
536 1768 599 1806 cum
617 1749 728 1806 Christo
755 1767 829 1821 esse,
856 1750 949 1805 libera
977 1750 1084 1803 scilicet
1110 1766 1164 1819 per
1192 1751 1283 1805 locum
1308 1753 1438 1804 tutiorem
1464 1753 1625 1820 reposuisti.
1674 1753 1849 1825 Augustinus
1878 1755 1958 1824 epist.
1990 1759 2022 1810 6:

330 1839 542 1894 dissolutionem
563 1839 692 1908 corporis
710 1838 823 1902 areima,
854 1853 938 1891 onere
955 1844 1038 1906 atque
1054 1852 1165 1889 consor·
1191 1838 1258 1891 Non
1276 1839 1429 1907 amisimus,
1449 1839 1500 1891 sed
1513 1838 1721 1907 praemisimus.
1740 1839 1788 1895 lib.
1813 1840 1847 1895 de
1873 1841 1972 1910 spiritu
1991 1848 2019 1895 et

330 1926 386 1995 tto,
414 1932 497 1994 atque
522 1925 606 1978 etiam
629 1924 749 1992 infirmis
773 1923 858 1991 buius
886 1930 969 1992 αεᾳαα
987 1921 1165 1993 periculam
1192 1923 1274 1980 anim.
1304 1939 1329 1978 o.
1357 1929 1404 1979 4³:
1436 1926 1519 1978 Mars
1544 1925 1665 1978 dominis
1689 1926 1761 1979 nibil
1776 1927 1859 1979 aliud
1882 1935 1922 1980 est
1940 1944 2024 1996 quam

329 2012 426 2065 carnis
445 2019 535 2067 onusta
574 2010 738 2065 hcmntins
755 2008 804 2064 lib.
826 2015 851 2066 3.
870 2007 932 2063 inst
959 2025 981 2064 c.
1000 2013 1046 2064 te:
1084 2007 1164 2061 Sicut
1192 2011 1288 2062 carnis
1307 2027 1428 2077 occasus,
1447 2027 1466 2063 a
1483 2026 1540 2078 qua
1559 2026 1621 2063 cum
1640 2012 1682 2064 ris
1694 2012 1839 2080 potentiae
1855 2013 2024 2078 vivificantis

327 2098 388 2153 rita
404 2099 469 2168 s'psa
487 2098 587 2152 bonum
607 2105 654 2162 est,
671 2096 770 2149 sicum
782 2095 884 2149 virtute
900 2095 1021 2160 oioatm,
1051 2095 1165 2161 motum
1191 2096 1370 2164 abscmserit‚
1399 2098 1430 2149 in
1454 2103 1573 2164 terram,
1602 2100 1638 2152 ‹ls
1660 2115 1716 2167 ana
1737 2107 1830 2153 sumta
1854 2107 1908 2167 est,
1939 2101 2024 2166 redit,

327 2184 356 2237 si
385 2200 447 2238 cum
474 2184 595 2251 scelere,·
624 2184 667 2237 sic
693 2190 718 2236 et
745 2199 821 2236 mars
843 2198 876 2235 es
899 2181 1065 2250 praeteritis
1090 2179 1165 2234 vitae
1191 2183 1303 2236 ammas
1331 2183 1465 2248 sesana,
1494 2200 1563 2252 euos
1578 2201 1633 2253 per
1656 2200 1685 2238 se
1712 2186 1804 2253 ipsam
1832 2204 1887 2240 non
1918 2187 2023 2242 babuit.

328 2270 437 2324 actibus
448 2271 641 2341 ponderanda
659 2277 709 2323 est.
745 2268 794 2322 Ita
811 2269 857 2334 dt,
887 2274 919 2321 ut
935 2267 963 2319 si
979 2268 1038 2319 oita
1057 2266 1087 2319 in
1105 2266 1166 2319 Dei
1191 2269 1297 2323 Anima
1315 2287 1370 2322 non
1383 2270 1468 2324 aliter
1480 2287 1563 2338 msam
1582 2270 1627 2322 sol
1640 2271 1728 2324 lucem
1741 2272 1808 2338 diei,
1826 2272 1912 2326 oitam
1926 2274 2022 2326 tribuit

329 2358 466 2427 reliaione
485 2365 633 2413 transacta
651 2357 704 2425 sit,
723 2372 799 2409 mors
817 2355 924 2409 melsun
940 2371 995 2408 nan
1015 2355 1066 2423 sit,
1095 2353 1164 2422 quia
1191 2356 1279 2423 carni,
1297 2373 1359 2410 osan
1385 2357 1503 2424 venem,
1536 2362 1651 2410 mortem
1678 2358 1781 2426 efficit,
1813 2375 1875 2411 cum
1905 2361 2022 2417 recedet.

327 2446 480 2500 translatio
498 2453 539 2499 est
556 2446 598 2498 ad
611 2443 863 2510 immortalitatem
885 2442 930 2495 sin
942 2442 1036 2511 aliter,
1056 2440 1162 2494 malum
1190 2442 1274 2496 Mors
1292 2450 1384 2496 tamen
1404 2459 1459 2495 non
1481 2442 1616 2496 coruumit
1641 2443 1806 2512 conjuncta,
1838 2446 1890 2498 sed
1908 2446 2021 2515 dividit,

328 2533 366 2586 sit
381 2548 491 2586 necesse
508 2539 557 2600 est,
575 2532 708 2601 quoniam
724 2530 766 2582 od
782 2537 898 2582 ostana
909 2526 1052 2598 supplicia
1069 2534 1162 2580 trans·
1190 2527 1257 2580 dum
1286 2529 1393 2598 oripini
1416 2545 1485 2582 suae
1514 2535 1660 2597 utrumque
1683 2530 1788 2583 reddit.
1810 2529 1857 2584 lib.
1888 2538 1910 2587 t.
1930 2530 2022 2604 hypo·

328 2618 421 2674 mittit.
469 2615 634 2673 Ambrdsius
662 2615 711 2672 lib.
739 2616 775 2671 de
805 2615 878 2670 bono
904 2614 999 2668 mortis
1018 2630 1040 2669 c.
1063 2618 1094 2668 2:
1129 2613 1164 2667 ss·
1189 2618 1279 2683 guest
1309 2619 1406 2669 oontm
1434 2614 1529 2686 Pelag.
1558 2614 1624 2670 circ.
1651 2615 1741 2672 med:
1774 2616 1859 2671 Mors
1882 2618 1954 2672 nsltsl
1981 2629 2022 2673 est

324 2705 413 2775 plena
439 2704 534 2758 onais
561 2704 632 2773 vita,
656 2703 751 2771 utique
780 2702 846 2767 finis
870 2702 930 2772 ejus
948 2701 1162 2754 allevamentum
1189 2700 1246 2753 nisi
1276 2716 1375 2753 nornen
1403 2702 1548 2754 recedente
1575 2701 1647 2769 vita,
1676 2702 1761 2755 acuti
1783 2705 1877 2768 sames
1894 2721 2022 2760 escarum

330 2797 387 2856 est,
406 2790 621 2845 allevamentum
640 2796 733 2843 antem
751 2789 850 2842 bonum
869 2804 956 2856 mors,
980 2786 1055 2839 mori
1070 2793 1163 2840 autem
1190 2787 1332 2854 defectus,
1369 2787 1431 2840 sitis
1464 2788 1573 2855 epentia
1600 2795 1704 2856 potsse,
1733 2790 1863 2844 tenebrae
1893 2792 2022 2846 αόαααιία

323 2879 409 2948 finis,
426 2895 502 2932 mors
519 2877 608 2947 ipitur
626 2876 726 2930 bonurn
743 2882 791 2929 est.
828 2890 853 2930 c.
871 2879 901 2930 3:
921 2873 1006 2927 Mors
1023 2873 1162 2927 absolutio
1189 2872 1277 2935 lueis,
1310 2873 1448 2927 sterilitas
1473 2874 1599 2938 desectus
1620 2876 1751 2944 fructus,
1780 2877 1923 2931 silentium
1945 2879 2023 2932 vocis

328 2971 371 3020 est
396 2965 508 3018 animae
535 2970 561 3017 et
586 2963 715 3035 eorporis
733 2970 760 3016 et
777 2963 917 3031 quaedam
942 2960 1063 3014 bominis
1081 2976 1163 3029 sepa-
1190 2960 1334 3028 absentio,
1365 2960 1464 3029 inopia
1490 2961 1616 3029 privatio
1631 2962 1823 3030 facultatum,
1854 2971 1881 3017 et
1906 2966 1933 3018 si
1951 2982 2023 3035 quae

307 3051 412 3106 -rotia
444 3051 586 3106 Solvimsm
602 3050 675 3104 enim
692 3049 744 3103 loc
763 3064 834 3102 nsau
851 3047 962 3101 anemae
979 3056 1007 3101 et
1025 3047 1163 3119 corporis,
1190 3055 1254 3101 ment
1281 3046 1356 3114 alia,
1386 3063 1458 3116 ossae
1487 3035 1582 3101 rerum
1612 3049 1771 3117 privatione
1790 3051 1862 3104 nibil
1890 3067 1948 3105 esse
1966 3052 2024 3105 nisi

329 3155 391 3193 aem
407 3137 571 3192 recedimus.
601 3152 625 3193 c.
649 3141 693 3191 to:
712 3135 859 3205 Repetitur
877 3133 982 3202 animia,
996 3151 1053 3187 non
1068 3135 1164 3188 interi·
1189 3148 1288 3186 nornen
1307 3133 1494 3189 inveniuntur.
1523 3134 1616 3189 Idiota
1634 3135 1669 3191 de
1684 3135 1830 3206 contempl.
1842 3137 1938 3192 mortis
1950 3134 1977 3213 ξ.
1989 3142 2021 3193 8:

330 3225 423 3280 mitur.
452 3224 482 3278 in
506 3239 531 3280 o.
556 3228 581 3278 8.
600 3221 687 3277 Luc:
720 3221 773 3275 Ubi
793 3220 1008 3274 resurrectionis
1023 3222 1096 3286 tides
1115 3228 1165 3290 cst,
1191 3220 1275 3274 Mors
1287 3227 1392 3288 portus
1412 3228 1460 3288 est,
1474 3223 1514 3274 ad
1531 3237 1610 3291 quem
1627 3221 1658 3274 in
1674 3222 1718 3276 bis
1737 3223 1837 3275 mundi
1852 3224 2022 3278 calamitati-

205 3329 270 3375 xm,
283 3329 318 3373 m.
329 3328 385 3366 non
404 3311 502 3365 mortis
519 3309 634 3379 specim,
649 3310 702 3363 sed
719 3309 821 3378 quietis
841 3315 889 3362 ost.
907 3306 943 3363 de
954 3306 1000 3363 fia
1019 3313 1162 3363 resurrect
1191 3305 1241 3359 bus
1267 3307 1364 3360 miseri
1386 3307 1552 3374 naoipamus
1575 3324 1683 3376 omnes,
1713 3309 1754 3361 ad
1771 3325 1851 3378 ouem
1868 3327 1922 3378 quo
1939 3312 2023 3365 citius

331 3414 354 3454 u
375 3403 405 3454 9:
425 3398 529 3452 Debuit
542 3396 610 3449 dari
621 3394 693 3463 fluis
704 3395 983 3460 malorsau,utmors
998 3394 1163 3463 restitueret,
1185 3393 1409 3461 pervenerimus,
1442 3407 1473 3445 eo
1498 3392 1617 3446 celerius
1638 3393 1819 3449 liberabimur
1846 3401 1900 3450 etc.
1937 3397 2022 3468 Apud

331 3487 408 3555 quod
424 3486 484 3539 vita
501 3484 643 3538 omssaat.
689 3483 863 3537 immortalis
881 3483 952 3535 enim
975 3483 1056 3534 oneri
1067 3482 1165 3552 potius
1190 3478 1375 3548 Nicephorum
1399 3477 1448 3533 lib.
1475 3484 1513 3534 11.
1537 3496 1562 3533 c.
1589 3485 1630 3535 43.
1648 3496 1711 3535 cnm
1729 3479 1845 3551 qnidam
1870 3482 2023 3540 nuntiasset

331 3587 415 3641 mam
432 3571 499 3626 usui
517 3578 570 3640 est,
602 3569 661 3623 nisi
684 3570 814 3639 adspiret
846 3569 950 3639 pratia.
997 3568 1081 3621 Etsi
1098 3569 1164 3624 bene
1190 3566 1336 3636 eremitae,
1369 3565 1456 3620 filium
1474 3563 1561 3635 ipsius
1578 3570 1715 3620 mortuum
1742 3583 1816 3636 esse,
1846 3571 2022 3639 respondisse

331 3658 483 3726 discutias,
501 3674 558 3712 non
576 3662 697 3709 naturae
713 3672 791 3709 mors
810 3655 867 3709 ista
885 3662 939 3718 est,
962 3656 1014 3707 sed
1030 3654 1165 3709 malitias.
1189 3650 1292 3716 fertur,
1330 3668 1381 3705 eur
1406 3652 1449 3705 ita
1480 3650 1707 3719 blasphemaret!
1745 3670 1801 3706 non
1834 3655 1907 3708 enim
1926 3657 2022 3725 fllium

332 3744 433 3800 Manet
449 3744 523 3799 enim
540 3749 653 3807 natura,
673 3742 786 3797 malitia
799 3741 928 3808 moritur,
946 3742 1071 3811 resurpit
1087 3744 1165 3813 quod
1188 3757 1268 3793 suum
1287 3745 1424 3792 mortuum
1443 3753 1509 3805 esse,
1527 3739 1580 3792 sed
1595 3737 1729 3794 dormire.
1765 3737 1901 3796 Nimirum

329 3832 397 3896 fuit.
435 3829 513 3885 Idem
532 3827 567 3884 de
582 3844 685 3885 excees.
705 3827 785 3883 frat:
803 3829 870 3881 Non
887 3828 993 3893 amitti,
1010 3829 1063 3881 sed
1078 3845 1161 3898 prae-
1224 3825 1349 3880 Nomina
1367 3842 1443 3879 mors
1457 3825 1567 3892 retinet,
1579 3825 1686 3895 facilis
1704 3833 1768 3879 sunt
1785 3834 1877 3882 cetero
1900 3846 2021 3887 somnus.

331 3917 405 3971 mitti
432 3917 574 3986 videntur,
606 3933 675 3987 arsos
705 3931 761 3968 non
794 3914 955 3968 absumturo
986 3930 1075 3979 mors,
1111 3918 1164 3970 secl
1189 3911 1366 3967 Bemhardns
1393 3911 1423 3966 in
1439 3909 1535 3982 epistt
1560 3914 1642 3965 Bona
1663 3929 1739 3966 mars
1752 3912 1828 3982 justi
1838 3924 1959 3986 propter
1977 3934 2021 3971 re·

332 4003 487 4058 manitas
504 4009 654 4071 receptura
671 4006 719 4057 est.
751 3999 872 4056 Basilius
889 4016 969 4055 seim.
994 3999 1024 4054 in
1050 4007 1163 4071 martyr.
1189 4000 1295 4069 quiem,
1325 3998 1426 4053 melior
1440 4005 1560 4067 propter
1576 3999 1741 4063 novitatem,
1774 4001 1879 4070 optimo
1902 4012 2022 4074 propter

331 4088 475 4146 lulittam:
507 4089 573 4142 Non
599 4095 639 4142 est
655 4095 799 4156 mortuus,
828 4088 880 4140 scd
896 4087 1034 4144 redditus.
1077 4087 1164 4143 Atha·
1190 4086 1379 4139 secssritatem.
1430 4086 1551 4149 Contra,
1581 4102 1656 4139 mors
1679 4093 1861 4154 peccatorum
1887 4092 2020 4160 pessima,

331 4176 426 4231 nasius
451 4175 481 4229 in
499 4181 569 4231 orat
589 4179 685 4229 cauma
700 4173 776 4227 idola
792 4190 820 4244 p.
840 4177 889 4229 23:
915 4174 982 4228 Non
1002 4174 1098 4228 anima
1116 4183 1164 4243 est,
1189 4173 1268 4226 mula
1284 4172 1423 4240 siquidem
1440 4172 1470 4224 in
1487 4171 1861 4242 mundiamissione‚pejor
1879 4176 2022 4231 incarnis

332 4279 405 4332 quae
418 4263 547 4330 moritur,
560 4261 655 4315 sedob
675 4260 737 4330 ejus
748 4261 901 4315 discessum
918 4277 1020 4330 carpus
1037 4261 1163 4316 moritur.
1189 4259 1385 4328 separatione,
1413 4258 1540 4326 pessima
1564 4258 1596 4310 in
1620 4259 1722 4311 sennis
1761 4260 1888 4330 ipnssque
1912 4265 2023 4333 duplici

331 4347 452 4420 Ephrem
469 4349 499 4404 iu
517 4348 565 4406 lib.
586 4348 621 4404 de
636 4347 744 4418 judicio
769 4364 793 4404 c.
812 4352 843 4403 3:
870 4347 1107 4411 qumadmodum
1131 4348 1163 4403 in
1190 4346 1365 4399 contritione.
1413 4342 1491 4400 Idem
1521 4343 1556 4399 de
1586 4343 1692 4400 transit.
1723 4344 1855 4404 Meleon:
1886 4350 2021 4405 Preciosa

331 4435 451 4490 vinmslis
469 4436 513 4490 vel
530 4436 559 4489 in
577 4435 751 4503 carceribus,
781 4434 823 4487 sic
850 4451 943 4487 omnes
967 4436 1162 4504 sanctiusque
1190 4449 1265 4486 mors
1281 4438 1448 4495 sanctorum,
1462 4429 1595 4502 preciosa
1608 4431 1698 4499 plane
1716 4440 1851 4502 tanquam
1863 4435 1929 4498 sinis
1943 4437 2020 4491 labo-

332 4522 373 4573 ad
401 4529 506 4592 tempus
534 4520 714 4575 resolutionis
743 4536 812 4574 sisae
842 4519 872 4572 in
898 4520 1064 4589 corporibus
1090 4538 1161 4575 com·
1188 4538 1259 4588 rum,
1278 4527 1410 4588 tanquam
1421 4517 1555 4571 oictoriae
1566 4521 1773 4588 consummatio,
1792 4528 1926 4591 tanquam
1945 4524 2018 4578 odae

331 4615 479 4662 morantia
502 4609 544 4661 ad
571 4606 833 4678 conquillsssimum
852 4613 966 4675 portum
988 4607 1165 4677 festinantes,
1183 4610 1279 4678 janua
1310 4614 1335 4660 et
1363 4607 1510 4674 perfectae
1534 4606 1694 4660 securitatis
1719 4608 1868 4677 inpressas.
1916 4608 2017 4665 Dama-

332 4702 364 4747 ut
381 4695 579 4764 adipiscantur
596 4695 657 4747 sine
670 4685 802 4763 fluctibus
821 4692 915 4747 vitam.
973 4691 1164 4749 Nazianzenus
1189 4711 1288 4751 scenus
1304 4692 1352 4748 lib.
1367 4698 1391 4748 2.
1404 4691 1439 4747 de
1452 4691 1521 4747 orth.
1541 4689 1588 4745 fid.
1606 4708 1628 4745 c.
1647 4699 1667 4749 1.
1685 4699 1833 4764 postquam
1851 4696 2017 4752 mentionem

332 4787 400 4836 orat
420 4785 458 4837 33.
478 4785 516 4844 εἰς
529 4779 563 4835 ri
583 4784 730 4851 pertrita:
767 4781 892 4834 Mortem
909 4785 940 4831 ut
955 4785 1067 4848 peccati
1078 4798 1164 4851 prae·
1188 4782 1293 4838 fecerat
1316 4781 1473 4838 συντελείας
1495 4780 1542 4831 τοῦ
1559 4776 1685 4851 κόσμου,
1701 4780 1860 4852 subjungit:
1892 4781 1949 4836 tare
1966 4784 2020 4857 pir

332 4868 465 4923 damam
482 4869 563 4922 borno
578 4868 715 4936 lucratur,
734 4883 769 4920 ne
786 4866 892 4921 malum
910 4867 1067 4920 immortale
1085 4877 1163 4923 esset.
1190 4869 1244 4941 γὰρ
1262 4869 1405 4922 συντέλεια
1421 4863 1520 4938 peperi
1548 4864 1698 4920 diriores
1716 4864 1844 4928 θάνατος.
1875 4867 2019 4923 conradus

332 4954 361 5009 in
392 4953 497 5013 definit
523 4970 615 5009 rerum
644 4971 669 5008 v.
698 4957 745 5008 25:
783 4953 835 5022 ζωὴ
867 4952 899 5006 δὲ
925 4950 1052 5027 σώματός
1074 4958 1163 5008 τεκαὶ
1188 4953 1357 5010 Teutonicus
1376 4952 1524 5007 moriturus
1543 4951 1644 5008 dixisse
1662 4952 1809 5010 scribitur:
1844 4953 1929 5008 Istud
1947 4971 2020 5024 pun·

333 5045 423 5112 ψυχῆς
441 5042 524 5110 diosc,
542 5039 578 5101 ὥς
598 5036 723 5096 θάνατον
741 5033 813 5094 εἶναι
832 5039 885 5093 τῶν
897 5039 926 5092 dl
944 5036 994 5106 τὴν
1008 5036 1162 5097 διάστασιν.
1188 5050 1261 5098 ctum
1277 5041 1390 5109 martis,
1411 5040 1442 5092 t'n
1460 5055 1514 5108 quo
1532 5056 1575 5093 me
1592 5041 1708 5108 videtis,
1731 5047 1839 5094 tanetum
1858 5048 1898 5095 ast
1917 5042 2019 5094 tranm-
2041 5077 2043 5086 ›

332 5126 484 5200 Gregorius
496 5126 613 5199 Nyssen.
632 5125 660 5180 in
679 5126 797 5180 oratde
812 5131 916 5180 morte:
934 5126 1017 5179 Mors
1034 5133 1074 5180 est
1090 5127 1164 5182 velut
1187 5138 1233 5184 tiss
1264 5146 1283 5182 a
1310 5128 1430 5199 planctu
1458 5127 1500 5179 ad
1524 5128 1625 5195 msam,
1654 5144 1673 5180 a
1699 5127 1796 5182 labore
1828 5129 1870 5180 od
1895 5127 2019 5197 quietem.

333 5215 474 5283 obstiteris,
495 5221 526 5267 ut
545 5213 690 5267 advitam
708 5212 851 5266 mulierem
870 5213 1029 5268 educamur,
1061 5212 1162 5277 Quum·
1187 5216 1252 5273 Joh.
1270 5213 1397 5285 Baptista
1412 5211 1579 5270 Mantuanus
1596 5213 1644 5269 lib.
1664 5219 1688 5269 6.
1706 5211 1765 5284 syl.

332 5301 374 5356 ris
394 5301 480 5372 igitur
496 5300 526 5354 in
546 5298 718 5371 depositione
735 5298 817 5369 hujus
835 5296 1007 5353 tabernaculi
1025 5300 1162 5356 acerbitas
1607 5300 1756 5355 Vindemia
1775 5317 1851 5354 mors
1870 5307 1911 5354 est

332 5389 428 5444 mortis
455 5388 508 5459 piis
533 5387 686 5460 gratanda,
716 5393 749 5441 ut
774 5384 874 5441 infanti
898 5401 931 5440 ex
957 5392 1077 5457 angusta
1099 5388 1162 5444 alvo
1224 5385 1389 5458 spirituum,
1408 5387 1504 5440 messis
1521 5404 1596 5441 mors
1614 5394 1662 5456 est,
1681 5395 1745 5442 sunt
1762 5389 1866 5442 ltosrea
1884 5386 1965 5451 coeli,

331 5476 428 5531 matris
444 5474 475 5531 in
490 5475 564 5530 hunc
575 5474 728 5546 spatiosum
738 5472 872 5528 mnndum
894 5472 1020 5528 nascenti
1037 5474 1162 5543 pericula
1227 5473 1338 5530 Vinitor
1356 5479 1382 5527 et
1398 5488 1503 5527 messor
1522 5475 1603 5529 Deus
1621 5481 1661 5528 est
1678 5475 1791 5545 dirique
1809 5474 1939 5530 ministri.
