4104 6014
914 302 968 359 DE
993 301 1133 359 MORTE.
1828 307 1869 365 89

179 462 303 516 tmcuior
320 463 442 518 calcarit
459 464 538 518 roho
555 464 621 521 Era
643 469 691 531 63,
707 482 732 518 s.
753 469 779 520 3.
797 462 858 534 ipse
875 460 950 516 selus
967 463 1011 514 est
1034 459 1112 529 plum
1143 465 1314 516 exstruxerat
1345 465 1373 514 et
1405 474 1541 513 summum
1574 455 1732 529 pontificem
1764 453 1868 512 ibidem

175 548 344 618 propitiatio
365 567 422 619 pro
444 551 570 620 percotis
592 552 676 605 totins
699 550 800 603 mandi
828 555 850 605 1.
867 546 968 605 Johan.
985 552 1010 615 2,
1036 545 1217 602 constituerat
1254 563 1387 617 generum
1417 563 1497 601 suum
1534 544 1694 609 Manassen,
1728 542 1868 614 Jorepnus

179 652 202 689 v.
221 640 244 691 2.
263 634 322 704 ipse
338 637 535 706 purgationem
551 645 731 708 peccatoram
755 645 915 690 nostrorum
941 632 1011 698 fecit
1034 631 1082 688 lib.
1105 639 1144 687 11.
1162 633 1249 705 antiq.
1265 633 1408 704 capuit).
1446 631 1492 688 Sic
1510 647 1576 704 ergo
1594 632 1700 686 cultum
1719 630 1868 685 Samarita-

175 736 230 788 ρον
248 737 278 774 re
299 721 391 791 ipram
406 721 491 780 Hebr.
508 729 530 790 l,
548 740 574 776 v.
590 728 614 779 3.
630 739 682 779 nec
700 727 742 778 est
756 723 785 776 ia
798 721 857 776 olio
871 733 1147 803 quoquomlnorum,
1169 734 1251 790 quem
1271 721 1308 774 sd
1328 719 1463 791 templum
1480 736 1560 775 suum
1579 717 1740 773 Garizinurn
1757 724 1869 789 praeter

178 806 268 874 sulm,
301 823 353 862 nec
372 808 457 862 alind
469 826 570 862 nomen
583 812 682 864 dotum
706 809 876 876 bominibus,
907 809 937 861 ia
955 809 1064 876 quone
1081 809 1158 859 extra
1185 806 1299 861 verbum
1324 806 1490 878 alligabant,
1522 804 1646 861 defendit
1668 805 1794 874 crenwlo
1814 824 1868 877 po·

180 901 308 961 oporteat
325 895 392 948 illos
410 895 504 950 salvos
528 897 606 966 fieri,
631 898 725 953 Actor.
744 902 775 964 4,
799 912 824 950 v.
846 901 886 952 tn.
924 877 1240 961 Extraltriarcharum,
1272 892 1321 962 qui
1343 893 1373 948 in
1396 892 1450 949 isto
1482 898 1574 949 monte
1600 890 1798 957 adoraverant,
1817 891 1866 946 sed

178 979 314 1035 Christum
341 987 370 1036 et
393 981 596 1043 sanctissimum
618 983 705 1054 ipsius
729 981 856 1037 meritum
883 981 1009 1053 quisquis
1035 975 1160 1032 Christus
1177 995 1204 1032 s.
1226 983 1266 1034 23.
1293 978 1347 1050 ipsi
1364 978 1525 1050 respondet:
1550 979 1630 1032 Venit
1651 979 1723 1032 loro
1746 985 1772 1031 et
1790 994 1863 1031 aare

178 1066 295 1137 gratim
325 1067 378 1122 Dei
408 1074 437 1124 et
466 1075 642 1141 peccatorum
672 1069 859 1125 remissionem
891 1068 1008 1141 quaerit,
1035 1072 1084 1132 est,
1103 1066 1219 1133 wado
1236 1066 1298 1117 ocri
1323 1066 1491 1120 adoratores
1514 1066 1674 1121 odorabunt
1699 1064 1817 1118 Putrem
1834 1065 1865 1118 s'a

176 1153 280 1208 frustra
307 1169 370 1209 eam
398 1156 520 1227 quaerit,
552 1156 618 1227 quia
641 1156 669 1210 in
692 1154 881 1225 ⁸01010hriati
910 1155 1008 1210 merito
1034 1148 1138 1219 spiritu
1155 1158 1181 1204 et
1197 1152 1328 1217 veritate,
1354 1153 1382 1206 id
1407 1157 1450 1207 est
1473 1152 1501 1206 iu
1520 1151 1555 1210 N.
1572 1151 1606 1208 T.
1631 1151 1722 1208 cultus
1741 1150 1794 1205 Dei
1812 1167 1868 1206 non

177 1237 313 1295 beneficia
342 1240 391 1295 illa
421 1241 576 1312 spiritualia
616 1242 696 1298 unice
733 1242 893 1313 quaerenda
939 1257 1008 1305 aaa,
1035 1235 1154 1307 amplius
1172 1243 1203 1292 ut
1221 1237 1251 1292 in
1272 1238 1307 1295 V.
1333 1238 1386 1294 erit
1412 1245 1487 1295 certo
1512 1238 1624 1293 cuidam
1646 1237 1709 1293 loco
1727 1236 1866 1309 alligatus.

178 1323 292 1379 verbum
315 1326 370 1381 Dei
392 1327 482 1383 docet.
533 1327 586 1393 Qui
611 1327 742 1384 fiduciam
766 1328 876 1383 divinae
900 1328 1008 1399 gratiae
1037 1326 1060 1376 3·
1079 1320 1178 1378 Maiih·
1204 1329 1251 1387 24,
1277 1341 1303 1377 V·
1320 1330 1362 1381 23·
1386 1324 1427 1379 ait
1447 1324 1588 1380 Chrittuflt
1617 1325 1652 1380 Si
1675 1324 1738 1393 9¹⁶ss
1763 1324 1868 1377 dimit

178 1416 205 1466 et
227 1413 396 1468 remissionis
421 1420 596 1484 peccatorum
622 1414 652 1469 in
674 1414 718 1468 his
739 1414 1008 1486 peregrinationibus
1034 1408 1127 1478 vobis,
1155 1426 1216 1463 ecee
1238 1411 1283 1464 tic
1301 1420 1342 1465 eat
1362 1411 1504 1480 Christus,
1530 1428 1592 1465 ecoe
1608 1411 1682 1480 illic,
1704 1410 1791 1465 solite
1808 1427 1867 1464 cre·

177 1497 237 1552 sine
256 1497 315 1554 ulla
333 1499 515 1570 promissione
534 1501 665 1569 collocat,
688 1501 713 1555 is
729 1501 906 1573 peregrinum
924 1508 1008 1572 atque
1034 1497 1119 1565 dem
1143 1514 1168 1550 v·
1189 1502 1232 1553 26·
1255 1498 1283 1550 ei
1300 1499 1422 1553 dixerim
1440 1500 1530 1567 υοὸίε,
1555 1515 1616 1553 ⁶00⁶
1640 1499 1670 1551 io
1688 1500 1798 1551 dormo
1818 1504 1867 1562 Μ,

177 1582 298 1638 alienum
334 1585 454 1641 fiducias
492 1586 721 1656 fundamentum,
757 1588 883 1659 adeoque
923 1587 1009 1642 alium
1034 1583 1120 1637 nolite
1138 1584 1230 1653 exire,
1257 1602 1318 1640 ecee
1344 1586 1374 1639 ia
1398 1586 1608 1658 penetralibus,
1635 1583 1723 1640 nolito
1743 1585 1866 1638 medere.

178 1669 317 1725 Christum
343 1671 395 1727 sibi
424 1671 527 1728 format
551 1690 584 1728 ac
608 1673 735 1729 fabricat.
783 1675 830 1729 Sic
853 1691 919 1746 ergo
942 1690 1008 1729 con·
1035 1666 1103 1728 Luc.
1126 1675 1171 1738 17,
1197 1690 1223 1726 s.
1243 1676 1285 1727 21.
1309 1670 1345 1725 de
1371 1687 1459 1743 regno
1480 1688 1530 1725 suo
1548 1669 1652 1743 inquit:
1679 1671 1747 1724 Nou
1764 1671 1866 1734 dicem,

178 1754 331 1814 cludimus:
356 1757 595 1830 Peregrinationes
619 1759 683 1815 illae
705 1760 825 1832 gratiam
842 1761 897 1815 Dei
921 1766 950 1816 et
967 1777 1008 1814 re·
1035 1771 1097 1807 eece
1114 1755 1160 1809 bic
1177 1765 1227 1811 aot
1245 1773 1306 1811 ecoe
1325 1758 1396 1813 illie.
1443 1757 1546 1813 Sensus
1564 1766 1620 1826 est,
1647 1757 1722 1828 quod
1742 1756 1868 1813 Christus

178 1842 335 1898 missionem
362 1852 539 1915 peccatorum
573 1845 672 1902 afferre
695 1846 872 1918 judicantur,
904 1852 954 1902 aut
977 1853 1009 1901 ut
1036 1856 1098 1895 cum
1125 1857 1210 1912 regno
1243 1843 1349 1913 gratim
1376 1859 1411 1898 ac
1437 1843 1580 1900 beneficiis
1605 1843 1794 1915 spiritualibus
1812 1860 1867 1899 non

178 1932 314 2001 meritum,
333 1940 382 1987 ant
399 1939 432 1987 ut
449 1932 579 1987 medinm.
628 1934 707 1989 Prius
727 1934 782 1990 dici
804 1933 915 2005 nequit,
942 1933 1009 2005 quia
1035 1925 1072 1979 ⁸st
1096 1927 1132 1981 ed
1160 1934 1265 1983 certum
1296 1929 1416 2001 aliquem
1447 1929 1538 1984 locum
1569 1930 1715 2001 alligatum
1748 1930 1796 1986 Sed
1819 1947 1869 2001 per

177 2017 304 2072 meritum
323 2017 425 2075 Christi
451 2023 494 2075 cst
519 2020 751 2090 perfectissimum
771 2037 804 2075 ac
835 2019 1008 2076 mfficientis-
1035 2012 1269 2084 praedicationem
1287 2015 1424 2086 evangelii
1449 2015 1606 2072 hominibus
1629 2015 1734 2089 ubique
1751 2032 1785 2072 ea
1801 2015 1869 2072 offe·

177 2105 291 2173 simum,
310 2106 386 2177 quod
406 2113 564 2162 assumento
583 2114 737 2163 nostrorum
756 2108 913 2163 mmmmm
933 2107 1009 2161 nulla
1034 2104 1078 2153 rat
1095 2116 1127 2154 ac
1146 2100 1322 2158 credentibus
1343 2102 1472 2173 applicet
1504 2102 1569 2158 Jam
1585 2120 1651 2159 vero
1668 2103 1869 2175 peregrinatio·

176 2191 283 2247 ratione
301 2192 425 2263 indiget,
452 2209 542 2265 neque
565 2193 643 2248 ullibi
661 2193 691 2247 in
717 2199 775 2249 tota
795 2193 939 2263 Scriptura
960 2210 1008 2248 no·
1035 2202 1084 2240 nes
1114 2185 1279 2244 pontificiae
1308 2190 1414 2244 cultum
1446 2190 1513 2258 Dei,
1543 2189 1680 2246 beneficia
1707 2189 1809 2246 Christi
1839 2197 1868 2247 Oi

177 2278 241 2333 stris
259 2279 388 2349 operibus
409 2296 443 2334 ac
465 2279 639 2350 passionibus
656 2280 698 2335 vis
722 2280 843 2335 merendi
861 2285 911 2335 aut
929 2278 1008 2335 satis-
1034 2279 1212 2342 peecatorum
1230 2275 1418 2331 remissionem
1430 2276 1548 2348 alligant
1564 2277 1601 2332 ad
1616 2281 1724 2332 certum
1745 2276 1866 2347 aliquem

177 2363 298 2419 faciendi
313 2365 453 2422 tribuitur.
493 2365 597 2430 Quodsi
616 2383 682 2437 ergo
699 2383 734 2421 ne
752 2365 864 2437 quidem
877 2364 1008 2436 operibus
1035 2358 1133 2416 locum.
1169 2360 1244 2434 Ergo
1264 2361 1333 2418 illud
1350 2362 1436 2418 serbo
1453 2362 1507 2419 Dei
1525 2370 1554 2418 et
1571 2370 1689 2419 naturae
1707 2363 1742 2420 N.
1761 2361 1796 2419 T.
1816 2363 1866 2419 ad·

177 2448 310 2513 divinitus
330 2451 469 2506 mandatis
493 2468 527 2507 ac
547 2452 724 2523 praescriptis
746 2453 788 2506 vis
810 2452 951 2507 meritoria
974 2468 1007 2507 ac
1034 2450 1167 2503 versatur·
1210 2447 1490 2512 4·Q1180b0110fi0i8
1505 2466 1524 2505 ⁸
1541 2448 1729 2505 ⁸0100h1'itw
1746 2450 1866 2520 petendu

176 2537 361 2593 satisfactoria
384 2536 470 2592 tribui
497 2545 602 2608 potest,
634 2544 738 2608 quanto
765 2538 855 2593 miuus
887 2539 1008 2594 cultibus
1033 2546 1067 2585 tc
1081 2533 1219 2601 speranda
1247 2551 1308 2590 osse
1340 2535 1484 2608 Scriptura
1513 2536 1607 2604 docet,
1635 2552 1669 2590 ea
1687 2534 1824 2591 Pontificii
1848 2552 1866 2591 a

175 2625 302 2681 clectitiis
315 2631 426 2696 praeter
443 2630 473 2681 et
483 2631 561 2681 extra
572 2625 687 2680 verbum
702 2626 813 2697 proprio
826 2625 918 2681 cordis
935 2626 1007 2681 arbi·
1033 2619 1148 2689 stnetis,
1177 2620 1214 2675 ed
1235 2639 1352 2694 quorum
1375 2623 1505 2694 sepulcra
1522 2622 1761 2695 peregrinationes
1779 2623 1865 2679 susci-

175 2713 228 2768 trio
257 2714 407 2783 susceptis,
437 2713 472 2768 de
502 2713 603 2785 quibus
629 2713 752 2769 nondum
779 2720 901 2784 constat,
932 2714 1006 2786 quod
1034 2704 1125 2774 piunt,
1141 2706 1264 2778 pvtendss
1280 2714 1310 2764 ei
1330 2709 1470 2780 sperande
1492 2715 1708 2766 menteomni.
1752 2716 1774 2766 l.
1793 2710 1866 2769 Tim

178 2797 239 2855 Deo
256 2798 400 2870 placeant,
425 2798 493 2870 quin
516 2799 609 2870 potius
629 2799 664 2854 de
683 2798 784 2869 quibus
803 2799 947 2872 Scriptura
963 2808 1007 2857 ta-
1034 2796 1064 2860 2‚
1089 2810 1116 2847 v·
1142 2802 1172 2850 5:
1210 2795 1286 2849 Unus
1310 2797 1450 2851 orediotor
1473 2797 1533 2850 Dei
1550 2805 1576 2851 ot
1604 2797 1759 2867 bominum,
1783 2801 1864 2854 tomo

177 2890 275 2954 statur,
295 2885 370 2957 qnod
387 2883 449 2940 Deo
466 2885 639 2955 displiceant,
657 2886 794 2956 quomodo
814 2903 880 2959 ergo
892 2894 1008 2958 possunt
1034 2875 1162 2933 Uirili&
1180 2881 1273 2936 ΙΝ·
1308 2881 1394 2937 Hebr·
1414 2889 1438 2952 7,
1458 2901 1483 2938 V·
1503 2889 1551 2939 ²4²
1571 2885 1714 2939 11⁰⁶th
1733 2889 1866 2941 ⁸⁰002'd0·

175 2972 266 3026 Denm
292 2971 404 3043 placare
423 2972 473 3026 illa
496 2989 589 3043 opera,
618 2988 690 3043 quae
712 2972 766 3044 ipsi
791 2990 846 3029 non
874 2973 1006 3046 placent?
1033 2966 1133 3019 tamin
1153 2967 1252 3036 rouo,
1278 2968 1328 3037 qui
1345 2978 1438 3023 morat
1456 2971 1486 3023 in
1506 2977 1650 3025 aetnam
1667 2988 1702 3024 oc
1720 2973 1864 3041 sempiter-

175 3059 234 3115 Naa
252 3058 398 3129 posterius,
414 3057 481 3130 quia
498 3057 604 3112 nullum
626 3057 702 3112 aliud
721 3059 842 3115 madium
861 3061 1005 3131 Scriptum
1033 3071 1099 3105 amn
1118 3054 1197 3109 habet
1214 3057 1417 3121 sacerdotium,
1444 3072 1470 3112 v.
1490 3062 1532 3113 25.
1560 3059 1636 3112 unde
1655 3067 1682 3113 et
1704 3059 1817 3114 salvare
1835 3061 1865 3114 ἐπ

175 3143 312 3212 nominat,
348 3161 398 3214 per
430 3144 505 3215 qnod
536 3144 656 3200 oblatam
692 3144 720 3199 in
751 3146 836 3201 verbo
868 3148 1005 3219 evangelii
1031 3148 1196 3209 perpetuum
1215 3151 1309 3212 potest
1334 3145 1495 3199 accedentes
1514 3161 1567 3213 per
1586 3145 1678 3214 tirsum
1699 3147 1741 3200 ool
1762 3147 1864 3215 Deum,

175 3231 380 3303 pmmiuionem
416 3231 453 3287 αθ
490 3230 544 3286 Dei
576 3231 669 3302 gratia
700 3237 729 3285 et
759 3239 934 3303 peecatorum
964 3251 1007 3290 η.
1032 3244 1141 3297 seraper
1159 3229 1253 3283 meam
1275 3232 1316 3284 od
1333 3231 1573 3300 interpellandam
1587 3248 1643 3301 pro
1661 3232 1747 3288 nobb.
1788 3233 1865 3286 Neve

175 3319 305 3373 missione
321 3317 561 3388 apprehendamus
594 3334 676 3389 quam
695 3335 788 3374 veram
814 3319 843 3373 in
867 3319 1006 3377 Christum
1034 3315 1096 3382 leit
1126 3316 1262 3385 exaptat,
1284 3317 1426 3372 canaram
1455 3326 1481 3371 et
1510 3325 1621 3372 sanctor
1652 3319 1684 3372 in
1713 3319 1865 3374 collatione

174 3403 266 3461 fidem¹
1033 3400 1225 3468 spiritualium
1246 3403 1364 3458 istorum
1388 3403 1597 3469 beneficiorum,
1623 3405 1736 3459 divinoe
1758 3406 1865 3459 scilicet

56 3508 153 3550 ivano
214 3497 271 3548 129.
307 3495 333 3544 5.
359 3490 449 3545 Verbo
469 3489 528 3543 Dei
544 3498 570 3543 ct
586 3497 707 3544 amarae
726 3491 764 3547 N.
785 3493 817 3545 Τ.
836 3495 1006 3560 contrariae,
1033 3488 1143 3554 pretim
1178 3496 1204 3541 et
1237 3490 1411 3543 remissionis
1434 3498 1630 3560 peccatoram,
1666 3491 1722 3545 rios
1749 3491 1867 3548 monem

56 3560 139 3654 3:33²,
177 3578 206 3633 te
234 3578 308 3650 quoe
331 3577 424 3632 mnes
456 3577 639 3632 remouere
665 3583 764 3649 potest
815 3584 837 3634 1.
864 3578 1007 3653 ereptura
1033 3575 1365 3640 praenominatur
1381 3577 1863 3649 exernrvacuesaoon.1r,v.e=

56 3666 137 3757 &ugk
176 3670 308 3734 testatur,
331 3665 436 3719 cultum
454 3662 509 3719 Dei
534 3670 612 3718 extra
637 3670 666 3719 et
689 3671 799 3734 practer
816 3666 931 3722 verbum
950 3684 1006 3724 non
1033 3664 1121 3717 Nemo
1139 3662 1213 3715 venit
1230 3664 1271 3717 ad
1282 3663 1398 3716 Patrem
1414 3664 1473 3717 sisi
1487 3680 1542 3733 por
1559 3681 1610 3720 me.
1647 3663 1726 3721 Rom.
1749 3671 1865 3734 5,r.1:

56 3769 101 3809 aa.
176 3768 236 3807 esse
255 3750 291 3806 ad
310 3760 415 3806 certum
440 3750 561 3820 aliquem
586 3750 677 3805 locum
701 3750 879 3822 alligandum.
918 3752 951 3808 In
970 3755 1005 3812 V,
1032 3749 1193 3819 Justificoti
1210 3767 1243 3803 ea
1268 3751 1324 3812 fide
1339 3766 1441 3820 pacem
1464 3751 1596 3805 babemus
1614 3768 1683 3820 erpa
1703 3755 1796 3808 Deum
1808 3770 1864 3823 per

175 3837 286 3910 quidem
304 3837 337 3892 Τ.
367 3837 457 3892 cultus
480 3835 534 3891 Dei
556 3836 593 3891 ad
620 3836 828 3892 abemaoulum
854 3846 883 3894 ot
907 3847 1006 3910 postea
1036 3837 1180 3900 carorum,
1199 3853 1222 3892 v.
1239 3841 1260 3892 2.
1278 3855 1334 3907 rer
1351 3853 1432 3906 ouem
1449 3846 1476 3912 or
1493 3855 1634 3893 aecem
1651 3840 1781 3895 labente
1807 3842 1864 3905 fide
1939 3904 1943 3911 ,

174 3925 210 3979 ad
228 3925 361 3995 templum
382 3923 667 3994 Hierosolymitanum
693 3924 843 3979 adstrictus
860 3925 929 3995 fait,
955 3927 1004 3982 sed
1032 3925 1062 3978 io
1077 3925 1208 3993 matium.
1245 3924 1326 3979 Sicut
1345 3924 1430 3995 fides,
1450 3943 1506 3997 qua
1518 3925 1710 3999 justificamur,
1727 3927 1757 3981 in
1774 3927 1861 3982 solum

173 4010 307 4083 peculiari
348 4010 400 4066 Dei
434 4010 535 4075 serbo,
579 4010 752 4065 ordinatione
794 4027 827 4065 ac
864 4013 1004 4081 mandato,
1032 4011 1188 4080 Christum,
1213 4026 1270 4065 non
1293 4011 1322 4065 in
1352 4017 1463 4066 sanctos
1493 4013 1595 4076 fertur,-
1619 4012 1658 4067 ita
1681 4029 1792 4085 quoque
1812 4031 1863 4087 per

176 4097 261 4154 Exod
279 4103 321 4161 20,
337 4114 361 4152 v.
383 4102 425 4154 24.
443 4113 504 4168 cap.
523 4102 570 4165 23,
594 4112 621 4152 v.
643 4103 682 4153 ll.
702 4113 763 4167 cap.
782 4104 829 4167 34,
847 4116 872 4152 v.
890 4104 932 4157 23.
951 4107 1003 4156 etc.
1032 4098 1171 4156 Christum
1190 4104 1218 4152 et
1236 4115 1291 4153 non
1310 4114 1361 4168 per
1384 4104 1493 4153 sanctos
1511 4115 1653 4155 accessum
1673 4098 1807 4154 habemus
1826 4101 1863 4155 ad

177 4186 247 4240 Cum
274 4201 339 4240 vcro
363 4191 473 4256 praeter
505 4189 533 4239 et
565 4188 644 4238 extra
678 4178 791 4239 v'erbum
822 4184 1004 4241 Jeroboarnus
1031 4185 1158 4259 gratiam.
1198 4192 1221 4240 5.
1240 4185 1384 4258 Scriptura
1406 4187 1500 4256 docet,
1527 4192 1622 4243 vobim
1646 4205 1702 4242 non
1720 4189 1812 4244 minus
1829 4205 1863 4244 ac

173 4272 289 4325 eisdam
309 4289 424 4325 caream
450 4270 479 4324 in
496 4269 597 4326 Bethel
621 4269 740 4341 erigeret
770 4277 798 4325 et
816 4271 852 4325 ad
871 4271 948 4327 illum
966 4274 1004 4328 lo·
1032 4271 1197 4327 sacrificinm
1216 4278 1244 4326 et
1258 4273 1447 4343 juramentum
1467 4290 1527 4328 esse
1544 4282 1636 4328 actum
1654 4273 1796 4346 religionis
1809 4276 1861 4332 soli

175 4375 239 4412 eum
258 4356 344 4410 etvini
363 4355 455 4411 entus
473 4355 589 4410 formam
622 4354 807 4427 meningeret
834 4363 857 4413 ι.
874 4344 941 4430 neg.
965 4364 1004 4429 rr,
1032 4360 1092 4415 neo
1111 4359 1245 4415 esurium.
1281 4359 1321 4414 Ar
1338 4358 1448 4415 votivae
1467 4359 1530 4414 illae
1547 4359 1776 4432 pugnatores,
1793 4378 1864 4434 qun

174 4460 199 4495 v.
227 4448 267 4498 30.
296 4441 505 4497 ratiocinatione
531 4443 629 4512 procul
652 4441 737 4497 dubio
761 4459 827 4496 usrrs
852 4460 901 4509 ea,
930 4445 1005 4516 quod
1031 4445 1214 4517 superstitiosi
1236 4445 1264 4500 in
1281 4452 1387 4518 papatu
1412 4446 1581 4516 suscipiunt,
1605 4446 1768 4519 plerumque
1792 4447 1864 4504 liunt

173 4528 249 4584 Deus
268 4529 376 4585 «Iacobo
391 4527 565 4599 patriarchae
582 4528 611 4582 in
628 4527 707 4582 Lura
725 4528 783 4583 eive
800 4528 900 4585 Betbel
918 4547 1002 4602 appa·
1031 4549 1064 4586 ex
1082 4538 1147 4587 voto
1164 4536 1240 4587 certo
1257 4531 1342 4586 alicui
1360 4538 1456 4588 sancto
1475 4540 1643 4604 nuncupato.
1680 4540 1704 4590 e.
1722 4533 1864 4608 Religiosa

174 4615 274 4670 ruisset
297 4614 369 4670 Gen.
390 4620 438 4684 28,
462 4633 487 4669 s.
511 4620 548 4670 19.
567 4615 719 4686 prophetae
737 4614 807 4669 illud
827 4616 919 4687 ipsum
939 4635 1004 4687 gra·
1031 4617 1156 4672 adoratio
1174 4623 1330 4672 sanctorum
1353 4625 1462 4690 pugnat
1479 4635 1542 4673 cum
1563 4620 1649 4677 verbo
1665 4621 1734 4692 Dei,
1763 4628 1796 4677 ut
1812 4639 1862 4677 suo

174 4702 244 4757 viter
263 4708 394 4764 taxarunt
410 4718 441 4756 ac
467 4702 556 4756 locum
581 4701 769 4773 appellatione
791 4701 839 4758 illa
859 4702 1004 4776 indignam
1031 4705 1091 4759 loco
1110 4703 1220 4775 plenius
1247 4704 1398 4759 docebitur.
1442 4705 1507 4760 Jam
1532 4722 1597 4762 vero
1626 4707 1863 4780 peregrinationes

170 4789 328 4861 judicantes
354 4804 405 4858 pro
430 4787 530 4843 Bethel
557 4795 692 4844 vocarunt
709 4788 866 4858 Bethssen,
895 4791 960 4846 Hos.
979 4797 1004 4857 4,
1031 4790 1066 4845 ad
1084 4791 1147 4845 loca
1171 4798 1329 4845 sanctorum
1356 4797 1501 4861 susceptae
1527 4792 1600 4848 hunc
1624 4792 1707 4849 finem
1726 4795 1780 4850 sibi
1798 4813 1860 4866 pro·

173 4893 198 4928 v.
220 4880 259 4930 15.
292 4892 351 4947 cap.
372 4882 417 4943 10,
441 4890 467 4929 v.
488 4881 511 4928 5.
558 4880 583 4930 2.
603 4875 673 4930 Cum
697 4876 792 4946 primis
807 4893 872 4932 vero
890 4886 1006 4935 naturae
1030 4875 1151 4948 positum
1182 4875 1300 4944 habent,
1328 4882 1360 4931 ut
1389 4877 1479 4933 sancti
1503 4878 1533 4934 in
1563 4879 1618 4935 illis
1642 4881 1709 4936 locis
1735 4881 1862 4953 religiose

173 4961 208 5018 N.
226 4962 259 5017 T.
278 4965 431 5034 repugnat,
450 4965 598 5032 postquam
617 4960 724 5034 figurae
742 4969 771 5018 ct
789 4961 902 5019 umbrae
921 4965 955 5022 V.
971 4966 1004 5020 Τ.
1031 4964 1180 5018 adorentur
1199 4967 1228 5018 et
1245 4963 1414 5020 invocentur.
1448 4964 1523 5037 Ergo
1542 4966 1576 5021 de
1594 4966 1862 5038 peregrinationibus
1976 5008 1980 5017 .

174 5048 300 5104 sublatae
320 5054 394 5119 sunt,
411 5047 516 5103 cultum
529 5046 583 5101 Dei
603 5048 639 5102 ad
652 5056 757 5103 certum
775 5049 896 5122 aliquem
913 5052 1004 5106 locum
1031 5058 1163 5122 tanquam
1181 5047 1278 5104 mediis
1297 5048 1370 5104 idem
1385 5050 1588 5121 judicandum,
1606 5053 1682 5124 quod
1701 5053 1737 5109 de
1753 5060 1861 5110 sancto·

174 5135 246 5192 velle
270 5135 400 5206 alligare,
426 5135 507 5207 quasi
535 5133 612 5189 Deus
644 5135 673 5188 in
698 5143 774 5191 certo
798 5136 918 5207 quodam
945 5139 1005 5195 loco
1032 5154 1092 5191 rum
1126 5135 1300 5191 invocatione
1334 5142 1467 5208 tanquam
1502 5136 1557 5193 fine
1589 5140 1671 5208 juxta
1703 5137 1862 5212 Scripturse

175 5223 257 5279 citius
275 5223 404 5278 exandiat
421 5221 571 5294 aclargius
585 5219 720 5277 beneficia
735 5222 860 5278 conferat
875 5241 958 5296 quam
975 5226 1007 5282 in
1030 5226 1154 5278 normam
1181 5222 1320 5279 statuitur.
1367 5229 1391 5280 7.
1423 5223 1566 5295 Scriptura
1598 5225 1693 5295 docet,
1723 5227 1861 5283 neminem

175 5309 239 5364 alio.
276 5309 341 5367 Joh.
359 5317 386 5378 t,
403 5327 429 5366 v.
448 5316 489 5367 20.
519 5307 693 5364 Samaritana
710 5309 746 5362 ad
765 5308 904 5365 Christum
922 5311 1006 5367 dicit.-
1031 5310 1131 5367 debere
1148 5313 1251 5364 temere
1269 5325 1346 5363 suam
1364 5309 1537 5366 vocationem
1555 5310 1697 5376 deserere,
1712 5306 1763 5366 sed
1780 5313 1809 5368 in
1828 5331 1862 5371 aa

56 5409 100 5451 tlt
116 5407 161 5452 tto.
175 5397 280 5450 Patres
314 5397 406 5449 nostri
434 5399 624 5452 moverant
655 5394 685 5447 in
720 5395 771 5449 boc
801 5403 892 5450 monte
923 5388 1124 5475 (putaJpotius
1144 5411 1254 5450 manere
1271 5411 1306 5450 ac
1325 5397 1467 5468 proximo,
1485 5397 1530 5451 cui
1550 5397 1594 5452 vel
1608 5404 1723 5453 naturam
1740 5399 1859 5470 vinculo,

175 5481 306 5548 Gariain,
342 5480 371 5534 in
404 5497 459 5552 quo
486 5480 666 5538 sanaballeta
695 5478 835 5536 Chatacus
871 5483 1076 5552 parmissnlvel
1102 5481 1243 5553 conjugali
1271 5482 1409 5538 consortio
1439 5482 1588 5538 obstrictus
1620 5490 1675 5555 est,
1710 5502 1760 5556 pro
1787 5486 1860 5542 virili

174 5565 327 5623 aanor
347 5565 506 5624 uranon·
530 5572 596 5639 poa
618 5565 762 5623 aemam
780 5566 912 5624 annm
938 5534 1172 5629 tem-laeana.
1219 5567 1321 5624 anm.
1340 5573 1389 5639 a,
1417 5587 1443 5624 v.
1463 5577 1496 5627 r:
1528 5571 1589 5627 rae
1607 5571 1755 5628 anem
1772 5581 1798 5629 a
1816 5574 1860 5628 a·
