4104 6014
162 317 223 376 296
749 308 873 367 Locus
890 304 1096 363 wensinus
1118 309 1267 368 SEXTUS

161 466 320 530 trmuferre
347 467 389 519 od
406 470 531 531 sandes,
551 464 633 536 :sicut
657 467 699 520 od
725 481 774 520 eos
795 462 999 534 transferimus
1025 460 1120 516 Deum
1144 464 1306 519 immediate
1333 465 1458 535 accedit,
1486 473 1517 519 ut
1543 464 1678 522 (sirim.
1725 461 1860 520 Claudiae

161 568 262 605 nomen
283 551 418 607 acloocati
443 559 471 605 et
486 551 694 620 intercessoris,
721 566 794 620 prece
814 550 925 605 Obrs'sto
948 548 998 602 tri·
1024 546 1202 618 Espeucaeus
1232 549 1378 622 episcopus
1407 550 1437 605 in
1465 552 1584 622 append.
1610 568 1708 607 comm.
1738 555 1758 607 1.
1785 547 1859 606 Tim.

88 648 93 657 ‘
164 637 285 690 buanmr
316 638 397 693 Rern.
415 639 439 689 8.
488 640 513 690 1.
536 637 603 690 Jot.
629 639 656 692 2.
682 653 744 690 com
773 636 858 690 edom
885 637 999 704 Mopso
1025 637 1105 689 tract
1124 635 1159 690 dc
1180 633 1291 690 Christo
1308 636 1461 692 mediatore
1482 653 1505 693 e.
1526 643 1560 693 9:
1586 637 1647 692 Per
1669 636 1752 692 mum
1770 633 1859 702 (chri-

162 724 277 778 dicatur
294 723 434 789 mediator
451 723 539 779 Deut.
559 726 585 776 t.
614 720 682 776 Gal.
703 724 731 776 3.
755 722 841 780 Hebr.
861 725 887 777 9.
913 728 941 776 et
955 724 999 776 12.
1025 721 1109 788 dum)
1129 728 1156 775 et
1169 722 1281 776 unicam
1297 731 1328 776 et
1347 723 1439 778 solum
1456 724 1640 778 mediatorem
1653 723 1713 777 Dei
1730 729 1756 776 et
1774 721 1860 775 bossi-

162 813 190 865 2.
212 811 285 874 Quia
304 810 434 866 Obristus
456 826 513 863 non
538 808 630 864 solum
655 815 697 863 est
721 808 863 863 mediator
886 809 998 862 ratione
1024 823 1090 859 uum
1109 807 1262 863 ommioues
1286 815 1313 862 et
1332 824 1433 879 preces
1454 818 1570 864 nostrae
1592 816 1658 863 sunt
1676 808 1861 876 mandibiles,

162 897 271 966 officii,
304 897 373 966 quia
399 895 533 950 conciliat
555 896 650 948 Deum
680 894 801 959 bomini,
833 897 886 948 sed
914 894 999 948 etiam
1025 891 1101 962 quod
1120 893 1221 964 probat
1239 910 1274 949 ex
1290 895 1383 950 verbis
1396 894 1473 952 Petri
1495 902 1517 954 1.
1534 912 1578 968 ep.
1599 901 1630 962 2,
1649 912 1676 950 v.
1696 902 1720 951 5.
1738 910 1861 951 meren·

161 985 274 1038 ratione
291 991 425 1049 naturas,
454 981 524 1052 quia
551 990 593 1036 est
622 982 733 1036 medius
762 982 835 1036 inter
853 982 948 1035 Deum
972 988 998 1034 et
1024 976 1069 1042 tis,
1086 979 1234 1034 ecclesiam
1248 997 1306 1035 esse
1323 983 1436 1035 domem
1453 982 1645 1051 spiritualem,
1668 981 1862 1036 sacerdotium

162 1070 313 1137 bominem,
341 1068 483 1139 cumipse
502 1074 528 1122 et
546 1069 625 1122 Deus
651 1074 678 1121 et
696 1067 846 1135 domarit,
870 1067 904 1120 id
921 1067 1001 1135 quod
1025 1072 1153 1119 sunctum
1191 1069 1232 1120 ad
1263 1069 1437 1138 offerendum
1464 1070 1528 1123 Deo
1556 1068 1723 1145 spirituales
1752 1067 1861 1122 baetim

162 1161 227 1209 erat
244 1154 431 1208 necessarium
449 1155 492 1208 ad
512 1153 755 1209 reconciliandum
773 1153 910 1206 bominem
927 1157 997 1206 Deo.
1024 1153 1210 1220 acceptabiles
1219 1170 1272 1224 per
1286 1155 1437 1210 cbristum.
1468 1155 1532 1212 281
1546 1155 1635 1210 solum
1648 1154 1789 1210 Christum
1800 1169 1861 1210 esse

161 1243 189 1297 3.
216 1241 290 1304 Quia
314 1240 394 1295 solus
420 1240 547 1296 Obruta
571 1240 615 1294 ita
642 1245 685 1293 est
707 1239 849 1293 mediator
875 1237 998 1292 omnium
1025 1238 1209 1293 mediatorem
1225 1242 1408 1295 redemtionis
1422 1258 1456 1296 ex
1472 1239 1716 1298 animoPoutitieii
1733 1239 1860 1303 creduut,

162 1325 316 1394 bominum,
339 1332 370 1380 ut
389 1325 450 1395 ipse
469 1326 550 1380 nullo
569 1326 724 1380 mediatore
749 1326 884 1396 indioeat.
922 1324 999 1378 Nam
1024 1339 1075 1378 our
1093 1339 1161 1395 ergo
1178 1325 1296 1381 Marium
1315 1326 1343 1380 iu
1364 1343 1447 1398 opere
1464 1324 1642 1382 redemtionis
1660 1325 1763 1382 Christi
1780 1325 1861 1396 adju·

162 1413 255 1468 scncti
276 1412 363 1467 ceteri
387 1411 441 1465 etsi
463 1412 636 1466 mediatores
665 1418 731 1466 sunt
758 1411 833 1466 inter
860 1412 955 1464 Deam
974 1416 999 1463 et
1024 1407 1123 1464 tricem
1147 1415 1287 1480 statuunt,
1317 1418 1349 1468 ut
1374 1412 1501 1483 superius
1527 1413 1667 1468 vidimus?
1691 1429 1741 1468 cur
1763 1411 1862 1467 merito

162 1517 222 1570 nos,
241 1500 310 1571 quia
329 1503 421 1553 mum
439 1499 499 1552 mis
520 1498 650 1568 precibus
667 1498 747 1552 nobis
760 1497 919 1567 propitium
935 1496 999 1550 red·
1026 1491 1128 1549 christi
1148 1497 1324 1568 conjungant
1341 1499 1440 1553 merita
1459 1504 1618 1554 sanctornm
1635 1504 1665 1554 et
1682 1503 1810 1569 sperent,
1831 1513 1862 1553 to

163 1589 249 1657 dunt,·
272 1594 364 1640 mmm
386 1592 413 1638 et
439 1584 497 1654 ipsi
519 1584 703 1655 indipuemsnt
727 1582 912 1638 reconciliari
934 1583 1000 1636 Deo
1025 1597 1081 1635 non
1100 1581 1190 1635 solum
1209 1582 1419 1654 intercessione,
1445 1585 1495 1639 sed
1519 1591 1548 1641 et
1573 1584 1678 1641 meritis
1702 1589 1862 1639 sauctorum

158 1690 216 1744 per
231 1672 416 1727 mediatorem
436 1671 594 1735 Christum,
620 1678 645 1725 et
663 1671 842 1726 nuncetiam
859 1668 1001 1738 quidquod
1025 1664 1101 1737 apud
1121 1667 1211 1721 Deum
1230 1668 1343 1738 juvari?
1381 1686 1431 1725 cur
1458 1670 1589 1743 operibns
1611 1669 1863 1744 supererogationis

82 1757 83 1760 ’
162 1759 243 1814 nabat
261 1759 423 1829 impetrant,
445 1774 500 1828 per
522 1757 662 1813 mentun
681 1755 845 1828 impetrant,
871 1753 1000 1810 Obristsss
1026 1768 1044 1806 a
1071 1753 1176 1807 sanetis
1205 1754 1345 1824 praestitis
1375 1756 1520 1812 confidunt
1548 1774 1581 1813 ac
1611 1763 1724 1829 propter
1750 1756 1801 1812 illa
1831 1773 1863 1813 se

163 1853 254 1901 autem
272 1861 321 1899 nec
341 1862 398 1917 pro
415 1861 459 1914 sc,
486 1859 537 1898 nec
563 1860 619 1913 pro
647 1841 728 1897 nobis
756 1841 817 1896 ullo
842 1840 1001 1895 mediatore
1026 1837 1150 1893 exaudiri
1171 1840 1306 1910 sperent?
1336 1846 1359 1897 3.
1381 1842 1460 1898 Sicut
1476 1862 1549 1898 unus
1568 1852 1610 1898 est
1626 1846 1716 1913 Deus,
1736 1843 1777 1899 ita
1795 1860 1863 1916 quo·

163 1932 287 2001 iadipuit
305 1930 350 1985 rel
365 1931 481 2001 indipet,
500 1929 678 1999 sedjoecedit
690 1945 745 1999 per
758 1935 842 1984 semet
855 1929 947 1998 ipsum
959 1928 1001 1980 ad
1028 1941 1082 1995 que
1100 1942 1172 1980 unus
1190 1927 1332 1981 mediator
1352 1930 1410 1982 Dei
1427 1939 1453 1984 et
1471 1931 1614 1984 bominum
1634 1936 1657 1988 1.
1669 1928 1740 1984 'rim
1754 1935 1779 1995 2,
1797 1947 1822 1984 v.
1837 1935 1862 1987 t.

164 2020 259 2072 Deum
276 2033 384 2087 comper
403 2017 496 2071 sionis
522 2017 564 2069 ad
586 2015 827 2085 interpellandum
847 2030 904 2084 pro
920 2013 999 2068 nobis
1027 2017 1050 2066 5.
1061 2011 1102 2065 At
1112 2010 1190 2065 Deus
1203 2011 1266 2067 ideo
1275 2030 1346 2068 nnus
1355 2020 1406 2082 est,
1421 2032 1477 2070 nou
1489 2015 1863 2087 quisDeusalinsestprin·

164 2105 233 2161 Heb.
255 2109 278 2159 7.
320 2102 425 2159 Eadem
445 2101 625 2157 distinctione
650 2105 766 2156 utuntur
785 2099 833 2155 alii
851 2098 999 2155 Pontificii.
1026 2097 1142 2166 cipalis,
1175 2096 1247 2152 elius
1276 2102 1477 2171 secundarius,
1510 2102 1559 2158 sed
1582 2103 1651 2174 quia
1673 2102 1747 2157 solus
1769 2107 1863 2158 estet

126 2200 130 2207 '
163 2190 264 2246 Eccius
282 2189 311 2244 in
329 2189 432 2246 enchir.
453 2205 476 2244 c.
499 2194 538 2245 15.
559 2186 708 2259 distinguit
727 2187 798 2242 inter
815 2186 1000 2240 mediatorem
1025 2199 1140 2239 numero
1158 2200 1230 2238 unns
1242 2183 1319 2239 Deus
1336 2193 1585 2257 necpraetereum
1606 2187 1863 2245 mossumssdus.

163 2277 347 2333 redemtionis
371 2285 399 2331 et
416 2275 634 2342 intercessionis,
658 2290 692 2328 ac
712 2279 822 2328 sanctos
838 2277 924 2344 negat
940 2288 1001 2328 esse
1026 2269 1101 2341 Ergo
1115 2270 1199 2325 etiam
1222 2271 1358 2327 mediator
1374 2272 1428 2329 Dei
1452 2281 1481 2330 et
1496 2274 1638 2330 hominum
1664 2275 1704 2330 ita
1720 2292 1794 2331 unus
1812 2283 1863 2345 est

167 2364 334 2421 mediatores
367 2361 559 2427 redemtionis,
588 2360 637 2416 sed
656 2364 764 2415 tantum
790 2358 1000 2414 intercessionis.
1027 2372 1083 2409 uon
1102 2363 1134 2411 ut
1152 2356 1224 2411 alins
1242 2356 1280 2412 sit
1299 2358 1474 2430 principalis,
1499 2361 1547 2416 alii
1569 2361 1739 2433 secundarii,
1763 2361 1813 2417 ssd
1831 2365 1865 2417 ut

165 2449 352 2510 Selmeronias
371 2453 436 2504 tom.
452 2454 489 2505 16.
508 2463 606 2505 comm.
626 2446 655 2501 in
673 2451 693 2504 1.
707 2445 771 2501 boh.
793 2462 821 2516 p.
838 2450 899 2502 let:
921 2446 1001 2499 Dici·
1028 2440 1104 2497 solus
1137 2441 1175 2497 sit
1203 2443 1340 2500 mediator
1366 2450 1395 2500 et
1424 2453 1534 2516 praeter
1564 2463 1628 2503 eum
1659 2446 1752 2503 nullas
1784 2447 1863 2505 aiios.

164 2558 235 2610 mus,
253 2538 325 2592 bunc
343 2538 510 2591 aduocatum
529 2534 605 2589 alios
622 2550 679 2587 non
700 2533 849 2587 mclaedas
866 2540 1001 2601 tanquam
1029 2533 1055 2583 4.
1073 2529 1222 2584 Mediator
1249 2530 1457 2586 intercessionis
1481 2533 1509 2588 in
1534 2535 1620 2590 sacris
1642 2534 1729 2590 literis
1752 2533 1794 2590 sic
1816 2534 1864 2590 de·

13 2625 92 2671 xvm.
108 2626 307 2689 ttttnotdnn,
337 2624 390 2678 sed
415 2621 512 2692 potius
543 2620 697 2674 includere.
741 2616 855 2676 Saurea
883 2623 948 2673 tom.
978 2623 1002 2674 1.
1029 2613 1172 2686 scribitur,
1198 2615 1273 2686 quod
1299 2617 1406 2674 ratione
1425 2636 1560 2690 personas
1578 2627 1606 2677 et
1624 2619 1709 2676 officii
1727 2621 1764 2676 sit
1782 2619 1864 2675 teris-

153 2728 262 2769 ·oomm.
281 2708 417 2765 iu'l'hom
435 2707 464 2762 in
480 2705 537 2762 fine
553 2723 580 2778 q.
600 2710 643 2774 21,
660 2708 712 2760 art.
728 2710 755 2762 1:
773 2704 907 2767 Quamvis
925 2705 1003 2761 solus
1028 2710 1152 2777 eponae,
1171 2703 1243 2759 inter
1261 2704 1353 2760 Deum
1372 2710 1401 2761 et
1418 2705 1543 2762 homines
1562 2706 1677 2777 medias,
1701 2705 1864 2765 t.'1¹imoth.

168 2797 294 2852 Obristrss
318 2797 356 2850 sit
375 2811 430 2865 per
454 2809 486 2849 se
503 2793 646 2847 mediator
667 2791 841 2861 praempuus
859 2790 933 2845 inter
949 2809 1002 2846 nos
1028 2794 1053 2854 2,
1071 2807 1098 2843 v.
1118 2794 1143 2846 t.
1162 2788 1286 2860 perfecte
1303 2792 1397 2860 iustam
1424 2798 1446 2848 1.
1464 2793 1530 2851 lah.
1546 2800 1577 2864 2,
1595 2812 1621 2851 v.
1641 2799 1664 2851 1.
1686 2793 1735 2866 qui
1753 2811 1863 2865 purpa-
1978 2830 1983 2839 -

164 2892 193 2938 et
221 2884 332 2952 Deum,
362 2880 544 2936 nibilominus
575 2877 668 2933 sancti
695 2877 820 2932 bomimc
852 2885 878 2932 et
906 2879 1004 2946 ampeli
1027 2875 1130 2930 tionem
1145 2884 1328 2946 peccatorum
1350 2886 1511 2936 nostrorum
1534 2880 1637 2942 smerit
1654 2881 1864 2951 perseipsum

163 2973 288 3040 quodam
311 2971 397 3023 modo
414 2973 480 3022 sunt
498 2965 683 3036 mediatores,
712 2971 805 3018 tamen
826 2980 883 3035 per
909 2965 1002 3033 ipsum
1026 2960 1113 3017 Hebr.
1134 2968 1156 3029 1,
1175 2980 1202 3020 v.
1221 2968 1245 3019 3.
1265 2965 1315 3033 poi
1331 2966 1442 3020 dederit
1460 2981 1491 3019 se
1507 2967 1596 3035 iprum
1612 2967 1739 3035 pretinm
1755 2969 1864 3021 redorn-

165 3058 316 3113 Obristum
356 3055 485 3110 Beeanus
515 3051 551 3107 de
573 3051 664 3107 invoc.
688 3055 777 3107 sanct
799 3068 827 3121 p.
845 3056 894 3107 94:
921 3049 1002 3104 Obri·
1025 3051 1111 3106 tionis
1125 3068 1181 3121 pro
1199 3051 1325 3105 omnibus
1340 3056 1364 3109 1.
1377 3052 1449 3108 Tim.
1462 3058 1487 3118 2,
1502 3070 1529 3111 v.
1541 3058 1565 3108 6.
1578 3052 1626 3124 qui
1643 3053 1681 3108 sit
1693 3053 1864 3124 propitiatio
1909 3087 1915 3099 ·

163 3151 222 3198 sttss
246 3142 353 3197 dicitur
375 3140 475 3194 anton
501 3138 656 3201 mediator,
683 3155 739 3191 non
763 3137 831 3205 pain
851 3137 930 3191 solus
953 3145 1002 3204 est,
1023 3153 1080 3206 pro
1098 3138 1182 3191 totius
1199 3139 1300 3192 mnndi
1312 3139 1440 3208 peccatis
1470 3145 1491 3196 1.
1511 3138 1575 3195 doh.
1595 3144 1624 3208 2,
1656 3156 1683 3194 v.
1703 3145 1726 3196 2.
1752 3139 1802 3212 qui
1827 3141 1865 3197 sit

162 3231 215 3283 sed
240 3228 309 3299 quia
334 3224 510 3296 principalis
539 3226 595 3292 eet,
621 3223 713 3276 sancti
738 3229 804 3276 sunt
831 3222 1002 3276 mediatores
1026 3223 1056 3277 in
1075 3224 1215 3294 omnibses,
1233 3224 1332 3294 ossibus
1351 3242 1403 3278 nos
1422 3232 1571 3295 tentam,
1591 3226 1676 3280 etiam
1693 3226 1757 3296 ipse
1773 3233 1863 3280 tentm

161 3314 336 3370 secundarii.
380 3311 438 3366 Alii
457 3309 635 3380 distinguunt
658 3308 733 3363 inter
749 3308 933 3363 mediatorem
951 3307 1001 3361 im·
1027 3317 1086 3375 tiss,
1120 3318 1234 3380 eccepto
1260 3319 1381 3381 peccato
1411 3318 1437 3364 et
1468 3312 1534 3366 binc
1558 3328 1641 3366 sensu
1668 3311 1864 3376 infirmitatum

163 3403 325 3469 mediatum,
343 3416 426 3471 quem
444 3394 603 3451 concedunt
621 3411 681 3450 esse
697 3393 786 3449 solum
807 3392 956 3460 Christum,
974 3398 1002 3448 et
1027 3405 1187 3450 nostrornm
1201 3397 1295 3469 possit
1313 3397 1399 3467 affici
1414 3396 1584 3462 Hennes.
1601 3404 1640 3453 15.
1657 3404 1763 3470 capt,
1783 3405 1864 3457 ι18.

165 3489 338 3543 mediatores
366 3485 520 3553 mediatos,
553 3498 623 3554 qnos
648 3480 746 3535 dicunt
769 3497 830 3535 esse
855 3478 1001 3535 defunctos
1027 3500 1106 3554 poem
1137 3485 1300 3538 sacerdotes
1342 3483 1372 3540 V.
1406 3484 1438 3541 Τ.
1465 3485 1708 3554 praefipurarint,
1744 3500 1864 3554 mortem

163 3579 281 3642 sanctos,
300 3588 383 3645 quam
398 3568 604 3625 distinctionem
623 3567 706 3621 etiarn
721 3565 803 3621 affert
816 3565 1001 3622 Bellarminus
1026 3588 1126 3625 mansas
1140 3571 1293 3641 proprium
1304 3571 1356 3624 boc
1374 3577 1444 3635 crat,
1462 3579 1494 3624 ut
1511 3572 1718 3627 intmcoderent
1731 3590 1788 3644 pra
1803 3573 1864 3628 suis

162 3677 186 3717 e.
208 3666 246 3716 16.
265 3657 294 3734 ξ.
318 3657 425 3729 penult
468 3652 695 3726 Respondemus:
722 3658 743 3708 1.
763 3651 876 3723 quidam
900 3669 932 3707 ex
958 3669 1001 3708 se·
1027 3665 1053 3712 et
1064 3657 1170 3727 populi
1184 3658 1310 3727 peccatis
1328 3656 1413 3714 Hebr.
1434 3665 1459 3728 t,
1476 3676 1501 3715 v.
1524 3666 1546 3716 1.
1561 3675 1585 3715 c.
1605 3665 1630 3729 8,
1648 3677 1674 3713 r.
1690 3664 1715 3715 8.
1730 3660 1781 3728 qui
1797 3660 1863 3715 ideo

162 3746 286 3802 nioribus
315 3743 470 3800 Pontificiis
505 3745 675 3814 agnoscunt,
708 3747 821 3795 sanctos
850 3740 1000 3806 defunctos
1025 3745 1055 3798 in
1075 3744 1183 3798 coelum
1202 3745 1383 3799 adscenderit
1408 3753 1434 3799 et
1452 3747 1494 3800 ad
1509 3747 1642 3801 deutrum
1656 3745 1716 3801 Dei
1731 3749 1863 3801 consede

158 3833 277 3906 proprie
297 3849 353 3887 non
368 3847 455 3900 posse
474 3829 534 3882 dici
550 3827 720 3882 mediatores
733 3826 795 3880 Dei
807 3834 833 3880 et
851 3827 1000 3895 bominmn,
1025 3830 1073 3895 rit,
1094 3838 1124 3884 ut
1140 3831 1233 3885 nullm
1249 3831 1308 3885 Dei
1322 3833 1477 3902 pronubis
1497 3839 1652 3903 appareret
1667 3840 1695 3887 et
1709 3849 1764 3903 pro
1782 3834 1864 3887 nobis

162 3937 227 3975 oum
252 3917 395 3990 apostolus
425 3931 553 3986 expresse
580 3913 667 3968 dicat:
694 3913 770 3967 Unus
790 3920 832 3968 est
860 3913 1001 3967 mediator
1026 3917 1391 3989 emmerammensis.
1411 3923 1452 3977 34.
1470 3919 1557 3974 Hebr.
1576 3924 1601 3984 8,
1616 3936 1642 3976 v.
1659 3925 1681 3975 1.
1700 3936 1724 3977 e.
1741 3925 1765 3988 11,
1777 3935 1803 3975 v.
1818 3925 1860 3977 21.

137 4037 139 4041 -
162 4006 223 4061 Dei
230 4014 257 4061 et
266 4005 416 4070 bominum,
429 4002 509 4057 bomo
522 4001 649 4058 aanor
658 4001 751 4055 Jesus.
782 3998 1000 4056 Jonflsnslim
1025 4004 1075 4074 qni
1091 4005 1128 4058 sit
1139 4005 1273 4074 pontifea
1290 4012 1386 4060 nomer
1406 4023 1538 4074 mapnus,
1556 4005 1606 4075 pai
1622 4005 1715 4060 coelos
1729 4013 1862 4076 penetra-

162 4092 301 4164 professor
318 4087 500 4147 Lovemensis
527 4090 619 4160 (quem
638 4086 786 4157 Philippus
805 4103 853 4141 rex
872 4085 947 4141 misit
962 4086 999 4141 ad
1023 4091 1093 4146 serit
1121 4089 1208 4147 Hebr.
1226 4097 1257 4158 1,
1288 4108 1314 4147 s.
1334 4096 1376 4146 25.
1400 4108 1456 4161 per
1485 4108 1565 4161 ouem
1587 4108 1688 4163 pacem
1709 4093 1862 4146 babeamus

162 4178 310 4235 concilium
329 4175 524 4232 'tridentinum
545 4190 683 4246 quemque
701 4172 766 4229 Joh.
787 4171 917 4227 Molauns
935 4188 999 4227 een·
1024 4179 1105 4248 apud
1122 4178 1216 4231 Deum
1234 4177 1314 4232 Rom.
1335 4185 1366 4247 5,
1388 4195 1414 4231 v.
1438 4184 1459 4234 1.
1480 4195 1536 4250 per
1561 4192 1640 4248 quem
1659 4186 1760 4249 pateat
1780 4181 1862 4234 nobis
1874 4197 1951 4240 xmt.
1968 4196 1988 4240 ¹1

162 4283 208 4322 sor
230 4263 326 4337 regius
352 4269 381 4318 et
406 4262 575 4334 apostolicus
600 4259 774 4332 praefatione
801 4259 831 4313 iu
854 4275 998 4313 censuram
1025 4264 1121 4318 aditus
1138 4266 1179 4317 ad
1197 4266 1289 4318 Deum
1307 4263 1386 4321 Rom.
1406 4269 1437 4333 5,
1460 4281 1487 4321 r.
1508 4269 1531 4320 2.
1558 4263 1628 4335 Eph.
1648 4269 1679 4330 3,
1702 4282 1728 4320 v.
1752 4271 1791 4321 12.
1812 4268 1862 4336 pm'

161 4349 281 4406 Hesselii
301 4349 437 4420 pietatis,
464 4345 649 4420 prudentiae,
678 4345 733 4399 seli
753 4361 809 4414 pro
835 4346 917 4399 domo
941 4346 1001 4399 Dei
1022 4357 1179 4419 propterea
1207 4352 1285 4419 meod
1316 4351 1346 4405 in
1382 4358 1526 4404 aeternum
1555 4359 1660 4415 manet,
1692 4359 1862 4421 perpetrm

162 4437 339 4505 aliorumque
358 4436 490 4490 uirtutum
509 4433 619 4487 nomino
644 4429 822 4502 singulariter
839 4430 949 4499 laudm)
969 4431 998 4485 in
1023 4436 1125 4490 babeat
1151 4437 1341 4491 sacerdotium
1369 4434 1565 4512 ἀπαράβατον,
1595 4439 1674 4507 meod
1690 4454 1748 4491 non
1766 4444 1860 4492 trans·

161 4539 261 4579 comm.
291 4527 314 4580 1.
340 4519 412 4575 Tim.
445 4525 471 4576 2.
501 4518 541 4573 sic
573 4517 682 4573 scribit:
715 4518 757 4572 Ob
788 4533 850 4599 eam
883 4533 998 4572 causam
1022 4530 1070 4577 eat
1088 4524 1129 4576 ad
1154 4523 1243 4589 alios,
1265 4526 1341 4577 unde
1365 4525 1407 4576 ad
1426 4524 1541 4591 plenum
1558 4531 1586 4576 et
1600 4524 1728 4593 perfecte
1744 4523 1860 4579 sulcare

164 4609 292 4667 otrtsm
312 4608 418 4662 dicitur
442 4607 582 4661 mediator
606 4606 666 4660 Dei
692 4611 720 4659 et
746 4604 903 4674 bominum,
928 4605 998 4670 maia
1019 4615 1125 4678 potest,
1147 4610 1198 4678 qui
1213 4625 1269 4679 per
1294 4611 1387 4679 speum
1409 4611 1450 4662 ad
1468 4611 1560 4663 Deum
1577 4611 1722 4674 camdem,
1747 4625 1858 4680 semper

162 4700 255 4751 Deum
277 4693 435 4749 bominibus
460 4693 627 4747 reconciliat
649 4692 797 4762 placando
824 4707 886 4745 eum
911 4707 998 4762 super
1022 4693 1129 4761 cicens,
1157 4702 1189 4748 ut
1204 4695 1363 4764 interpollet
1386 4711 1443 4765 pro
1469 4694 1507 4748 iis
1530 4693 1618 4751 Hebr.
1637 4701 1665 4762 1,
1692 4711 1718 4749 v.
1739 4702 1779 4752 21.
1805 4712 1861 4767 per

158 4782 284 4854 peccatis
310 4779 464 4836 commissis
493 4785 521 4832 et
548 4779 727 4849 impetrando
757 4778 837 4831 nobis
865 4777 998 4850 spiritam
1023 4794 1104 4849 quem
1124 4780 1239 4833 assidue
1265 4781 1366 4851 offerre
1385 4797 1536 4852 persumme
1558 4781 1729 4851 sacrificium
1753 4782 1860 4849 modis,

164 4870 353 4934 obedientiae,
381 4884 435 4938 quo
455 4866 587 4936 deinceps
601 4866 767 4935 placeamus
787 4866 872 4920 Deo:
896 4867 999 4934 Itaque
1023 4865 1074 4919 boc
1093 4873 1135 4919 est
1147 4867 1279 4933 fnecmm
1303 4867 1445 4921 labiorum
1467 4868 1657 4932 confitendum
1674 4868 1783 4922 nomini
1797 4868 1861 4938 ejus

161 4975 194 5012 ee
212 4957 297 5011 dictet
317 4953 499 5021 manifestum
517 4960 573 5017 est,
598 4959 710 5007 sanctos
729 4951 853 5006 bomincs
871 4958 897 5005 et
914 4967 999 5021 anpe·
1024 4950 1110 5007 Hebr.
1138 4957 1184 5017 1³,
1215 4970 1241 5009 v.
1271 4959 1311 5009 15.
1344 4954 1374 5006 in
1407 4955 1488 5023 cujus
1519 4955 1629 5008 nomine
1655 4954 1796 5024 possimus
1825 4972 1861 5008 aa

160 5045 206 5098 los
217 5059 274 5096 non
292 5057 351 5095 esse
367 5041 547 5103 mediatores,
562 5045 597 5091 ut
613 5037 764 5110 Scriptura
779 5037 911 5108 loquitur,
931 5038 1000 5107 quia
1025 5040 1174 5094 debeamus
1193 5054 1277 5093 orare
1300 5038 1363 5097 Joh.
1385 5045 1430 5111 ld,
1456 5058 1482 5096 v.
1507 5046 1548 5097 23.
1576 5042 1627 5111 qui
1644 5041 1681 5095 sit
1699 5041 1860 5096 me'serimrs

161 5145 218 5184 non
232 5134 354 5198 possunt
368 5142 424 5196 per
441 5141 471 5179 ee
491 5126 570 5194 ipsos
591 5125 655 5179 Deo
668 5125 801 5194 placere3
824 5123 881 5178 imo
897 5131 929 5177 ut
947 5124 998 5177 im·
1024 5143 1058 5180 ac
1077 5125 1173 5192 fidels's
1188 5126 1322 5196 pontifex
1345 5127 1376 5180 in
1394 5126 1450 5192 bis,
1475 5142 1547 5199 psas
1571 5128 1652 5196 apud
1670 5129 1763 5180 Deum
1779 5127 1860 5182 nobis

158 5214 282 5285 propria
299 5212 437 5267 laodicae
459 5210 632 5265 mediatores
658 5211 803 5277 dicantar,
827 5226 883 5264 non
907 5217 999 5264 mmen
1019 5214 1190 5283 perapenda
1219 5211 1304 5268 Hebr.
1324 5217 1353 5281 2,
1378 5230 1405 5270 v.
1426 5218 1466 5269 18.
1490 5215 1532 5266 ad
1555 5230 1635 5283 quem
1660 5230 1711 5268 ceu
1729 5213 1860 5268 tbronum

160 5300 330 5357 mediatores
348 5315 407 5353 csse
426 5298 486 5353 Dei
503 5304 530 5350 et
546 5297 698 5366 tontnnn,
715 5299 768 5351 scd
785 5297 813 5351 si
830 5297 873 5351 ita
885 5296 999 5367 loquen-
1023 5299 1135 5369 pretias
1155 5315 1217 5352 cum
1240 5299 1348 5362 fiducia
1365 5301 1498 5353 accedere
1512 5314 1664 5367 possamus
1683 5307 1710 5352 et
1729 5301 1861 5368 cmssepni
1965 5304 1971 5312 '

160 5390 227 5442 dum
253 5393 307 5454 est,
341 5386 514 5440 mediatores
541 5384 583 5437 ad
610 5382 802 5438 mediatorem.
852 5382 1000 5454 Quidmeid
1022 5382 1248 5439 misericordiam
1276 5391 1302 5438 et
1325 5386 1449 5454 praciam
1465 5383 1591 5438 invenire
1613 5387 1655 5438 ad
1672 5392 1860 5455 opportunum

161 5473 235 5528 emin
251 5480 302 5528 aut
330 5472 457 5543 capetus,
483 5478 534 5527 aut
552 5469 633 5526 borao
655 5476 769 5523 metus
793 5486 812 5522 a
829 5470 895 5526 Deo
916 5471 997 5542 petit,
1023 5470 1162 5525 andium
1188 5468 1275 5526 Hebr.
1295 5477 1324 5540 t,
1350 5488 1377 5527 r.
1408 5475 1446 5526 16.
1468 5469 1519 5539 qui
1535 5485 1629 5524 omnes
1650 5471 1814 5526 laborantes
1832 5479 1862 5526 et

158 5563 193 5616 id
215 5561 289 5631 petit
311 5576 367 5632 per
392 5557 536 5615 arietum
562 5556 746 5613 Μάίαίοτοω
768 5572 857 5627 nepem
877 5557 938 5628 ipss
957 5559 999 5613 ad
1022 5556 1860 5621 motmuniesadserocotetrefectionsmaninarum
