4104 6014
839 339 892 396 Dii
911 337 1049 400 hloll'l'll.
1504 403 1505 406 Ἴ
1735 350 1794 411 341

95 503 240 552 manem
258 514 277 551 a
294 497 384 552 latria
402 498 572 552 distinctam.
609 497 751 553 Hactenus
772 503 865 567 recte,
884 492 933 551 sed
965 498 1086 567 quadam
1105 496 1198 554 media
1218 503 1245 554 et
1264 499 1329 570 plus
1342 515 1426 570 quam
1445 498 1567 554 hnmana
1583 499 1645 554 illos
1663 499 1798 557 honorare

78 584 210 658 'mendo
232 582 327 653 addit,
355 584 428 639 bono
451 585 635 653 posteriorem
662 587 799 639 metonae
825 589 931 640 odoro·
961 583 1073 654 potuit?
1107 584 1270 656 Exemplum
1302 584 1419 638 Bileami
1447 582 1527 640 Num.
1556 590 1597 641 tt.
1627 591 1670 641 est
1700 586 1796 643 itidem

95 672 183 726 nmis
206 671 325 740 maciem
343 671 447 725 sanets's
466 671 497 724 in
515 680 624 741 papatu
642 672 742 736 tribui,
766 672 932 726 contradicit
959 668 1094 736 alienum,
1120 676 1180 724 tum
1209 670 1276 742 qnia
1293 669 1460 725 Bellarmino
1483 670 1655 742 propositum
1681 678 1723 726 est
1747 672 1795 728 de·

94 756 272 821 Bellarmino‚
292 756 341 828 qui
360 757 480 812 mediam
498 757 639 828 quandam
660 757 849 814 metationem
861 759 933 813 inter
960 761 1120 826 monstrare,
1139 757 1253 829 angelos
1272 756 1307 812 ab
1325 756 1484 812 hominihus
1502 757 1555 830 piis
1571 763 1599 812 et
1611 757 1795 829 prudentibus

95 843 219 898 divinam
245 849 273 898 et
298 843 447 899 humanam
466 843 576 910 statuit,
600 860 672 913 quse
696 843 799 899 senche
830 845 866 898 sit
885 844 931 899 tri-
958 842 1046 897 fuisse
1068 842 1210 912 adoratos,
1234 845 1293 914 Jam
1317 859 1384 898 vero
1400 843 1541 898 Bilsamus
1566 842 1712 913 saepius,
1743 861 1796 900 nec

93 929 208 985 bnenda
247 945 281 983 ac
318 929 396 1000 praxi
434 929 463 983 in
507 935 613 1000 papatu
656 928 769 999 publice
811 936 932 1001 recepta,
958 927 1080 998 prudens
1097 927 1165 998 fnit3
1192 935 1251 983 tam
1269 929 1336 1002 qnia
1352 927 1493 984 Bileamns
1510 934 1650 984 externam
1669 945 1795 984 reveren·

94 1032 153 1086 qua
184 1015 273 1070 sancti
306 1015 435 1087 religiose
464 1015 616 1073 adorantur
638 1020 667 1070 et
696 1016 875 1081 invocantur,
901 1022 934 1071 ιιι
958 1013 1026 1068 ιίιιιι
1045 1016 1147 1086 angelo
1167 1015 1220 1070 sibi
1239 1016 1385 1086 apparenti
1404 1014 1537 1071 exhibuit
1569 1015 1630 1072 Jos.
1643 1023 1666 1071 5,
1686 1032 1740 1071 ιιοιι
1754 1017 1793 1070 in·

95 1100 277 1172 opitulatores
302 1107 331 1156 et
355 1100 553 1157 beneficiorum
572 1101 758 1172 spiritualium
779 1102 932 1174 largitores.
957 1099 1092 1171 telligitnr
1113 1106 1223 1156 creatus
1248 1101 1349 1172 aliquis
1367 1101 1502 1173 angelus,
1531 1101 1580 1156 sed
1597 1101 1657 1173 ipse
1676 1102 1729 1157 Dei
1748 1102 1794 1156 Fi·

95 1186 178 1242 Gsrte
206 1187 350 1258 religiose,
377 1187 540 1259 suppliciter
564 1204 597 1243 aa
623 1186 790 1244 fiducialiter
816 1189 933 1244 adorare
958 1185 1025 1254 lius,
1056 1190 1089 1240 ut
1114 1191 1234 1257 apparet
1260 1187 1350 1258 primo
1377 1204 1410 1241 em
1437 1187 1637 1257 appellatione.
1671 1188 1796 1244 Vocatur

94 1280 206 1329 sanctos
246 1272 310 1345 plus
359 1280 403 1330 est
446 1291 529 1346 qnam
577 1276 729 1331 humanum
773 1282 802 1332 ct
845 1284 931 1333 exter-
958 1272 1031 1327 enim
1055 1272 1183 1327 estmoe
1206 1289 1267 1342 cap.
1294 1279 1324 1334 6,
1352 1290 1378 1328 v.
1397 1277 1421 1327 2.
1446 1278 1474 1327 et
1500 1275 1635 1344 princeps
1659 1275 1795 1328 semeiam

95 1376 161 1413 num
206 1359 338 1417 honorem
368 1360 424 1415 illis
460 1362 596 1426 tribuere,
652 1362 721 1417 alias
761 1380 931 1435 consequens
958 1359 1097 1423 deborae,
1126 1359 1221 1415 idest
1246 1358 1420 1430 angelorum,
1452 1358 1593 1414 hominnm
1619 1366 1647 1415 et
1672 1361 1794 1415 omniurn

94 1445 177 1514 ioret,
194 1445 277 1501 etiam
297 1463 378 1518 reges
398 1464 416 1501 a
433 1446 561 1517 subditis,
582 1454 713 1519 parentes
731 1449 833 1513 sfiliis,
853 1466 932 1521 prae·
959 1451 1161 1514 creaturarum,
1187 1461 1247 1515 cap.
1270 1451 1295 1512 5,
1313 1463 1339 1498 v.
1361 1451 1399 1501 14.
1440 1444 1568 1500 Secundo
1586 1464 1618 1500 ac
1636 1447 1731 1515 operis
1751 1448 1794 1500 di·

96 1536 223 1601 ceptores
250 1549 268 1586 a
279 1532 446 1604 discipulis,
470 1533 532 1604 pios
551 1551 569 1589 a
586 1535 641 1604 piis
660 1534 803 1607 religiose,
828 1536 932 1607 suppli·
959 1531 1017 1583 nint
1034 1531 1229 1595 attributione,
1259 1537 1341 1585 vocat
1359 1547 1390 1584 se
1407 1530 1559 1602 principem
1577 1532 1713 1586 exercitus
1734 1531 1788 1586 Do·

95 1617 165 1672 citer
184 1634 218 1674 ac
235 1617 404 1673 fiducialiter
421 1619 553 1684 invocari,
573 1621 684 1692 qnando
697 1627 840 1676 externum
853 1621 930 1676 illum
959 1618 1043 1686 mini,
1074 1618 1140 1688 quia
1172 1618 1314 1672 Isra'e'litas
1345 1634 1377 1672 ex
1411 1617 1543 1689 Aegypto
1575 1637 1625 1689 per
1655 1618 1793 1672 desertum

94 1702 228 1758 honorem
251 1710 280 1760 et
301 1704 492 1760 adorationem
513 1705 662 1776 improprie
680 1707 783 1761 dictam
800 1707 868 1777 ipsis
886 1724 930 1762 ex·
960 1705 1076 1759 duxerat
1101 1710 1122 1760 t.
1141 1703 1202 1758 Cor.
1226 1709 1269 1773 10,
1301 1722 1327 1759 r.
1348 1711 1369 1758 4.
1397 1709 1425 1757 et
1442 1709 1540 1758 contra
1559 1703 1652 1760 hostes
1670 1705 1793 1775 ipsorum

94 1789 200 1847 hibent.
237 1797 261 1846 l.
292 1788 421 1846 Nondum
444 1806 511 1862 ergo
538 1791 644 1846 invenit
668 1792 852 1847 Bellarminus
879 1795 932 1862 (nti
958 1789 1111 1862 pugnabat,
1128 1789 1265 1860 promittit
1286 1790 1370 1843 etiam
1383 1807 1412 1844 se
1426 1788 1636 1844 Hierichuntem
1650 1790 1679 1843 in
1692 1806 1790 1843 manus

95 1876 241 1947 gloriatur)
272 1876 391 1932 mediam
416 1876 493 1932 illam
526 1877 729 1946 adorationem,
762 1895 846 1949 quam
873 1885 930 1934 tam
957 1878 1062 1933 iosuae
1085 1877 1253 1932 traditurum
1276 1893 1337 1947 cap.
1366 1883 1395 1943 6,
1420 1895 1445 1931 r.
1465 1883 1489 1932 2.
1525 1876 1621 1931 Tertio
1647 1895 1679 1929 ac
1700 1878 1792 1930 coleres

94 1961 203 2018 solicite
222 1963 340 2034 quaerit.
359 1963 493 2019 Adoratio
510 1964 583 2018 enim
601 1962 658 2028 illa,
684 1979 741 2036 qua
759 1965 799 2034 pii
817 1966 932 2036 angelos
959 1964 1050 2018 divini
1066 1965 1248 2033 smceptione.
1285 1963 1397 2017 Patitur
1414 1962 1467 2016 sihi
1487 1962 1586 2017 deferri
1608 1962 1712 2017 cultum
1727 1963 1791 2017 edo·

94 2048 149 2102 sibi
173 2055 341 2119 apparentes
358 2050 482 2105 venerati
501 2049 593 2116 inere,
616 2067 672 2105 non
688 2049 743 2105 fuit
761 2051 868 2117 divina,
888 2069 929 2108 re·
958 2049 1071 2104 rationis
1095 2049 1147 2103 soli
1166 2048 1226 2103 Deo
1246 2047 1372 2102 debitum
1397 2064 1456 2118 cap.
1474 2054 1503 2112 5,
1533 2066 1559 2105 v.
1583 2054 1621 2104 14.
1651 2048 1750 2102 Matth.
1768 2055 1793 2118 t,

94 2133 195 2205 ligiosa
225 2141 254 2190 et
282 2134 393 2205 proprie
424 2134 513 2199 dicta,
547 2135 596 2190 sed
627 2134 715 2190 honor
744 2142 872 2192 externus
903 2143 932 2192 et
958 2154 982 2191 r.
1013 2141 1052 2191 10.
1096 2134 1225 2204 Denique
1253 2150 1285 2187 es
1310 2133 1462 2202 symbolica
1492 2134 1679 2204 apparitione.
1721 2132 1792 2189 Con·

94 2219 221 2274 adoratio
250 2219 414 2292 impropria,
443 2236 499 2291 qua
524 2221 585 2275 illos
613 2227 645 2276 nt
670 2221 723 2277 Dei
747 2223 855 2294 legatos
881 2222 929 2280 ho·
957 2222 1072 2292 spicitnr
1096 2221 1125 2275 in
1148 2220 1236 2275 torma
1260 2220 1382 2275 humana
1406 2237 1456 2275 suo
1476 2225 1601 2291 tempore
1618 2219 1792 2287 assumenda,

95 2313 237 2362 notarunt
272 2305 328 2362 Sed
352 2308 381 2361 in
407 2315 513 2379 papatu
536 2308 630 2379 angeli
652 2314 681 2362 et
697 2309 787 2364 sancti
805 2308 929 2364 defuncti
957 2315 1066 2376 terrem,
1084 2308 1113 2362 in
1133 2324 1189 2379 qua
1206 2307 1371 2378 apparebat,
1388 2315 1470 2362 vocat
1490 2313 1623 2365 sanctam,
1652 2298 1719 2378 quia
1739 2323 1789 2377 per

95 2391 226 2465 religioso
244 2409 277 2447 sc
295 2393 390 2448 divino
408 2393 484 2448 cultu
501 2393 687 2464 honorantur,
716 2395 850 2451 tribuitur
867 2396 929 2461 illis,
956 2393 1028 2448 hanc
1055 2393 1256 2464 apparitionem
1283 2400 1344 2448 erat
1370 2393 1543 2449 sanctificata
1560 2410 1593 2448 ac
1610 2393 1743 2447 divinitus
1761 2392 1789 2446 in

96 2478 171 2549 qnod
200 2495 296 2551 preces
322 2480 382 2535 solo
407 2480 498 2535 cordis
521 2481 626 2551 gemitu
645 2487 792 2552 conceptae
807 2483 929 2551 audiant,
956 2480 1029 2535 hunc
1047 2497 1128 2535 usum
1145 2478 1293 2543 destinata,
1311 2486 1343 2533 nt
1359 2480 1449 2534 locum
1469 2478 1616 2551 praeberet
1634 2480 1721 2550 ipsius
1744 2495 1791 2532 na·

95 2564 169 2635 quod
200 2564 336 2620 beneficia
364 2565 521 2635 spiritualia
551 2567 632 2621 nobis
663 2567 820 2632 conferant,
854 2567 928 2638 qnod
956 2567 1057 2621 tiritati
1076 2583 1110 2621 ac
1130 2565 1236 2620 muneri
1254 2565 1379 2622 docendi.

95 2651 152 2705 suis
179 2650 283 2707 meritis
309 2651 390 2706 nobis
415 2651 617 2724 suffragentur,
646 2654 720 2724 qnod
746 2652 877 2709 fiduciam
895 2671 928 2708 ac
990 2659 1049 2710 438.
1085 2657 1113 2708 3.
1142 2653 1242 2706 Sancti
1267 2654 1387 2706 sinentes
1412 2654 1442 2706 in
1464 2653 1619 2720 scripturis
1638 2661 1703 2706 ειιιιι
1723 2655 1791 2707 ado·
1804 2674 1823 2715 ι,
1848 2674 1926 2714 senen

33 2745 82 2787 let.
95 2753 173 2808 spem
203 2736 232 2790 in
258 2736 368 2791 illorum
400 2738 607 2807 intercessione,
637 2739 739 2794 auxilio
768 2757 801 2794 ac
825 2739 929 2796 meritis
955 2741 1022 2794 rati.
1049 2744 1074 2796 1.
1097 2740 1172 2795 Sam.
1199 2743 1241 2794 28.
1277 2740 1349 2794 Saul
1372 2742 1478 2793 adorat
1505 2740 1630 2792 animam
1650 2738 1791 2793 Somseelr's
1805 2725 1930 2818 :xm

96 2823 232 2878 collocare
251 2824 288 2878 sit
304 2823 371 2879 utile
383 2829 436 2878 etc.
477 2831 500 2879 5.
522 2825 601 2880 Sicut
618 2826 690 2881 inter
709 2827 827 2896 primam
842 2833 870 2883 et
887 2844 928 2882 se·
955 2827 1011 2881 sibi
1027 2834 1220 2896 apparentem.
1252 2826 1364 2880 Certum
1381 2833 1475 2880 antem
1493 2833 1547 2895 est,
1570 2843 1627 2878 non
1645 2825 1791 2879 convenire
1804 2829 1856 2869 1⁸2¹·

95 2909 215 2963 cundem
239 2909 366 2980 decalogi
391 2909 514 2964 tabulam
538 2926 594 2965 nou
617 2911 701 2966 datur
723 2914 859 2982 medium;
890 2913 930 2968 ita
956 2915 1065 2970 civilem
1089 2914 1220 2967 honorem
1239 2913 1387 2966 animatos
1405 2913 1610 2987 defunctorum.
1631 2917 1654 2964 1.
1667 2913 1736 2981 Rep.
1750 2915 1791 2964 18.

95 3012 206 3067 quoque
237 2996 310 3049 inter
335 2996 525 3051 adorationem
550 2997 720 3068 religiosam,
753 2999 874 3055 divinam
902 3008 930 3056 et
956 3001 1067 3055 Abdias
1098 2999 1142 3053 eir
1167 3005 1281 3053 sonctm
1306 3000 1412 3053 adorat
1435 2998 1535 3052 Eliam
1554 3015 1663 3069 pronus
1687 2998 1718 3051 in
1737 3005 1792 3051 ter·

95 3082 205 3154 proprie
230 3080 402 3151 sic‘dictam,
419 3082 471 3138 soli
489 3083 550 3138 Deo
566 3083 704 3153 debitam,
725 3103 796 3157 quae
815 3093 857 3142 est
871 3088 928 3142 cul·
955 3106 1034 3154 rom,
1056 3101 1145 3156 neque
1160 3102 1311 3156 possumus
1328 3085 1439 3154 dicere,
1466 3084 1538 3138 bane
1558 3084 1667 3138 malem
1685 3084 1791 3138 cssltam

94 3175 140 3222 tus
172 3169 208 3223 ad
243 3169 359 3239 primam
391 3168 517 3240 decalogi
546 3170 671 3226 tabulam
703 3173 859 3242 pertinens3
902 3181 931 3230 et
949 3175 1055 3244 fnisse.
1098 3174 1175 3227 Nom
1200 3179 1335 3240 meantem
1358 3172 1400 3225 ad
1422 3171 1573 3225 hammam
1598 3171 1791 3226 eccellentiam

95 3255 167 3309 inter
187 3254 376 3310 adorationem
395 3261 545 3323 artemam,
566 3256 715 3311 humanam
735 3264 764 3312 et
779 3259 930 3331 improprie
956 3263 1050 3331 major
1069 3268 1129 3315 erat
1147 3258 1260 3312 Abde'as
1279 3275 1364 3327 ριιαιιι
1383 3258 1478 3321 Eleas,
1497 3258 1550 3311 iste
1570 3258 1644 3311 enim
1659 3258 1791 3327 minatus

94 3340 134 3396 sic
152 3341 269 3410 dictam,
298 3358 371 3412 quse
390 3341 523 3396 creaturis
542 3344 626 3397 efiam
645 3343 768 3398 exhiberi
788 3352 881 3417 potest
901 3353 930 3403 et
955 3348 1037 3401 bomo
1057 3353 1133 3410 erat,
1160 3344 1211 3399 ille
1227 3351 1320 3399 autem
1339 3361 1411 3396 nnus
1437 3359 1471 3397 ec
1493 3343 1673 3412 principibus
1700 3343 1790 3412 repni.

94 3434 138 3484 est
152 3428 245 3483 cultus
263 3429 300 3482 ad
319 3428 469 3483 secundam
492 3429 617 3500 decalogi
637 3430 762 3486 tabulam
780 3433 929 3503 pertinens,
958 3433 1100 3487 Adorooit
1125 3447 1272 3501 erponem
1289 3437 1320 3482 at
1334 3429 1507 3499 prophetam
1526 3446 1560 3482 aa
1580 3429 1638 3482 Dei
1655 3430 1792 3483 hominem

95 3515 216 3570 medium
235 3531 291 3570 non
308 3516 397 3570 datur.
434 3521 458 3571 6.
472 3515 608 3587 Exempla
625 3534 643 3571 a
656 3518 825 3576 Bellarmino
845 3521 931 3576 allata
955 3502 1099 3589 stupratori
1126 3519 1271 3572 sanctitate
1307 3516 1489 3572 excellentem.
1529 3519 1555 3571 2.
1584 3517 1654 3584 Rep.
1681 3520 1708 3573 2.
1738 3517 1794 3581 filii

95 3607 161 3656 sunt
189 3601 340 3656 dissimilia
377 3601 446 3657 Gen.
471 3608 509 3659 18.
538 3610 656 3674 apparet
682 3604 813 3662 Abrahae
840 3606 929 3663 Filius
955 3608 1157 3675 prophetorum
1179 3622 1241 3658 cnm
1265 3604 1452 3671 audivissent,
1482 3603 1612 3676 spiritam
1636 3604 1723 3658 Elias
1750 3621 1792 3658 re·

95 3687 151 3742 Dei
170 3685 280 3742 duobus
298 3686 405 3758 angelis
423 3687 572 3742 comitatus
591 3691 633 3757 (ut
649 3692 930 3748 testantur-lustinus
956 3692 1092 3762 querceae
1115 3708 1200 3760 seper
1223 3690 1384 3758 Elicerem,
1412 3690 1574 3743 aecedentes
1600 3692 1793 3744 adoraverant

95 3774 124 3828 in
143 3772 208 3828 dial
227 3790 291 3829 cum
309 3773 461 3844 'lhyphone
478 3789 544 3845 pag.
568 3781 624 3831 tos.
647 3775 775 3832 Clemens
793 3779 929 3835 Alexand.
957 3797 1018 3833 eam
1044 3778 1133 3848 prora
1163 3778 1194 3830 in
1224 3785 1339 3832 terram.
1373 3777 1452 3829 Dan.
1473 3778 1500 3832 2.
1530 3777 1793 3831 Nabuchodonosor

94 3859 144 3912 lib.
164 3865 189 3915 5.
218 3864 394 3923 stromatum,
419 3858 543 3914 Hilarius
566 3859 614 3915 lib.
635 3867 660 3918 t.
687 3862 722 3917 de
737 3862 837 3925 ,Trinit
860 3864 931 3919 Con·
957 3866 1061 3918 odorat
1078 3863 1235 3919 Danielem.
1276 3862 1345 3924 Quis
1364 3869 1456 3916 aetem
1470 3863 1576 3916 diceret
1592 3871 1642 3916 aot
1655 3865 1791 3931 madmet,

95 3946 234 4001 stantinus
256 3944 332 4017 apud
361 3944 511 3999 Eusebium
540 3945 590 4011 lib,
608 3952 630 4002 3.
657 3947 686 4002 in
715 3950 761 4004 rit.
787 3949 929 4005 Constant.
956 3971 975 4005 a
1000 3969 1105 4005 summo
1130 3965 1196 4018 repe
1222 3952 1373 4002 odoratam
1401 3949 1522 4003 civiliter
1547 3967 1631 4002 anum
1650 3950 1941 4018 accepti-1v111.1ea

96 4049 158 4104 cap.
191 4037 231 4088 50.
263 4031 324 4102 ipse
356 4030 492 4086 Eusebius
523 4031 571 4090 lib.
601 4039 625 4088 5.
664 4034 799 4090 demonst.
831 4051 930 4107 evang.
955 4039 1012 4102 vis,
1037 4037 1131 4106 qssolis
1156 4044 1218 4090 erat
1236 4036 1345 4089 Daniel
1352 4037 1366 4088 t
1388 4036 1521 4089 odoravit
1544 4051 1610 4102 erpo
1637 4051 1698 4088 mem
1722 4035 1789 4087 reli·

96 4137 155 4192 cap.
175 4125 202 4175 9.
220 4118 395 4190 Augustinus
414 4135 495 4178 serm.
516 4125 557 4174 to.
581 4119 616 4175 de
635 4126 719 4191 temp.
739 4121 931 4177 'lheodoretns
955 4124 1033 4193 piosa
1052 4131 1082 4176 at
1100 4123 1237 4176 bominem
1257 4124 1320 4174 Deo
1336 4121 1467 4189 plenam,
1489 4137 1575 4188 nepte
1591 4137 1647 4189 per
1666 4136 1791 4173 errorem

96 4223 124 4276 q.
142 4211 182 4262 68.
202 4205 231 4259 in
250 4203 379 4271 Genea),
406 4203 509 4275 quibus
524 4206 660 4261 'omnibus
677 4223 764 4260 unum
782 4213 811 4262 et
827 4224 931 4279 aequa·
957 4209 1103 4277 adoravit,
1128 4209 1222 4261 Deam
1251 4206 1333 4260 illem
1356 4205 1525 4261 existimans.
1562 4207 1640 4258 Nam
1663 4207 1791 4260 odorans

96 4293 151 4348 lem
179 4291 309 4347 honorem
336 4308 353 4346 a
379 4291 537 4362 patriarcha
562 4293 715 4348 exhibitum
740 4293 826 4349 fuisse
849 4311 930 4350 nemo
957 4297 1015 4348 ait:
1039 4296 1109 4348 Vere
1131 4299 1207 4348 Deos
1224 4292 1346 4361 caletur,
1365 4293 1445 4344 Deos
1464 4293 1580 4345 omarum
1597 4278 1637 4344 est
1655 4298 1682 4344 et
1702 4292 1790 4345 domi-

97 4376 205 4434 dixerit.
224 4377 440 4448 chrysostomus
460 4384 561 4443 monet,
588 4378 777 4434 abrahamum
798 4379 862 4435 ideo
881 4398 931 4435 nn·
956 4399 1008 4435 nus
1027 4397 1133 4450 repam.
1168 4377 1396 4449 Respondemus:
1419 4383 1440 4431 1.
1453 4374 1522 4430 haec
1541 4375 1634 4430 omnia
1650 4383 1679 4431 et
1692 4376 1792 4432 similia

97 4480 172 4519 mero
197 4463 330 4534 singulari
360 4469 417 4518 tres
447 4463 508 4519 illos
537 4463 610 4519 viros
641 4465 834 4536 compellasse,
865 4467 932 4538 quia
956 4466 1091 4538 exempla,
1108 4480 1225 4536 quorum
1244 4463 1273 4516 in
1288 4461 1437 4531 scripturis
1455 4461 1538 4531 plura
1555 4469 1712 4533 occurrunt,
1731 4481 1791 4535 per·

97 4567 169 4604 unus
183 4566 217 4605 ex
234 4549 298 4620 illis,
318 4549 372 4604 Dei
389 4550 447 4607 scil.
480 4550 578 4619 Filius,
592 4550 707 4623 reliquis
722 4550 806 4607 fuerit
822 4551 931 4628 ἐνιιμό·
956 4555 1047 4609 tinent
1070 4551 1107 4606 ad
1131 4558 1271 4605 externam
1297 4556 1325 4603 et
1341 4548 1491 4619 improprie
1509 4548 1549 4602 sic
1570 4548 1672 4632 dictam
1694 4550 1790 4606 adora·

97 4654 181 4709 τερος,
199 4637 353 4706 ploriosior
371 4643 397 4689 st
416 4636 568 4705 illrsmrior,
587 4637 662 4692 unde
680 4655 714 4693 ex
732 4639 793 4708 ipsa
812 4640 931 4695 visibilis
956 4641 1075 4706 tionem,
1099 4636 1139 4691 uti
1153 4635 1241 4690 cnivis
1259 4634 1444 4689 manifestum.
1479 4632 1584 4698 Quodsi
1605 4636 1678 4688 enim
1697 4637 1733 4690 de
1750 4655 1792 4692 re·

96 4721 200 4777 formae
224 4726 368 4789 majestate
400 4721 517 4792 aliisque
545 4722 655 4776 indiciis
673 4723 833 4794 patriarcha
852 4727 929 4781 colli·
956 4725 1064 4797 ligiosa,
1080 4722 1174 4777 divina
1192 4728 1221 4777 et
1238 4721 1348 4794 proprie
1366 4720 1442 4776 dicta
1455 4720 1616 4777 adoratione
1630 4739 1663 4777 es
1676 4723 1792 4777 velimus

97 4807 195 4880 gebat,
224 4825 310 4862 unum
336 4807 429 4874 illum,
462 4826 544 4879 quem
570 4809 711 4880 sigillatim
739 4811 932 4882 compellabat,
957 4809 1145 4882 interpretari,
1171 4824 1343 4878 consequens
1362 4805 1450 4876 foret,
1477 4813 1587 4862 sanctos
1607 4809 1733 4864 neantes
1752 4826 1792 4864 rc·

98 4910 158 4948 esse
177 4893 249 4948 inter
268 4911 314 4949 eos
331 4894 501 4964 primarium,
521 4911 602 4965 qnam
617 4895 715 4965 reliqui
728 4896 784 4950 duo
801 4898 932 4963 colerent,
958 4897 1056 4968 ligioss
1073 4895 1183 4950 adorari
1202 4901 1231 4949 et
1249 4893 1412 4965 suppliciter
1431 4910 1449 4947 a
1464 4893 1547 4947 nobis
1564 4893 1686 4950 invocari
1702 4912 1793 4964 posse,

96 4994 131 5033 ac
148 4995 220 5033 nnus
241 4980 378 5034 duntaxat
395 4996 429 5035 ex
450 4980 504 5034 illis
524 4986 639 5035 vocatur
651 4980 787 5051 Jehovah,
804 4991 837 5038 ut
848 4984 932 5039 series
958 4983 1054 5039 eadem
1073 4982 1186 5037 omnino
1204 4980 1366 5036 adoratione
1384 4995 1418 5034 ae
1435 4979 1583 5051 religione,
1608 4996 1665 5051 qua
1683 4987 1792 5036 sanctos

96 5070 242 5121 contextus
259 5065 387 5121 ostendit
419 5066 483 5121 dam
502 5083 567 5121 vero
591 5083 690 5121 nomen
715 5067 841 5124 Jehovah
868 5087 932 5125 nus·
958 5069 1103 5124 defunctos
1122 5065 1262 5122 Pontificii
1285 5063 1415 5119 eiciendos
1440 5082 1500 5120 esse
1526 5065 1636 5130 dicunt,
1666 5065 1793 5136 quodne

96 5152 173 5223 piam
200 5152 300 5208 mentis
321 5152 429 5224 angelis
452 5153 482 5206 in
507 5151 532 5208 S.
560 5152 644 5207 literis
664 5153 801 5212 tribuitur.
849 5155 934 5212 Plura
958 5155 1012 5227 ipsi
1035 5153 1145 5225 quidem
1173 5149 1333 5207 concedent.
1371 5153 1397 5207 2.
1419 5151 1518 5205 Civilis
1542 5153 1721 5206 odorationis
1744 5171 1792 5208 no·

98 5238 133 5293 de
157 5238 211 5293 hac
234 5243 389 5311 θεοφανείᾳ
412 5241 458 5291 sal
477 5236 637 5308 dppslorptq
661 5239 779 5294 diximus
802 5240 831 5294 in
853 5257 933 5312 prae·
960 5258 1023 5296 men
1043 5240 1124 5294 nimis
1142 5238 1237 5293 stricte
1254 5236 1357 5308 accipit
1370 5236 1564 5299 Bellanninna
1583 5237 1662 5307 quasi
1683 5254 1717 5293 ea
1732 5245 1792 5293 tan·
1898 5256 1908 5272 ·

97 5326 160 5379 lect.
189 5323 224 5379 de
254 5325 386 5395 mysterio
418 5324 572 5380 Trinitatis.
622 5326 721 5381 Genes.
757 5331 795 5381 19.
826 5325 933 5382 Lothus
959 5333 1018 5382 tum
1043 5327 1080 5380 sit
1103 5325 1192 5380 civilis
1210 5322 1353 5392 adoratio,
1381 5340 1453 5394 quae
1470 5322 1614 5395 politicam
1634 5340 1666 5378 ιο
1686 5324 1792 5380 civilem

98 5410 221 5482 hospites
245 5412 307 5466 illos
328 5429 392 5467 suos
418 5430 472 5469 non
490 5418 607 5468 noverat
631 5428 691 5468 esse
710 5412 838 5483 angelos,
871 5429 934 5468 cnm
960 5412 1137 5470 eminentiam
1154 5409 1328 5464 fundamenti
1346 5408 1404 5464 sive
1423 5424 1525 5464 censae
1543 5408 1603 5463 loco
1619 5409 1715 5478 habet,
1731 5428 1794 5466 cnm

97 5513 145 5552 eos
175 5503 232 5552 tam
261 5496 411 5554 honorifice
438 5498 579 5569 exciperet
606 5497 692 5554 Hebr.
724 5504 761 5563 13,
787 5515 814 5554 v.
839 5503 864 5553 2.
892 5498 934 5552 uti
959 5516 976 5554 a
1001 5498 1102 5554 nostris
1128 5495 1281 5567 accipiatur
1307 5495 1337 5550 in
1368 5495 1491 5567 generali
1521 5494 1737 5568 significatione,
1764 5506 1796 5553 ut

97 5583 157 5655 ipse
175 5583 359 5642 Bellarminus
376 5583 495 5654 fatetur,
514 5583 652 5657 quomodo
670 5583 755 5656 igitur
769 5583 933 5642 adoratione
958 5583 1152 5658 complectitur
1184 5598 1378 5656 quemcunque
1411 5582 1544 5640 honorem
1578 5583 1729 5640 humanum
1767 5590 1796 5642 et
