4104 6014
237 255 296 313 128
824 249 950 308 LOCUS
968 249 1173 308 VICESIMUS
1193 251 1340 311 SEXTUS

236 402 345 456 Christi
371 404 500 470 spiritum
531 404 615 457 locuti
640 410 706 459 sunt
732 410 753 459 1.
781 404 854 460 Petr.
883 412 910 469 1,
939 424 963 461 v.
984 411 1022 459 11.
1039 404 1168 474 et'quod
1198 424 1330 477 personas
1363 409 1487 463 viventes
1511 410 1648 462 animatas
1678 409 1821 478 apostolus
1846 407 1933 478 paulo

234 489 346 558 quidem
364 488 535 557 praedicarit
554 489 622 555 illis,
651 491 701 558 qai
717 492 860 543 inereduli
880 496 997 555 fueram
1014 491 1067 544 ali·
1093 499 1157 561 post
1176 502 1258 548 rocat
1277 494 1383 548 animas
1399 512 1426 551 v.
1445 500 1485 550 20.
1517 495 1649 565 Septimo,
1668 494 1743 565 quod
1761 511 1817 548 non
1832 496 1930 563 possit

235 577 360 644 quando,
381 581 438 634 τοῖς
456 574 631 640 insitiens!
650 594 730 644 nore,
747 576 794 646 qui
813 585 893 630 55554
910 578 1163 687 uiiqnnndopdors'
1193 583 1340 634 commode
1376 584 1465 646 ratio,
1499 598 1549 635 cur
1586 580 1800 650 praedicationis
1835 580 1931 636 factae

233 662 480 731 impermeabiles,
500 662 547 731 qui
563 679 617 716 non
629 663 808 732 patiebantur
826 664 879 717 sibi
893 663 1216 741 persuaderi),tempore
1240 667 1331 722 Noahi
1357 668 1457 721 Petrus
1484 669 1651 722 mentionem
1678 667 1777 729 iaciat,
1807 674 1930 737 praeter·

234 765 294 800 crim
313 746 398 800 semel
416 748 631 815 exspectabatur
644 749 702 801 Dei
714 749 914 816 longanimitas
929 751 959 803 in
971 749 1068 801 5115555
1080 744 1082 805 !
1095 753 1178 807 missa
1194 770 1234 821 ee,
1253 770 1326 823 quae
1343 754 1525 808 anterioribus
1549 761 1578 808 et
1603 753 1801 824 posterioribus
1823 757 1930 822 tempo·

234 835 324 895 Noae,
344 851 405 885 eum
423 841 614 902 appararetssr
631 853 716 902 uren,
745 834 775 886 in
794 853 851 903 qua
864 852 990 905 porsena,
1017 828 1170 921 beriribns
1189 838 1272 892 faeta„
1311 838 1483 908 Responderi
1501 845 1612 908 posset,
1644 839 1741 894 eadem
1762 838 1930 894 difficultate

234 926 273 971 ert
303 926 363 971 octo
387 919 499 971 animae
525 927 654 971 servatae
681 927 743 971 5554
757 937 811 988 per
829 938 940 988 aqsmm.
990 919 1067 973 11555
1093 923 1187 994 urgeri
1213 924 1466 993 interpretationem
1491 941 1597 992 eorum,
1630 924 1678 996 qui
1704 924 1739 978 de
1763 923 1868 977 Christi
1892 923 1930 977 ad

234 1004 424 1073 interpretatio
455 1003 635 1057 confirmatur
668 1021 702 1058 ex
732 1021 780 1071 eo,
812 1005 885 1075 quod
912 1006 1012 1059 Petrus
1038 1005 1067 1058 in
1094 1008 1195 1062 inferos
1225 1008 1360 1063 descensu
1389 1009 1465 1064 hunc
1491 1010 1581 1064 locum
1606 1011 1761 1080 accipiunt,
1793 1009 1929 1064 rationem

236 1091 315 1159 epist.
339 1098 361 1159 t,
380 1108 406 1143 v.
430 1097 469 1145 tl.
490 1091 572 1153 dicit,
593 1091 718 1160 spiritum
735 1090 836 1145 Christi
854 1091 941 1145 fnisse
957 1092 985 1145 in
1005 1108 1067 1161 pro·
1094 1094 1271 1148 connexionis
1289 1095 1349 1148 dari
1369 1112 1450 1164 posse
1465 1112 1535 1160 cam,
1556 1096 1631 1167 quod
1649 1095 1792 1165 apostolus
1809 1096 1845 1149 ad
1864 1111 1928 1148 con·

233 1176 323 1246 phetis
350 1191 383 1229 ac
411 1176 529 1244 proinde
557 1177 640 1230 etiam
668 1177 696 1230 in
717 1177 814 1231 Noaho
838 1177 966 1247 justitiae
989 1194 1067 1247 prae·
1093 1180 1236 1233 scientiam
1267 1187 1295 1234 et
1324 1182 1559 1235 conversationem
1591 1181 1693 1236 bonam
1718 1181 1843 1235 hortetur
1867 1195 1930 1250 pro·

232 1278 314 1327 cone,
344 1262 474 1331 quodque
499 1261 576 1316 Deus
603 1263 678 1332 apud
705 1263 822 1332 Moysen
852 1262 920 1316 dicit
943 1262 1012 1316 Gen.
1043 1268 1067 1329 6,
1094 1266 1184 1335 posito
1209 1267 1335 1336 exemplo
1360 1285 1470 1327 eorum,
1503 1268 1551 1337 qni
1575 1267 1604 1320 in
1622 1267 1726 1321 diluvio
1745 1267 1843 1320 salutis
1861 1282 1929 1319 nau·

234 1363 259 1400 v.
278 1351 307 1400 3:
328 1347 454 1416 Spiritus
472 1364 548 1399 merra
565 1363 621 1399 non
634 1351 780 1402 contendet
797 1350 920 1417 amplisu
935 1349 1068 1401 cumillis
1092 1352 1214 1422 fmgium
1240 1353 1366 1407 fecerunt
1394 1353 1430 1407 ob
1455 1359 1623 1406 contemtum
1644 1353 1882 1407 conversationem
1900 1358 1930 1404 st

234 1433 405 1501 bominibus,
425 1434 492 1501 quin
513 1450 581 1486 earo
601 1441 681 1501 ront;
700 1450 734 1487 ex
753 1451 808 1503 quo
828 1435 975 1504 colligunt,
993 1434 1067 1503 quod
1094 1438 1291 1493 conscientiam
1312 1439 1431 1504 bonam,
1463 1438 1516 1497 vel.
1532 1438 1606 1508 quod
1619 1438 1745 1508 apostolo
1757 1437 1928 1508 propositum

237 1519 363 1573 Christus
381 1519 481 1588 spiritu
499 1536 549 1572 suo
569 1519 634 1572 olim
652 1518 680 1571 in
700 1519 779 1572 Noah
800 1518 932 1589 loquente
960 1520 1068 1589 praedi·
1094 1524 1131 1577 sit
1169 1524 1370 1591 demonstrare,
1408 1523 1549 1579 Christum
1586 1524 1714 1578 omnibus
1757 1523 1930 1593 temporibus

234 1606 338 1659 caverit
369 1604 527 1658 hominibus
556 1604 738 1675 immorigeris
765 1612 832 1659 tunc
859 1605 971 1675 quidem
989 1606 1067 1673 viris,
1093 1608 1179 1663 fuisse
1205 1608 1367 1679 prophetam
1394 1616 1423 1663 et
1452 1610 1591 1664 doctorem
1618 1609 1753 1665 ecclesiae
1781 1625 1865 1673 suae,
1896 1624 1929 1662 ae

234 1709 308 1746 nunc
335 1698 427 1745 autem
461 1691 575 1744 mortuis
608 1696 636 1745 et
665 1690 811 1744 damnatis.
862 1690 967 1746 Contra
994 1692 1067 1746 5555
1094 1694 1181 1750 nihilo
1210 1703 1305 1749 tamen
1336 1696 1427 1748 minus
1458 1696 1605 1748 maximam
1644 1695 1785 1749 hominum
1821 1700 1928 1763 partem

233 1778 490 1848 interpretationem
509 1782 626 1845 urgetur
637 1776 726 1845 primo
738 1777 929 1830 5555555555
942 1778 1066 1844 subjecti.
1094 1780 1186 1836 verbis
1204 1783 1265 1851 ejus
1284 1781 1368 1834 fidem
1388 1781 1554 1850 denegasse.
1582 1789 1613 1835 54
1631 1781 1753 1835 ostendit
1771 1781 1929 1850 exemplum

234 1864 370 1934 Loquitur
400 1864 472 1917 enim
503 1862 603 1916 Petrus
634 1863 670 1917 de
689 1862 806 1931 Christo,
839 1879 895 1918 non
927 1865 963 1918 do
980 1865 1067 1933 Λόγῳ
1096 1882 1199 1933 eorum,
1219 1867 1268 1937 qni
1286 1867 1415 1921 vixerunt
1432 1867 1603 1936 temporibus
1624 1868 1709 1931 Noas,
1728 1868 1825 1920 mirum
1842 1867 1929 1938 igitur

233 1950 354 2024 όσόρκῳ.
404 1948 575 2019 Responderi
605 1955 713 2018 posset,
748 1955 862 2019 propter
892 1950 1067 2004 identitatem
1096 1970 1152 2006 non
1173 1969 1248 2012 esse.
1275 1953 1376 2005 multos
1394 1953 1485 2008 adhue
1505 1970 1580 2019 csse,
1608 1955 1656 2023 qui
1675 1953 1848 2024 evangelium
1868 1954 1928 2023 ejus

233 2054 368 2109 personae
385 2035 496 2090 Christo
519 2042 593 2090 recte
618 2035 718 2104 tribui,
750 2052 821 2106 quae
839 2037 928 2106 Λόγῳ
956 2035 1067 2108 ἀσόρκῳ
1094 2039 1241 2108 repudient
1268 2045 1297 2093 et
1325 2039 1495 2093 confessores
1522 2041 1583 2108 ejus
1610 2046 1828 2110 persequentum
1876 2039 1928 2106 rel,

233 2127 402 2192 competunt.
449 2122 495 2175 Sic
521 2120 583 2175 Joh.
614 2126 644 2186 8,
671 2138 697 2175 v.
734 2127 774 2176 58.
806 2121 896 2192 inquit
928 2122 1067 2177 Christus:
1094 2124 1169 2194 quod
1199 2124 1343 2193 apostolus
1373 2124 1408 2176 ad
1440 2124 1603 2193 patientiam
1635 2133 1664 2178 et
1688 2123 1928 2195 longanimitatem

233 2213 391 2277 Antequam
410 2207 555 2260 Abraham
575 2214 645 2274 erat,
663 2224 713 2275 epo
732 2226 802 2261 arim.
851 2207 981 2263 Secundo
1005 2227 1067 2263 con·
1094 2226 1149 2262 non
1175 2211 1264 2264 solum
1288 2209 1414 2279 exemplo
1442 2209 1543 2264 Christi
1572 2219 1602 2264 ct
1628 2210 1733 2275 Nothi,
1763 2210 1813 2264 sed
1845 2209 1928 2264 etiam

233 2297 372 2349 sideratio
397 2293 537 2362 temporis.
586 2291 675 2346 Facta
699 2299 741 2346 est
760 2293 828 2348 haec
851 2295 1022 2363 praedicatio
1041 2299 1069 2350 54
1094 2295 1179 2366 ipsius
1199 2296 1251 2349 Dei
1270 2313 1319 2349 noa
1338 2294 1476 2349 exhortari
1493 2296 1619 2352 voluerit.
1671 2301 1695 2350 3.
1715 2295 1833 2359 Quidam
1857 2294 1949 2350 hauc.

234 2381 369 2453 profectio
399 2385 461 2448 post
489 2384 603 2432 mortem
634 2384 718 2448 atque
742 2377 965 2436 vivificationem.
1016 2380 1068 2434 as
1094 2381 1292 2449 profectionem
1325 2381 1543 2450 interpretantur
1573 2381 1608 2435 de
1645 2381 1725 2436 abitu
1756 2381 1861 2435 Christi
1897 2382 1928 2434 s's

234 2466 364 2538 sponderi
392 2469 498 2534 posset,
535 2463 762 2533 distinguendum
786 2481 846 2519 esse
869 2466 941 2519 inter
960 2466 1069 2519 diversa
1092 2467 1261 2534 paradisum
1282 2473 1310 2520 et
1332 2464 1364 2518 rei
1389 2466 1534 2540 πνεόμαια
1559 2467 1596 2520 de
1624 2467 1812 2521 animantibus
1830 2466 1928 2530 beatis,

235 2552 404 2623 praedicata,
423 2548 638 2603 vivificationem
660 2549 773 2619 quidem
799 2550 902 2604 saetam
926 2568 986 2606 esse
1007 2559 1069 2622 post
1094 2566 1189 2604 rocem
1209 2559 1302 2605 autem
1322 2555 1447 2624 φυλακῆς
1466 2554 1501 2606 55
1513 2554 1642 2606 cumdio
1653 2553 1929 2622 55515544555151554,

235 2645 370 2702 mortem,
397 2635 445 2689 sed
464 2635 698 2705 praedicationem
717 2637 887 2707 temporibus
905 2638 982 2693 Noae
1009 2655 1069 2694 esse
1095 2637 1148 2690 hoc
1165 2653 1262 2701 sensu,
1281 2637 1407 2692 Christus
1424 2645 1548 2692 mortuus
1569 2655 1603 2692 ex
1621 2637 1796 2704 infirmitate,
1813 2637 1929 2693 resusci-

235 2727 354 2786 factam,
373 2739 424 2777 nec
444 2722 542 2776 seriem
563 2721 708 2791 temporis,
741 2722 792 2777 sed
812 2722 985 2778 identitatem
1005 2724 1069 2778 sub·
1095 2730 1169 2776 tatus
1193 2730 1286 2778 autem
1313 2725 1539 2794 perpotentiam
1566 2725 1703 2786 divinam,
1734 2722 1875 2793 proiectus
1900 2722 1928 2776 in

232 2811 301 2882 jecti
316 2807 538 2879 apostolnmhoe
553 2806 614 2861 loco
627 2808 772 2876 respicere.
800 2808 895 2864 Tertio
905 2812 1069 2880 proprietas
1095 2808 1185 2862 locum
1219 2809 1362 2864 beatorum
1394 2826 1454 2863 sese
1493 2809 1682 2864 manifestavit
1724 2810 1925 2880 victoriamque

234 2896 311 2951 verbi
331 2895 515 2963 nupsissent,
542 2909 614 2962 quae
631 2894 719 2963 Λόγῳ
739 2893 850 2965 ‹intexe›
868 2912 924 2950 non
940 2896 1069 2951 convenit
1095 2911 1174 2947 suam
1200 2894 1371 2963 praedicavit
1397 2896 1486 2949 beatis
1509 2895 1673 2960 animabus,
1704 2911 1776 2966 quae
1799 2903 1879 2949 erant
1900 2895 1929 2948 iu

236 3001 269 3038 ac
289 3001 316 3039 v.
335 2989 375 3036 22.
395 2980 430 3036 de
450 2979 563 3049 propria
577 2978 748 3050 profectione
765 2979 907 3049 accipitur.
944 2979 1067 3050 Respon·
1094 2980 1221 3034 custodia
1249 2979 1361 3034 coelesti
1395 2997 1523 3051 quaeque
1543 2981 1607 3034 olim
1627 2981 1740 3052 quidem
1758 2980 1928 3050 temporibus

234 3069 295 3123 deri
312 3074 407 3138 posset
430 3066 564 3135 πόρευσαν
583 3065 643 3119 Deo
660 3064 823 3134 incorporeo
848 3067 958 3135 saepius
975 3066 1069 3133 tribui,
1096 3067 1172 3122 Noae
1201 3066 1460 3121 comminationibus
1484 3068 1520 3122 de
1547 3067 1695 3121 universali
1720 3067 1826 3121 diluvio
1844 3066 1929 3122 fidem

235 3162 267 3210 ut
293 3154 460 3224 peculiarem
490 3151 610 3221 aliquam
641 3152 891 3205 manifestationem
916 3169 966 3221 per
983 3152 1068 3206 verba
1095 3169 1149 3206 non
1181 3151 1315 3206 hahentes
1345 3167 1437 3220 poena
1461 3152 1559 3206 diluvii
1584 3151 1717 3206 divinitus
1741 3153 1861 3221 correpti
1886 3168 1928 3207 55-

234 3243 278 3298 rel
298 3241 374 3296 faeta
392 3241 513 3304 denotet,
525 3236 596 3293 Gen.
618 3243 657 3305 ll,
677 3255 702 3290 v.
724 3245 747 3293 5.
767 3254 789 3292 5.
808 3243 848 3300 18,
865 3255 891 3294 v.
910 3244 951 3294 21.
985 3239 1067 3293 Dent
1094 3238 1214 3292 cundum
1241 3254 1341 3306 corpus
1366 3237 1521 3306 perierunt,
1551 3238 1722 3308 poenitentia
1745 3244 1839 3293 tamen
1866 3245 1929 3292 acta

92 3335 274 3398 54545420,
293 3345 319 3381 v.
339 3334 361 3382 4.
396 3326 459 3379 lisa.
479 3331 526 3393 45,
546 3341 572 3376 v.
590 3329 614 3379 2.
651 3322 718 3379 Hos.
741 3330 772 3387 5,
792 3340 817 3377 v.
842 3329 880 3378 45.
901 3323 1068 3380 54555515
1094 3324 1245 3377 secundnm
1276 3323 1397 3376 animam
1428 3323 1490 3379 sive¹
1516 3323 1643 3392 spiritum
1667 3324 1703 3377 ad
1728 3324 1824 3378 beatas
1848 3325 1928 3379 sedes

235 3413 387 3483 scripturis
404 3411 544 3466 insolitum
563 3427 639 3478 esse,
669 3416 701 3463 ut
717 3426 774 3464 una
799 3409 952 3481 eademqne
969 3427 1021 3464 vox
1040 3410 1068 3463 in
1094 3408 1332 3478 transmigrarunt
1385 3407 1460 3462 Huic
1488 3408 1709 3477 interpretationi
1744 3410 1841 3463 merito
1879 3409 1928 3464 ob·

233 3501 330 3555 eodem
350 3515 410 3569 cap.
430 3498 548 3569 primum
568 3496 694 3566 proprie,
721 3512 784 3550 mox
801 3511 866 3549 rero
884 3496 1068 3566 metaphorice
1095 3496 1224 3561 vertitur,
1255 3494 1344 3563 primo
1362 3494 1436 3563 quod
1457 3508 1590 3565 perquam
1611 3495 1712 3547 durum
1731 3499 1759 3548 et
1778 3494 1928 3564 scripturis

232 3583 680 3656 5551515455,όο5.4,ν.13.14.
716 3579 795 3636 Cous.
809 3580 956 3652 Origenem
974 3582 1023 3636 lib.
1044 3590 1068 3637 3.
1094 3597 1205 3649 prorsus
1228 3580 1371 3633 insolitum
1397 3581 1433 3633 sit
1458 3583 1584 3652 φυλακῆς
1609 3597 1710 3634 nomen
1732 3580 1767 3633 de
1787 3583 1865 3634 coelo
1893 3598 1928 3634 55

237 3673 265 3726 15
285 3673 363 3743 epist.
381 3672 462 3726 Rom.
481 3671 562 3738 adde,
581 3670 656 3738 quod
672 3669 806 3741 ue'prvcrr
825 3669 936 3739 proprie
953 3675 1069 3739 accepta
1090 3667 1233 3735 paradiso
1250 3682 1400 3735 usurpem,
1430 3683 1492 3719 cnm
1511 3682 1619 3735 semper
1648 3665 1677 3719 in
1694 3665 1795 3720 malam
1819 3673 1927 3736 partem

231 3776 281 3828 pro
299 3762 377 3830 γ-ορᾷ
405 3758 527 3828 quadam
550 3756 630 3810 locali
654 3772 687 3809 ac
712 3754 829 3824 physica
855 3771 909 3808 non
928 3761 1069 3825 competat
1093 3752 1248 3821 accipiatur
1277 3751 1375 3807 Matth.
1398 3759 1447 3819 25,
1476 3770 1501 3807 r.
1522 3758 1563 3807 36.
1585 3758 1626 3807 39.
1652 3758 1694 3807 43.
1722 3758 1763 3807 44.
1814 3753 1877 3806 Act.
1903 3760 1927 3822 5,

231 3844 352 3903 ammae.
384 3859 446 3896 cum
476 3849 569 3895 tamen
598 3841 633 3894 de
664 3840 766 3894 Christi
798 3840 890 3893 anima
913 3842 1067 3910 complures
1093 3857 1118 3895 r.
1142 3845 1180 3892 io.
1200 3856 1225 3891 c.
1244 3844 1268 3901 8,
1288 3857 1313 3891 v.
1334 3843 1357 3895 3.
1376 3855 1400 3891 c.
1423 3844 1461 3902 12,
1481 3854 1507 3892 r.
1527 3844 1551 3894 4.
1570 3855 1594 3894 c.
1617 3843 1655 3904 16,
1673 3854 1698 3892 v.
1720 3842 1760 3892 23.
1779 3837 1867 3907 Apoc.
1887 3844 1928 3902 20,

231 3929 305 3984 hune
324 3929 417 3983 locum
437 3926 584 3996 accipiant.
632 3926 737 3989 Quarto
756 3927 897 3995 oppositio
926 3928 1067 3980 sarciret
1093 3942 1118 3977 v.
1136 3931 1160 3980 i.
1200 3923 1345 3984 Secundo,
1380 3924 1456 3994 quod
1476 3923 1589 3994 spiritus
1616 3923 1670 3986 illi,
1698 3923 1800 3992 quibus
1819 3925 1929 3993 praedi·

231 4017 366 4084 spiritns,
396 4029 468 4084 quae
493 4028 593 4066 nomen
616 4010 729 4081 spiritns
754 4012 789 4066 de
812 4011 891 4066 verbi
916 4011 1067 4066 ministerio
1093 4011 1166 4065 catio
1185 4010 1261 4064 15545
1279 4017 1335 4073 554,
1355 4010 1484 4064 dicantur
1500 4007 1715 4076 ἀπειθήσαντες,
1741 4010 1884 4063 inereduli
1901 4018 1928 4064 et

232 4101 320 4171 accipi
339 4116 395 4153 non
413 4099 526 4169 patitur.
560 4096 734 4166 Responderi
753 4105 861 4164 posset,
888 4114 938 4166 per
955 4114 1066 4152 carnem
1094 4096 1281 4164 immorigeri,
1302 4095 1336 4150 de
1357 4095 1457 4166 quibus
1478 4100 1553 4150 certo
1572 4094 1704 4149 affirmari
1723 4095 1834 4165 nequit,
1852 4094 1928 4166 quod

233 4187 337 4241 Christi
368 4183 585 4252 humanitatem,
618 4183 806 4254 perspiritum
827 4184 952 4253 ejusdem
968 4183 1066 4237 divini·
1094 4187 1192 4252 postea
1222 4198 1315 4237 veram
1348 4198 1381 4235 ac
1412 4182 1512 4235 seriam
1540 4181 1739 4250 poenitentiam
1762 4182 1871 4252 egerint
1902 4186 1929 4236 et

232 4277 318 4327 454551
338 4269 474 4341 intelligi,
501 4270 596 4339 sicque
615 4269 719 4339 optime
739 4268 791 4322 sihi
812 4275 938 4324 constare
958 4269 1067 4338 opposi-
1094 4267 1192 4322 salvati
1221 4268 1283 4321 sint.
1326 4267 1438 4331 Tertio,
1468 4268 1543 4338 quod
1574 4267 1608 4320 de
1630 4266 1733 4321 Christi
1766 4269 1795 4321 in
1821 4267 1929 4323 coelum

231 4359 351 4421 4155515,
379 4373 463 4411 carne
480 4356 552 4410 enim
571 4354 753 4410 mortificatus
774 4361 828 4419 554,
856 4355 955 4425 spiritu
974 4362 1068 4411 autem
1096 4347 1226 4420 nepesinae.
1244 4371 1269 4406 r.
1289 4358 1330 4408 22.
1350 4354 1461 4408 demum
1479 4360 1547 4424 agat
1564 4354 1717 4423 apostolus.
1754 4360 1776 4408 4.
1795 4352 1841 4408 Ad
1858 4353 1930 4409 hanc

232 4444 396 4499 vivificatus.
433 4442 537 4506 Quinto
557 4441 1067 4512 5595155οοί5955,555515555όί-
1093 4440 1305 4510 explicationem
1338 4441 1462 4509 proxime
1485 4439 1595 4493 accedit
1624 4439 1762 4494 sententia
1790 4439 1929 4507 Oaiandri,

232 4531 304 4585 catio
324 4548 374 4600 per
392 4528 543 4600 prophetas
562 4545 617 4581 non
637 4528 792 4591 55555555,
816 4527 866 4581 sed
884 4527 983 4582 tertiae
1005 4546 1068 4599 per·
1093 4525 1141 4594 qui
1162 4526 1191 4580 15
1206 4543 1303 4582 comm.
1321 4526 1405 4594 hujus
1427 4526 1480 4579 loci
1496 4526 1583 4580 rerba
1600 4526 1718 4596 apostoli
1736 4525 1777 4580 sic
1794 4527 1928 4597 explieat:

231 4634 316 4673 sonas
353 4615 500 4670 Trinitatis
536 4613 621 4668 tribui
658 4614 838 4668 consueverit.
896 4599 1068 4684 Responderi
1094 4611 1219 4667 Christus
1250 4618 1373 4667 mortuus
1404 4613 1431 4666 in
1461 4628 1543 4666 cruce
1576 4612 1666 4683 quoad
1699 4629 1814 4681 corpus,
1848 4612 1927 4666 rivus

231 4710 341 4774 posset,
374 4701 483 4755 Christo
515 4717 571 4754 non
598 4699 688 4753 minus
716 4716 800 4770 quam
829 4699 944 4769 Spiritui
972 4707 1067 4755 sancto
1092 4704 1184 4754 autem
1209 4699 1302 4768 quoad
1331 4698 1468 4767 animam,
1502 4699 1619 4753 accessit
1637 4699 1674 4752 ad
1700 4700 1807 4752 animas
1825 4715 1928 4767 eorum,

232 4791 308 4845 illam
340 4788 439 4853 tribui,
474 4788 540 4857 quia
569 4792 715 4856 propterea
751 4793 866 4841 vocatur
896 4786 1005 4856 Λόγος,
1038 4793 1067 4842 54
1092 4784 1140 4856 qui
1159 4784 1188 4838 in
1202 4784 1308 4839 diluvio
1327 4784 1453 4838 suffocati
1472 4789 1552 4853 sunt,
1583 4785 1630 4855 qui
1650 4790 1732 4853 tunc,
1767 4800 1830 4838 cnm
1848 4783 1928 4840 Noah

178 4886 181 4893 '
232 4882 359 4931 notanter
390 4874 458 4927 dicit
483 4873 597 4936 Petrus,
633 4872 760 4942 spiritum
788 4870 891 4926 Christi
923 4871 1010 4928 151555
1039 4874 1067 4926 15
1092 4887 1184 4925 arcam
1214 4876 1338 4940 pararet,
1367 4871 1526 4939 persuaderi
1560 4870 1614 4924 sibi
1648 4886 1703 4925 non
1741 4869 1929 4940 patiebantur,

232 4959 383 5033 prophetis.
422 4958 524 5026 Sexto,
547 4958 622 5027 quod
639 4956 764 5011 homines
783 4962 906 5027 tempore
926 4957 1004 5012 Noae
1022 4975 1067 5013 ex-
1093 4957 1183 5011 Deum
1201 4956 1271 5010 adeo
1291 4956 1373 5010 irasci
1392 4957 1503 5021 mundo,
1525 4964 1557 5011 ut
1575 4973 1638 5011 eum
1654 4956 1760 5011 diluvio
1777 4956 1927 5011 universali

233 5047 361 5102 sistentes
385 5060 483 5099 vocare
510 5043 622 5112 spiritus
648 5043 677 5096 in
703 5058 816 5096 carcere
840 5043 877 5096 sit
902 5059 920 5096 a
946 5051 1021 5097 45545
1041 5053 1066 5097 54
1093 5043 1211 5112 perdere
1236 5043 1335 5106 vellet,
1361 5041 1458 5113 itaque
1478 5060 1533 5098 non
1553 5043 1679 5113 egebant
1698 5043 1769 5097 serio
1784 5043 1928 5112 poeniten-

231 5133 316 5187 titern
349 5137 458 5202 praeter
491 5129 682 5184 necessitatem
712 5129 793 5182 nimis
818 5129 902 5200 longe
928 5130 1066 5187 recedere.
1092 5128 1168 5191 tiam,
1189 5128 1276 5183 donec
1293 5145 1384 5199 aquae
1404 5129 1500 5182 diluvii
1520 5129 1682 5199 ingruerent
1696 5135 1724 5183 et
1743 5127 1797 5181 sibi
1811 5128 1928 5183 morien·

232 5217 403 5288 Responderi
422 5223 528 5286 posset,
557 5215 746 5286 immorigeros
766 5214 828 5269 illos
846 5219 971 5285 tempore
989 5216 1068 5272 Noae
1092 5214 1159 5269 dum
1184 5232 1245 5270 esse
1270 5215 1402 5271 riderent
1456 5217 1547 5281 Quare
1568 5215 1645 5270 Deua
1673 5232 1719 5270 eos
1740 5232 1796 5269 non
1816 5216 1928 5285 quidem

231 5303 318 5359 fnisse
339 5302 464 5357 homines
490 5301 582 5369 rivos,
616 5300 664 5354 sed
685 5306 810 5373 tempore
827 5317 873 5367 eo,
892 5318 947 5372 quo
965 5301 1066 5357 Petrus
1092 5300 1249 5365 damnavit,
1282 5301 1348 5370 quia
1376 5316 1431 5355 non
1462 5301 1521 5355 sine
1546 5300 1717 5370 poenitentia
1744 5300 2001 5368 decesserantxvn

232 5387 385 5458 scnbsbat,
416 5387 504 5442 fuisse
531 5385 645 5456 spiritus
665 5386 724 5440 sire
743 5386 851 5440 animas
878 5393 1020 5457 separatas
1037 5387 1065 5442 in
1091 5386 1141 5440 sed
1170 5393 1279 5448 tamen,
1309 5386 1375 5456 quia
1404 5386 1465 5456 pias
1497 5385 1700 5441 admonitiones
1728 5385 1818 5441 Noahi
1845 5385 1928 5456 longo

232 5490 343 5530 5555555
369 5472 470 5530 interm
494 5471 668 5536 constitutas,
691 5477 715 5526 2.
746 5472 817 5526 Patr.
842 5478 873 5539 2,
891 5489 917 5525 r.
942 5480 966 5528 4.
985 5472 1066 5542 adde,
1090 5478 1216 5542 tempore
1236 5479 1406 5542 spreverant
1424 5472 1488 5526 ideo
1507 5470 1612 5540 placuit
1629 5472 1763 5541 Domino,
1781 5479 1926 5526 uteorum
