4104 6014
204 256 263 312 500
825 238 1054 298 TRACTATUS
1074 238 1273 298 SECUNDUS

239 408 294 458 llll.
336 405 365 455 3.
394 402 506 470 Lectio,
545 416 617 470 quoe
641 401 727 470 juncto
757 400 893 468 quosdam
924 396 1036 452 codices
1062 394 1157 450 Sixtus
1175 383 1304 451 84444444
1322 395 1384 452 libr.
1403 401 1427 451 6.
1444 394 1572 452 biblioth
1590 397 1676 451 sanct
1695 396 1824 449 4444444.
1841 393 1903 446 265.

206 489 333 544 0444444
352 488 394 542 sic
411 488 508 555 habet,
526 483 626 550 πάντες
642 488 696 561 μὲν
712 481 959 559 κοιμηθησόμεθα,
976 479 1033 536 ἀλλ’
1062 498 1125 552 pag.
1154 486 1213 537 543.
1240 480 1353 546 scribit,
1386 483 1466 550 apud
1495 482 1622 537 Graecos
1649 478 1853 535 Oecunscnium
1876 483 1905 530 ct

203 574 236 630 oi
256 570 357 637 πάντες
373 570 605 647 ἀλλαγησόμεθα,
625 591 659 627 nc
671 574 759 642 justa
778 572 896 627 ertinos
916 569 1035 630 codices.
1062 571 1143 638 apud
1167 569 1287 623 Latinos
1313 577 1455 623 auctorem
1479 569 1549 624 libri
1573 571 1608 624 de
1633 567 1729 623 444444.
1756 568 1856 637 dogm.
1875 571 1903 619 44

203 678 296 715 ornnes
314 661 486 715 dormiemus
503 660 547 714 rel
566 677 661 714 ornnes
674 676 859 726 resurgemus,
876 675 932 712 non
944 662 1036 710 44444
1063 655 1249 726 4149444444
1268 673 1311 724 qa.
1332 658 1358 712 3.
1378 658 1420 710 ud
1431 656 1591 711 Dulcitinm
1604 655 1805 726 pronuntiare,
1823 653 1904 725 qaod

202 765 296 803 omrres
315 747 537 815 immutabimur,
563 753 654 816 potest
680 748 721 799 ad
747 745 847 799 bonum
866 761 975 798 sensum
993 757 1036 795 re·
1063 759 1150 813 ucqrse
1176 741 1313 796 catholici
1334 750 1411 808 snnt,
1438 744 1488 812 qui
1505 750 1563 797 444
1582 743 1681 807 istum,
1709 759 1795 812 4444
1816 740 1902 795 ianm

203 835 278 897 cinci,
299 851 334 888 nc
345 832 471 902 proinde
491 833 586 901 nequit
602 831 770 901 simpliciter
782 830 943 900 repudiari.
970 829 1036 882 Pro·
1063 828 1209 883 lectionem
1227 835 1252 882 et
1272 829 1431 898 opinionem
1449 835 1611 899 sequuntur.
1698 874 1705 885 .

203 921 301 978 hamus
328 919 381 974 hoc
410 924 433 974 l.
451 918 518 989 quia
543 917 582 972 sic
605 918 704 988 legunt
727 917 915 972 Tertullianus
942 915 977 970 de
996 930 1037 969 re·
1101 919 1156 971 120.
1192 913 1322 971 Ceterum
1348 932 1411 970 cum
1433 914 1562 971 lectionis
1585 915 1675 986 illius,
1708 931 1793 988 quam
1819 912 1903 969 alteri

203 1006 372 1063 surrectione
397 1004 489 1060 carnis
514 1021 576 1075 cap.
596 1010 637 1060 42.
675 1004 811 1076 Origenes
835 1004 864 1058 in
889 1010 913 1059 3.
936 1000 1038 1057 solum.
1064 1000 1271 1071 praeferendam
1300 1000 1432 1072 diximus,
1461 1018 1594 1073 magnum
1619 1001 1648 1057 in
1674 1002 1736 1057 loco
1763 998 1903 1072 pndlelo

204 1093 283 1164 epist
300 1093 336 1146 ad
356 1090 481 1145 Thessal.
522 1090 684 1145 Ambrosius
702 1095 731 1144 ot
750 1088 871 1161 Cyrillus
892 1089 920 1144 in
941 1105 1037 1143 comm.
1067 1093 1089 1144 l.
1110 1086 1207 1142 Thess.
1227 1095 1251 1144 4.
1270 1094 1400 1159 paratum
1419 1088 1455 1143 sit
1470 1088 1650 1160 praesidium,
1671 1088 1734 1144 ideo
1753 1087 1904 1144 Salmeron

204 1178 379 1251 Augustinus
400 1177 462 1233 libr.
482 1184 522 1232 20.
551 1177 585 1230 de
611 1177 663 1231 civ.
685 1177 738 1232 Dei
761 1194 821 1247 cap.
841 1181 882 1233 20.
906 1176 935 1230 iu
955 1192 1037 1247 quae·
1064 1192 1126 1230 eum
1157 1175 1240 1246 plana
1269 1176 1298 1231 in
1327 1177 1449 1231 alienum
1472 1177 1620 1250 detorquet
1642 1192 1762 1232 sensum
1805 1173 1903 1229 Primo

206 1265 342 1321 stionibus
360 1265 397 1319 ad
411 1263 574 1332 Dulcitium,
595 1271 663 1319 orat.
677 1263 910 1318 contraJudaaos
924 1279 984 1331 cap.
999 1267 1038 1317 12.
1064 1261 1182 1331 probare
1200 1267 1331 1327 conatur,
1362 1263 1486 1318 Paulam
1511 1266 1548 1318 dc
1573 1264 1634 1320 illis
1652 1263 1777 1317 residuis
1797 1261 1830 1314 ia
1848 1262 1902 1314 uri

204 1358 302 1408 matra
324 1349 516 1406 Adimantium
542 1367 603 1420 cap.
628 1356 669 1405 20.
712 1349 878 1421 Fulgentius
908 1347 979 1403 libro
1004 1348 1039 1401 de
1064 1356 1146 1403 uentu
1164 1349 1284 1403 Domini
1299 1366 1384 1402 unum
1402 1368 1458 1403 rron
1472 1367 1557 1419 posse
1575 1351 1711 1419 intciiipi,
1731 1348 1804 1418 quin
1823 1362 1903 1400 erro·

205 1439 261 1494 fide
284 1438 319 1493 ad
348 1438 461 1492 Petrum
483 1455 543 1507 cap.
561 1440 584 1491 3.
621 1435 701 1490 Philo
722 1434 886 1505 Carpathius
913 1435 941 1488 in
960 1434 1039 1488 (lant
1063 1435 1106 1488 ris
1130 1435 1223 1503 illins,
1249 1436 1325 1499 qnod
1342 1436 1405 1489 dies
1424 1436 1544 1490 Domini
1564 1443 1621 1489 tum
1639 1434 1773 1505 temporis
1790 1433 1904 1486 4444444

204 1524 336 1582 canticos.
354 1524 489 1578 Paulinus
508 1522 655 1593 episcopus
673 1521 799 1578 Nolanus
822 1521 852 1575 in
870 1520 1039 1592 panegyrico
1064 1528 1144 1584 essct,
1165 1520 1285 1575 tollendi
1300 1538 1389 1575 cansa
1407 1522 1590 1592 posteriorem
1610 1523 1652 1575 cd
1668 1519 1903 1575 Thessalonicen·

205 1612 240 1668 de
259 1610 340 1666 Celso
356 1627 442 1680 puero
461 1608 501 1663 sic
520 1625 635 1665 canens:
1063 1624 1107 1661 ses
1132 1607 1245 1676 scripsit
1262 1607 1411 1676 epistolum
1429 1616 1455 1662 ελ
1474 1609 1543 1678 quin
1561 1608 1692 1678 corporis
1711 1606 1759 1661 sui
1780 1605 1903 1678 propin·

1065 1712 1149 1762 mrum
1168 1694 1333 1749 solutionem
1358 1698 1425 1762 sore
1442 1696 1646 1752 arbitrabatur.
1683 1700 1706 1750 2.
1726 1693 1800 1750 'Pina
1819 1699 1844 1750 4.
1865 1709 1903 1748 44

1064 1797 1118 1852 quo
1136 1779 1233 1845 intert,
1267 1782 1359 1836 44444
1383 1783 1414 1836 in
1443 1783 1488 1837 iris
1506 1782 1631 1853 apostoli
1649 1782 1741 1837 444444
1760 1795 1903 1850 meren·

204 1869 296 1926 etalii
316 1886 350 1923 cx
367 1867 476 1924 Latinis
494 1867 628 1938 patribus.
665 1867 805 1938 Didymus
832 1865 1038 1921 Alexandrinus
1063 1870 1130 1921 4444
1142 1884 1329 1933 matroneum,
1348 1885 1432 1940 quem
1446 1869 1485 1925 sic
1499 1869 1626 1940 exponit:
1644 1867 1903 1922 deresurrectioae

205 1963 233 2011 ct
260 1956 381 2012 Aeacius
408 1954 596 2012 Caesariensis
623 1957 770 2025 episcopus
796 1953 872 2024 apud
900 1953 1038 2022 Hierony·
1060 1955 1174 2024 piorum
1206 1955 1338 2010 doctrina
1364 1959 1492 2011 trudetur
1518 1965 1545 2011 et
1573 1956 1736 2026 mysterium
1759 1954 1904 2027 operitur.

205 2061 280 2099 mum
299 2059 359 2098 eam
378 2042 548 2113 praeferunt,
567 2042 642 2095 Besa
660 2041 688 2094 in
706 2041 803 2096 codice
822 2038 1037 2094 Claramontano
1064 2043 1243 2096 Resurrectio
1263 2043 1395 2112 omnium,
1414 2051 1550 2113 quamam
1567 2045 1607 2097 ud
1627 2059 1739 2098 carnem
1756 2058 1903 2096 4444444·

205 2130 344 2187 Graecum
362 2135 469 2185 textum
481 2129 583 2183 Latino
602 2128 770 2198 respondere
783 2126 887 2182 asserit.
920 2129 947 2180 2.
962 2127 1038 2180 Dor-
1065 2129 1131 2180 dom
1145 2128 1278 2182 universa
1297 2130 1365 2194 erit,
1396 2138 1531 2199 quantum
1548 2146 1614 2184 vcro
1633 2131 1674 2183 ad
1692 2129 1903 2198 plenitudinem

205 2217 330 2272 mitionis
349 2224 374 2270 et
394 2215 611 2270 resumectionis
635 2230 735 2267 nomen
761 2213 927 2283 generaliter
950 2212 1039 2282 accipi
1064 2214 1183 2283 gloriae,
1202 2216 1371 2269 resurrectio
1391 2216 1445 2269 erit
1462 2217 1602 2284 justorum
1620 2223 1735 2284 444444,
1753 2223 1780 2270 ct
1794 2215 1903 2268 mara

205 2309 305 2375 potest,
326 2308 357 2357 ut
375 2300 573 2372 complectatur
592 2316 648 2354 nou
668 2298 756 2377 solum
776 2298 966 2353 dormitionem
980 2297 1039 2353 sire
1064 2300 1194 2355 hocloco
1212 2318 1302 2354 sermo
1320 2310 1375 2370 cst,
1394 2303 1569 2371 distinpmmt
1589 2302 1662 2356 enim
1681 2318 1782 2358 444444
1799 2301 1903 2356 literne

206 2396 322 2445 mortem
341 2395 369 2444 44
384 2387 613 2443 resurrectionem
631 2386 740 2457 proprie
756 2385 866 2454 dictam,
886 2385 935 2440 sed
955 2385 1038 2439 etiam
1063 2387 1294 2441 resurrectionem
1310 2388 1450 2456 iustorum
1467 2389 1503 2441 44
1522 2389 1576 2443 ilic
1594 2389 1743 2458 impiorum
1756 2387 1866 2442 Paulas.
1878 2390 1904 2446 1.

206 2476 424 2530 immutationem
444 2474 535 2543 illam,
563 2490 618 2544 qua
642 2471 795 2527 mortalitas
816 2471 926 2526 exuitur
943 2478 971 2526 et
990 2470 1039 2524 irn-
1064 2492 1088 2528 ν.
1107 2478 1133 2527 6.
1168 2473 1234 2528 Ι144.
1255 2478 1288 2537 4,
1312 2493 1336 2528 ο.
1355 2477 1399 2528 29.
1440 2474 1585 2529 04444444
1609 2481 1701 2528 mrtem
1727 2472 1903 2528 recensetis

153 2594 156 2602 ι
206 2562 359 2617 mortalitas
391 2559 529 2623 induitur,
560 2576 634 2630 quae
662 2558 750 2612 instar
773 2558 867 2612 mortis
892 2563 921 2612 et
950 2574 1039 2612 rasur-
1065 2561 1116 2615 λιοο
1134 2562 1245 2618 ordine.
1280 2561 1379 2615 Primo
1402 2570 1552 2632 resurgent
1575 2564 1668 2617 sancti
1694 2559 1904 2616 resurrections

206 2648 336 2704 rectionis
360 2646 455 2701 futura
480 2652 529 2701 eat.
566 2649 592 2701 3.
614 2645 824 2699 Immntotionis
849 2643 959 2699 nomine
978 2661 1038 2715 spc-
1061 2649 1194 2715 perfecto
1226 2656 1290 2701 ante
1315 2648 1474 2702 inchoatam
1497 2648 1639 2717 iudicium
1657 2655 1684 2702 et
1703 2666 1765 2701 cum
1786 2647 1904 2702 Christo

207 2734 313 2790 cialiter
330 2732 448 2803 intelligi
466 2736 558 2802 potest
576 2731 660 2786 beata
679 2731 728 2785 illa
746 2730 909 2793 immutati0‚
927 2746 982 2801 qua
1002 2728 1040 2798 pii
1059 2734 1160 2802 jndice
1178 2741 1205 2787 ct
1225 2735 1318 2787 Beata
1338 2734 1453 2802 Virpins
1469 2734 1644 2788 invenientur
1661 2734 1692 2787 in
1711 2739 1786 2800 nire,
1804 2741 1904 2803 sapore

207 2832 263 2876 non
286 2820 374 2873 solum
400 2817 635 2873 immortalitatem
661 2816 794 2885 induent,
820 2816 870 2870 sed
899 2816 983 2870 etiam
1012 2812 1053 2868 in'
1066 2819 1115 2887 qni
1132 2821 1240 2874 dudum
1259 2820 1289 2873 in
1307 2820 1361 2873 hac
1379 2821 1497 2876 mortali
1513 2821 1572 2875 cita
1583 2820 1729 2890 judicium
1741 2837 1824 2874 saum
1832 2836 1904 2889 per·

208 2905 447 2978 spiritualitatem,
476 2904 594 2975 gloriam
624 2910 653 2959 et
677 2903 807 2959 virtutem
833 2902 1203 2977 manuferentur,3tulemnt,
1232 2908 1411 2975 apparebunt
1436 2924 1502 2974 erpo
1527 2924 1589 2960 cnm
1617 2907 1729 2963 Christo
1753 2905 1785 2959 ιἰι
1804 2905 1905 2974 gloria

93 2998 280 3066 4144844444
309 3010 364 3047 non
394 2991 446 3047 erit
468 2990 596 3045 omnibus
615 2989 773 3044 hominibus
792 2989 959 3058 communis,
992 2980 1150 3069 sedssqunsi
1168 2993 1198 3046 in
1216 2997 1282 3047 aire
1299 2995 1340 3046 ad
1351 2993 1560 3061 judicandum,
1586 2993 1729 3062 seprcputi
1752 3000 1846 3046 tomen
1865 2993 1904 3047 44

208 3080 315 3151 piorum
341 3078 476 3133 duntaxat
503 3078 625 3149 propria.
662 3078 806 3148 Gagneius
833 3076 889 3132 tale
918 3076 1041 3131 scholion
1067 3078 1143 3144 aliis,
1165 3080 1216 3148 qui
1230 3081 1428 3149 relinquuntur
1445 3081 1497 3134 sub
1513 3081 1638 3150 indicio,
1655 3081 1775 3135 sinentes
1792 3080 1906 3135 44444444

208 3183 242 3222 44
273 3165 389 3222 Graecis
421 3164 552 3220 adducit:
582 3166 741 3233 Resurgent
774 3164 888 3217 indubie
920 3161 1204 3257 onsrrinmlcommuni
1225 3167 1285 3220 vito
1308 3167 1435 3237 prutina,
1466 3169 1503 3221 de
1528 3184 1585 3237 qam
1607 3167 1716 3224 Psalm.
1735 3168 1803 3221 113:
1834 3168 1905 3222 Non

207 3261 328 3324 torpore
358 3252 580 3306 immortalitatis
611 3252 712 3304 indicta
739 3250 881 3319 pretinm,
923 3257 954 3302 44
984 3267 1040 3304 444
1066 3254 1170 3308 mortui
1188 3253 1345 3308 laudabunt
1362 3262 1387 3308 te
1407 3254 1543 3320 Domine,
1568 3257 1621 3309 sed
1638 3272 1689 3309 nos
1708 3253 1759 3324 qui
1773 3253 1904 3324 uiuimus,

207 3358 300 3397 omnes
329 3340 560 3407 imrnutnduntnr,
590 3341 643 3391 scd
674 3337 806 3392 inhonori
839 3336 1040 3407 permanebunt
1066 3341 1173 3395 scilicet
1191 3342 1256 3395 Deo
1281 3358 1334 3410 per
1357 3342 1489 3410 pretinm.
1524 3341 1567 3396 Hi
1588 3349 1666 3406 sunt,
1691 3343 1764 3395 inter
1782 3358 1854 3410 quos
1872 3358 1905 3397 se

208 3429 303 3497 impii,
334 3427 391 3480 soti
408 3443 473 3479 uero
492 3425 710 3478 immutabuntur
730 3425 817 3493 justi,
848 3424 981 3477 nimirum
999 3425 1040 3476 ad
1066 3428 1211 3495 apostolus
1236 3444 1308 3496 prae
1335 3428 1492 3482 humilitate
1515 3435 1542 3482 et
1564 3429 1703 3482 modestia
1727 3427 1852 3483 44444444
1879 3435 1906 3482 st

206 3514 429 3569 immortalitatis
448 3515 622 3567 courmodum
642 3512 781 3566 insrnntati
799 3519 828 3564 ut
848 3511 962 3563 ‹ticinm
980 3511 1039 3578 pto·
1065 3515 1180 3582 444444,
1210 3515 1261 3567 tros
1289 3533 1345 3567 non
1371 3521 1572 3583 praesentares
1596 3522 1709 3568 sanctos
1738 3514 1819 3579 iilos,
1853 3515 1907 3584 qui

206 3602 269 3656 rice
294 3600 455 3655 indumento
481 3600 574 3653 ditati.
612 3598 714 3654 Omnes
738 3613 805 3669 ergo
835 3596 986 3651 morientur
1012 3601 1041 3650 et
1066 3600 1255 3665 dormierunt,
1286 3600 1417 3670 4444444
1448 3602 1510 3670 epse
1536 3600 1677 3655 Dominus
1695 3601 1846 3655 4444444444
1867 3602 1906 3655 cis

207 3692 367 3759 resurgent,
396 3686 419 3740 si
450 3685 545 3740 mortis
571 3701 604 3740 ac
631 3683 838 3741 resurrectionis
864 3700 965 3739 nomen
983 3683 1040 3737 late
1066 3687 1158 3751 coelo,
1192 3695 1220 3741 et
1242 3689 1362 3752 mortui,
1389 3688 1439 3758 qui
1462 3687 1493 3742 in
1515 3687 1626 3746 Christo
1649 3694 1726 3754 4444,
1753 3695 1907 3757 resurgent

207 3774 377 3844 accipiatur,
395 3778 427 3827 ut
445 3771 570 3826 includat
587 3770 806 3826 immutationem
824 3769 917 3838 illam,
937 3785 993 3839 qua
1012 3767 1040 3821 in
1063 3772 1169 3841 primo,
1206 3772 1258 3827 troc
1289 3781 1328 3827 cst
1361 3774 1409 3827 iili
1435 3773 1543 3837 sancti,
1576 3772 1627 3842 qai
1652 3772 1842 3844 peculiariter
1873 3774 1906 3828 ιἰι

208 3862 255 3930 iis,
279 3877 349 3932 quos
374 3860 434 3914 dies
453 3858 566 3914 Domini
584 3858 773 3929 deprehendet
791 3857 882 3923 vivos,
907 3856 965 3910 vita
980 3855 1038 3909 ani·
1070 3858 1181 3912 Christo
1201 3866 1227 3913 ct
1244 3877 1302 3928 pro
1321 3860 1434 3915 Christo
1452 3860 1557 3914 mortui
1572 3867 1650 3926 cunt,
1681 3859 1732 3928 qui
1758 3877 1816 3914 non
1834 3869 1906 3916 sunt

208 3947 287 4002 malis
309 3946 431 4002 cessabit
455 3952 483 4000 et
509 3952 592 4000 exuta
610 3943 786 3999 mortalitatis
805 3950 882 3999 veste
899 3944 1038 3997 immorta-
1066 3946 1096 3998 in
1114 3946 1228 4014 jrrriicio
1252 3946 1385 4013 sistendi,
1415 3949 1466 4000 scd
1490 3947 1656 4016 judicaturi
1678 3964 1740 4001 cum
1757 3946 1821 4015 ι’μεο
1840 3949 1906 4004 Do-

208 4034 272 4088 litas
292 4032 430 4089 induetur.
471 4031 533 4088 Non
551 4030 701 4086 morientur
715 4046 766 4084 nec
779 4034 925 4098 resurgent
936 4046 1039 4092 omnes,
1066 4032 1149 4095 mino,
1168 4034 1244 4100 quod
1259 4041 1299 4086 est
1320 4034 1422 4097 dicere,
1446 4033 1494 4088 illi
1511 4032 1743 4102 conprimimus
1761 4033 1990 4103 dimrrtmfflxt

209 4120 233 4175 si
251 4118 347 4175 mortis
365 4136 399 4173 ac
416 4117 623 4174 resurrectionis
646 4131 746 4170 nomen
771 4117 867 4169 stricte
886 4114 1040 4186 accipiatur
1066 4125 1092 4172 ct
1111 4119 1233 4187 eteritis,
1261 4118 1309 4173 iiii
1326 4127 1472 4189 resurgent
1499 4127 1525 4173 et
1543 4120 1680 4173 habebunt
1696 4119 1800 4173 stolum
1818 4137 1907 4175 ειιιιιιι

209 4225 259 4279 pro
282 4206 392 4260 animae
418 4222 436 4260 a
457 4221 572 4274 corpore
590 4202 765 4275 separatione
785 4208 813 4257 et
833 4202 957 4272 ejusdem
976 4219 1039 4257 cum
1066 4205 1291 4274 irrvcnicnturque
1309 4222 1371 4259 444
1388 4206 1440 4260 iilo
1459 4206 1489 4259 in
1510 4206 1629 4259 4444444
1646 4210 1700 4261 etc.
1722 4206 1827 4260 deinde
1850 4226 1906 4262 nos

210 4308 324 4363 corpore
361 4309 394 4347 ex
432 4297 522 4347 terrae
560 4290 673 4360 pulvere
709 4288 827 4344 formato
859 4287 1040 4345 redunitioue.
1067 4292 1116 4361 qui
1133 4293 1263 4361 uicinius,
1289 4293 1338 4363 qui
1362 4293 1421 4348 uita
1438 4294 1550 4361 prutina
1571 4301 1597 4347 et
1614 4309 1663 4364 spe
1683 4292 1905 4349 rsmrrcctionis

211 4387 235 4436 4.
251 4377 395 4434 Cornelius
415 4377 557 4448 aLapide
574 4377 603 4431 in
623 4393 720 4431 comm.
743 4383 763 4430 l.
784 4374 846 4431 Cor.
861 4381 899 4432 15.
920 4375 1042 4445 praefert
1065 4387 1265 4448 amrmemus,
1289 4378 1383 4434 relicti
1398 4387 1491 4433 tamen
1512 4380 1542 4432 in
1559 4380 1641 4435 ilium
1658 4380 1779 4434 Domini
1794 4382 1904 4435 adven·

211 4466 323 4538 quidem
343 4464 489 4520 lectionem
508 4465 639 4536 vulgatae
658 4461 860 4531 trmslationis,
887 4479 981 4515 omnes
997 4478 1040 4516 re·
1065 4475 1124 4521 tum
1153 4466 1308 4535 judicandi
1335 4483 1370 4519 ac
1398 4466 1582 4521 discernendi
1610 4466 1646 4519 ab
1673 4465 1802 4536 injustis,
1835 4474 1905 4522 tum

209 4569 352 4622 surpcmus
370 4558 421 4607 etc.
441 4556 474 4605 ut
491 4551 657 4622 planiorem,
676 4549 825 4618 veriorem,
849 4548 993 4604 certiorem
1013 4553 1041 4603 et
1066 4554 1151 4607 simul
1178 4570 1240 4607 444
1278 4553 1339 4607 illie
1370 4553 1517 4623 prior-rem
1550 4551 1656 4607 sanctis
1692 4552 1840 4622 rapiemus·
1873 4554 1906 4609 i„

210 4656 273 4694 cum
291 4636 371 4692 dictis
389 4637 557 4708 Scripturas,
578 4653 649 4707 quae
666 4636 792 4691 omnibus
810 4636 966 4689 nominibus
983 4644 1039 4689 stn-
1066 4644 1146 4695 4444.
1182 4637 1406 4709 Respondemus:
1429 4645 1452 4694 1.
1471 4638 1566 4695 Verba
1585 4638 1704 4708 apostoli
1721 4643 1788 4693 sunt
1805 4638 1904 4695 claris·

239 1734 368 1803 Namque
387 1747 571 1800 rcsurpcmns,
591 1734 644 1785 seri
655 1748 710 1783 nou
722 1729 889 1782 mrrtubirnur
902 1744 1003 1794 omnes,

210 4734 298 4781 tntum
316 4740 376 4777 csse
393 4723 478 4777 simul
496 4725 570 4777 niori
587 4723 702 4786 docent,
722 4721 812 4793 magis
828 4726 1040 4793 congruentem
1066 4724 1148 4791 sima,
1177 4724 1251 4795 quod
1280 4729 1308 4779 ολ
1326 4729 1420 4790 ζῶντες
1439 4731 1485 4780 καὶ
1503 4729 1531 4780 ο4
1548 4721 1775 4799 περιλειπόμενοι
1794 4730 1834 4788 ste
1851 4726 1905 4797 τὴν

210 4809 319 4866 interim
337 4827 393 4864 non
410 4808 495 4863 audet
512 4809 642 4873 alteram,
662 4824 733 4879 quae
753 4811 846 4878 negat,
866 4824 960 4861 omnes
980 4808 1040 4865 dor·
1066 4817 1224 4887 παρουσίαν
1242 4815 1292 4887 τοῦ
1310 4818 1421 4887 κυρίου,
1441 4812 1471 4866 id
1489 4817 1533 4867 est
1551 4807 1689 4882 illi,'quos
1708 4812 1767 4867 dies
1784 4812 1904 4868 novissi·

209 4897 323 4952 mituros
340 4913 374 4951 ac
391 4902 601 4964 resurrecturos,
618 4894 781 4965 simpliciter
797 4893 959 4964 repudiare3
978 4912 1040 4965 pro·
1066 4914 1127 4951 mus
1151 4896 1273 4953 inveniet
1290 4897 1368 4952 vivos
1391 4913 1424 4951 44
1445 4896 1585 4961 residuos,
1613 4914 1669 4952 non
1688 4897 1744 4953 sint
1763 4914 1904 4969 praeven-

209 4983 273 5038 inds
293 4983 377 5037 etiam
396 4979 515 5035 discedit
535 4996 552 5034 a
574 4979 641 5036 Soto
660 4987 688 5035 et
699 4980 861 5047 Catharino,
880 4980 927 5049 qui
947 4980 1040 5034 lectio·
1065 4983 1122 5038 turi
1141 4999 1200 5051 eos,
1226 4983 1275 5054 qui
1293 4983 1480 5048 dormierunt,
1504 4985 1634 5056 quodque
1653 4984 1683 5039 iu
1704 4984 1827 5039 adventu
1844 4985 1905 5041 Do·

208 5087 271 5125 nem
296 5068 371 5123 illam
392 5066 560 5122 Graecorum
589 5072 618 5121 et
641 5066 807 5122 sententiam
831 5082 864 5120 ex
890 5082 923 5120 ea
945 5073 1041 5131 ortam,
1066 5071 1133 5124 mini
1150 5071 1256 5124 mortui
1273 5070 1303 5124 in
1322 5069 1433 5126 Christo
1452 5071 1509 5125 sint
1526 5070 1644 5142 primum
1665 5071 1847 5127 resurrecturi
1868 5090 1904 5128 ac

209 5156 283 5228 quod
302 5172 359 5209 non
378 5170 471 5209 omnes
490 5152 614 5207 morituri
632 5151 695 5217 sint,
716 5151 879 5207 temeritatis
895 5168 928 5206 nc
942 5153 1040 5207 erroris
1066 5155 1167 5210 deinde
1193 5161 1221 5210 ot
1237 5160 1332 5221 ζῶντες
1347 5161 1393 5212 καλ
1412 5161 1439 5210 ot
1458 5156 1685 5233 περιλειπόμενοι
1703 5155 1832 5226 illiniri,
1859 5158 1904 5214 illi

210 5245 354 5310 44444444,
387 5258 421 5295 ac
446 5257 509 5295 cum
535 5238 665 5295 Suarezio
693 5238 846 5303 concludit,
877 5240 1040 5293 senitentiam
1065 5240 1168 5295 residui
1189 5243 1269 5297 simul
1290 5241 1415 5313 rapiendi
1435 5259 1499 5297 cum
1517 5242 1573 5296 illis
1598 5243 1626 5296 in
1647 5241 1767 5301 nubibus
1786 5241 1901 5301 obviam

207 5331 298 5393 illam,
317 5345 389 5398 quae
408 5330 499 5398 docet,
517 5343 610 5382 omnes
628 5327 738 5380 omnino
752 5327 876 5380 homines
889 5326 1040 5380 morituros
1066 5325 1185 5382 Domino
1203 5329 1232 5382 in
1245 5331 1318 5398 aira,
1336 5345 1407 5399 quae
1422 5346 1477 5383 non
1490 5333 1607 5398 possunt
1623 5329 1675 5383 nisi
1686 5345 1736 5399 per
1747 5327 1902 5387 uiolentam

209 5425 236 5471 et
261 5423 480 5482 resurrecturos,
515 5421 622 5468 tantum
645 5428 705 5467 esse
728 5412 952 5481 probabiliorem
977 5431 1038 5466 con·
1066 5413 1250 5469 detonsionem
1274 5413 1302 5467 in
1328 5413 1450 5469 alienum
1468 5431 1580 5469 sensum
1600 5413 1681 5471 trahi.
1720 5420 1744 5470 2.
1767 5413 1901 5473 Nostram

209 5503 312 5562 traria.
339 5501 495 5571 'cajetanus
514 5506 543 5557 et
560 5501 692 5557 Erasmus
711 5499 791 5556 nobis
805 5503 870 5555 sunt
883 5496 997 5574 ὁμόιμηιι
1004 5521 1039 5559 οι.
1066 5499 1264 5571 expositionem
1289 5500 1454 5559 confirmant
1474 5518 1529 5562 uon
1554 5501 1643 5559 selum
1664 5501 1853 5572 antiquanmi
1872 5509 1904 5563 et
