<?xml version="1.0" encoding="UTF-8"?>
<!DOCTYPE html PUBLIC "-//W3C//DTD XHTML 1.0 Transitional//EN"
    "http://www.w3.org/TR/xhtml1/DTD/xhtml1-transitional.dtd">
<html xmlns="http://www.w3.org/1999/xhtml" xml:lang="en" lang="en">
 <head>
  <title>
</title>
<meta http-equiv="Content-Type" content="text/html;charset=utf-8" />
  <meta name='ocr-system' content='tesseract 3.04.00' />
  <meta name='ocr-capabilities' content='ocr_page ocr_carea ocr_par ocr_line ocrx_word'/>
</head>
<body>
  <div class='ocr_page' id='page_1' title='image "./locitheologicit00gerhgoog/locitheologicit00gerhgoog_0532.png"; bbox 0 0 4104 6014; ppageno 0'>
   <div class='ocr_carea' id='block_1_1' title="bbox 610 237 1863 333">
    <p class='ocr_par' dir='ltr' id='par_1_1' title="bbox 610 237 1863 333">
     <span class='ocr_line' id='line_1_1' title="bbox 610 237 1863 333; baseline 0.004 -21"><span class='ocrx_word' id='word_1_1' title='bbox 610 237 613 241; x_wconf 81' lang='grc'><strong>’</strong></span> <span class='ocrx_word' id='word_1_2' title='bbox 691 255 743 312; x_wconf 83' lang='lat' dir='ltr'><strong>na</strong></span> <span class='ocrx_word' id='word_1_3' title='bbox 762 251 1007 311; x_wconf 80' lang='lat' dir='ltr'><strong>uoauuoeuu</strong></span> <span class='ocrx_word' id='word_1_4' title='bbox 1025 251 1349 333; x_wconf 71' lang='lat' dir='ltr'><strong>amuenuonoun.</strong></span> <span class='ocrx_word' id='word_1_5' title='bbox 1802 259 1863 317; x_wconf 81' lang='lat' dir='ltr'><strong>sos</strong></span> 
     </span>
    </p>
   </div>
   <div class='ocr_carea' id='block_1_2' title="bbox 68 406 1978 5504">
    <p class='ocr_par' dir='ltr' id='par_1_2' title="bbox 68 406 1978 5504">
     <span class='ocr_line' id='line_1_2' title="bbox 170 406 1864 480; baseline -0.001 -18"><span class='ocrx_word' id='word_1_6' title='bbox 170 407 212 463; x_wconf 87' lang='lat' dir='ltr'><strong>ilii</strong></span> <span class='ocrx_word' id='word_1_7' title='bbox 234 412 257 463; x_wconf 93' lang='grc'><strong>1.</strong></span> <span class='ocrx_word' id='word_1_8' title='bbox 271 408 338 467; x_wconf 76' lang='lat' dir='ltr'><strong>(ior.</strong></span> <span class='ocrx_word' id='word_1_9' title='bbox 359 416 400 479; x_wconf 85' lang='grc'><strong>15,</strong></span> <span class='ocrx_word' id='word_1_10' title='bbox 416 428 441 467; x_wconf 81' lang='lat' dir='ltr'><strong>r.</strong></span> <span class='ocrx_word' id='word_1_11' title='bbox 461 417 508 467; x_wconf 82' lang='lat'><strong>51:</strong></span> <span class='ocrx_word' id='word_1_12' title='bbox 526 411 784 480; x_wconf 69' lang='lat' dir='ltr'><strong>Mysteriumeodis</strong></span> <span class='ocrx_word' id='word_1_13' title='bbox 797 411 873 479; x_wconf 89' lang='lat' dir='ltr'><strong>dico)</strong></span> <span class='ocrx_word' id='word_1_14' title='bbox 893 426 943 465; x_wconf 85' lang='lat' dir='ltr'><strong>nos</strong></span> <span class='ocrx_word' id='word_1_15' title='bbox 956 408 1007 479; x_wconf 79' lang='lat' dir='ltr'><strong>qui</strong></span> <span class='ocrx_word' id='word_1_16' title='bbox 1031 413 1171 480; x_wconf 54' lang='grc'>555119.</span> <span class='ocrx_word' id='word_1_17' title='bbox 1208 408 1377 480; x_wconf 75' lang='lat' dir='ltr'><strong>Responsio:</strong></span> <span class='ocrx_word' id='word_1_18' title='bbox 1409 408 1511 464; x_wconf 83' lang='lat' dir='ltr'><strong>blitum</strong></span> <span class='ocrx_word' id='word_1_19' title='bbox 1530 426 1610 478; x_wconf 81' lang='lat' dir='ltr'><strong>sero,</strong></span> <span class='ocrx_word' id='word_1_20' title='bbox 1629 406 1864 478; x_wconf 85' lang='lat' dir='ltr'><strong>Chrysostomum,</strong></span> 
     </span>
     <span class='ocr_line' id='line_1_3' title="bbox 170 492 1863 567; baseline -0.002 -17"><span class='ocrx_word' id='word_1_21' title='bbox 170 496 297 567; x_wconf 83' lang='lat' dir='ltr'><strong>uiuimus,</strong></span> <span class='ocrx_word' id='word_1_22' title='bbox 317 498 368 566; x_wconf 72' lang='lat' dir='ltr'><strong>qui</strong></span> <span class='ocrx_word' id='word_1_23' title='bbox 382 498 493 552; x_wconf 83' lang='lat' dir='ltr'><strong>residui</strong></span> <span class='ocrx_word' id='word_1_24' title='bbox 508 516 604 553; x_wconf 77' lang='lat' dir='ltr'><strong>sumtis</strong></span> <span class='ocrx_word' id='word_1_25' title='bbox 621 499 652 552; x_wconf 84' lang='lat' dir='ltr'><strong>in</strong></span> <span class='ocrx_word' id='word_1_26' title='bbox 669 501 791 552; x_wconf 82' lang='lat' dir='ltr'><strong>aduentu</strong></span> <span class='ocrx_word' id='word_1_27' title='bbox 806 497 933 567; x_wconf 82' lang='lat' dir='ltr'><strong>Domini,</strong></span> <span class='ocrx_word' id='word_1_28' title='bbox 949 512 1005 550; x_wconf 87' lang='lat' dir='ltr'><strong>non</strong></span> <span class='ocrx_word' id='word_1_29' title='bbox 1030 492 1251 564; x_wconf 86' lang='lat' dir='ltr'><strong>Tbeodoretum,</strong></span> <span class='ocrx_word' id='word_1_30' title='bbox 1275 495 1517 567; x_wconf 86' lang='lat' dir='ltr'><strong>Theophyiaetum</strong></span> <span class='ocrx_word' id='word_1_31' title='bbox 1542 502 1570 551; x_wconf 91' lang='lat' dir='ltr'><strong>et</strong></span> <span class='ocrx_word' id='word_1_32' title='bbox 1589 494 1658 550; x_wconf 89' lang='lat' dir='ltr'><strong>alios</strong></span> <span class='ocrx_word' id='word_1_33' title='bbox 1674 493 1797 549; x_wconf 80' lang='lat' dir='ltr'><strong>Graecos</strong></span> <span class='ocrx_word' id='word_1_34' title='bbox 1814 508 1863 564; x_wconf 88' lang='lat' dir='ltr'><strong>pa·</strong></span> 
     </span>
     <span class='ocr_line' id='line_1_4' title="bbox 167 580 1863 655; baseline 0 -19"><span class='ocrx_word' id='word_1_35' title='bbox 167 584 382 652; x_wconf 79' lang='lat' dir='ltr'><strong>praeveniemus</strong></span> <span class='ocrx_word' id='word_1_36' title='bbox 409 600 471 653; x_wconf 90' lang='lat' dir='ltr'><strong>eos,</strong></span> <span class='ocrx_word' id='word_1_37' title='bbox 506 584 558 654; x_wconf 76' lang='lat' dir='ltr'><strong>qui</strong></span> <span class='ocrx_word' id='word_1_38' title='bbox 581 585 757 640; x_wconf 65' lang='grc'>1515155511</span> <span class='ocrx_word' id='word_1_39' title='bbox 786 583 828 655; x_wconf 89' lang='grc'><strong>(11</strong></span> <span class='ocrx_word' id='word_1_40' title='bbox 856 583 1006 655; x_wconf 73' lang='lat' dir='ltr'><strong>respondet</strong></span> <span class='ocrx_word' id='word_1_41' title='bbox 1030 586 1086 637; x_wconf 88' lang='lat' dir='ltr'><strong>tres</strong></span> <span class='ocrx_word' id='word_1_42' title='bbox 1104 582 1157 639; x_wconf 90' lang='lat' dir='ltr'><strong>hoe</strong></span> <span class='ocrx_word' id='word_1_43' title='bbox 1173 599 1229 638; x_wconf 88' lang='lat' dir='ltr'><strong>non</strong></span> <span class='ocrx_word' id='word_1_44' title='bbox 1246 583 1488 653; x_wconf 85' lang='lat' dir='ltr'><strong>animadvertisse,</strong></span> <span class='ocrx_word' id='word_1_45' title='bbox 1507 583 1555 655; x_wconf 88' lang='lat' dir='ltr'><strong>qui</strong></span> <span class='ocrx_word' id='word_1_46' title='bbox 1576 588 1669 636; x_wconf 82' lang='grc'>151555</span> <span class='ocrx_word' id='word_1_47' title='bbox 1687 580 1788 637; x_wconf 84' lang='lat' dir='ltr'><strong>Graeci</strong></span> <span class='ocrx_word' id='word_1_48' title='bbox 1808 596 1863 636; x_wconf 88' lang='lat' dir='ltr'><strong>ser·</strong></span> 
     </span>
     <span class='ocr_line' id='line_1_5' title="bbox 171 667 1865 743; baseline -0.001 -22"><span class='ocrx_word' id='word_1_49' title='bbox 171 668 226 722; x_wconf 90' lang='lat' dir='ltr'><strong>illis</strong></span> <span class='ocrx_word' id='word_1_50' title='bbox 246 669 347 741; x_wconf 84' lang='lat' dir='ltr'><strong>verbis,</strong></span> <span class='ocrx_word' id='word_1_51' title='bbox 364 688 420 726; x_wconf 84' lang='lat' dir='ltr'><strong>son</strong></span> <span class='ocrx_word' id='word_1_52' title='bbox 439 687 534 725; x_wconf 79' lang='lat' dir='ltr'><strong>ornum</strong></span> <span class='ocrx_word' id='word_1_53' title='bbox 552 672 736 741; x_wconf 71' lang='lat' dir='ltr'><strong>dormianus,</strong></span> <span class='ocrx_word' id='word_1_54' title='bbox 757 670 780 725; x_wconf 90' lang='lat' dir='ltr'><strong>si</strong></span> <span class='ocrx_word' id='word_1_55' title='bbox 800 671 873 726; x_wconf 89' lang='lat' dir='ltr'><strong>enim</strong></span> <span class='ocrx_word' id='word_1_56' title='bbox 892 670 1005 743; x_wconf 86' lang='lat' dir='ltr'><strong>quidam</strong></span> <span class='ocrx_word' id='word_1_57' title='bbox 1031 668 1120 724; x_wconf 88' lang='lat' dir='ltr'><strong>monis</strong></span> <span class='ocrx_word' id='word_1_58' title='bbox 1139 669 1283 739; x_wconf 70' lang='lat' dir='ltr'><strong>peritiores</strong></span> <span class='ocrx_word' id='word_1_59' title='bbox 1308 676 1389 725; x_wconf 90' lang='lat' dir='ltr'><strong>erant</strong></span> <span class='ocrx_word' id='word_1_60' title='bbox 1408 686 1491 741; x_wconf 88' lang='lat' dir='ltr'><strong>quam</strong></span> <span class='ocrx_word' id='word_1_61' title='bbox 1510 670 1661 725; x_wconf 86' lang='lat' dir='ltr'><strong>Selmeron.</strong></span> <span class='ocrx_word' id='word_1_62' title='bbox 1694 667 1795 722; x_wconf 83' lang='lat' dir='ltr'><strong>Mirum</strong></span> <span class='ocrx_word' id='word_1_63' title='bbox 1812 674 1865 735; x_wconf 87' lang='lat' dir='ltr'><strong>est,</strong></span> 
     </span>
     <span class='ocr_line' id='line_1_6' title="bbox 171 752 1864 829; baseline 0.001 -21"><span class='ocrx_word' id='word_1_64' title='bbox 171 754 265 811; x_wconf 83' lang='lat' dir='ltr'><strong>vivent</strong></span> <span class='ocrx_word' id='word_1_65' title='bbox 283 773 318 812; x_wconf 86' lang='lat' dir='ltr'><strong>se</strong></span> <span class='ocrx_word' id='word_1_66' title='bbox 337 756 442 812; x_wconf 83' lang='lat' dir='ltr'><strong>residui</strong></span> <span class='ocrx_word' id='word_1_67' title='bbox 461 762 544 812; x_wconf 80' lang='grc'>55551</span> <span class='ocrx_word' id='word_1_68' title='bbox 564 757 593 811; x_wconf 89' lang='lat' dir='ltr'><strong>in</strong></span> <span class='ocrx_word' id='word_1_69' title='bbox 610 757 732 813; x_wconf 84' lang='lat' dir='ltr'><strong>adventu</strong></span> <span class='ocrx_word' id='word_1_70' title='bbox 746 756 867 827; x_wconf 86' lang='lat' dir='ltr'><strong>Domini,</strong></span> <span class='ocrx_word' id='word_1_71' title='bbox 884 757 1005 829; x_wconf 88' lang='lat' dir='ltr'><strong>quinon</strong></span> <span class='ocrx_word' id='word_1_72' title='bbox 1031 752 1246 826; x_wconf 79' lang='lat' dir='ltr'><strong>Hieronymum,</strong></span> <span class='ocrx_word' id='word_1_73' title='bbox 1284 755 1462 812; x_wconf 87' lang='lat' dir='ltr'><strong>Ambrosium</strong></span> <span class='ocrx_word' id='word_1_74' title='bbox 1492 762 1520 811; x_wconf 92' lang='lat' dir='ltr'><strong>et</strong></span> <span class='ocrx_word' id='word_1_75' title='bbox 1551 756 1634 820; x_wconf 86' lang='lat' dir='ltr'><strong>alios,</strong></span> <span class='ocrx_word' id='word_1_76' title='bbox 1670 754 1719 826; x_wconf 91' lang='lat' dir='ltr'><strong>qui</strong></span> <span class='ocrx_word' id='word_1_77' title='bbox 1748 753 1864 809; x_wconf 81' lang='lat' dir='ltr'><strong>sltsrsm</strong></span> 
     </span>
     <span class='ocr_line' id='line_1_7' title="bbox 171 841 1978 917; baseline -0.003 -19"><span class='ocrx_word' id='word_1_78' title='bbox 171 843 427 913; x_wconf 79' lang='lat' dir='ltr'><strong>praevenientem,</strong></span> <span class='ocrx_word' id='word_1_79' title='bbox 450 843 499 915; x_wconf 90' lang='lat' dir='ltr'><strong>qui</strong></span> <span class='ocrx_word' id='word_1_80' title='bbox 518 843 704 910; x_wconf 86' lang='lat' dir='ltr'><strong>dormierunt,</strong></span> <span class='ocrx_word' id='word_1_81' title='bbox 723 843 819 917; x_wconf 85' lang='lat' dir='ltr'><strong>utique</strong></span> <span class='ocrx_word' id='word_1_82' title='bbox 838 861 894 899; x_wconf 90' lang='lat' dir='ltr'><strong>uon</strong></span> <span class='ocrx_word' id='word_1_83' title='bbox 911 859 1006 898; x_wconf 90' lang='lat' dir='ltr'><strong>omnes</strong></span> <span class='ocrx_word' id='word_1_84' title='bbox 1031 841 1176 897; x_wconf 88' lang='lat' dir='ltr'><strong>lectionem</strong></span> <span class='ocrx_word' id='word_1_85' title='bbox 1196 842 1372 913; x_wconf 83' lang='lat' dir='ltr'><strong>praeierunt,</strong></span> <span class='ocrx_word' id='word_1_86' title='bbox 1403 849 1551 914; x_wconf 83' lang='lat' dir='ltr'><strong>propterea</strong></span> <span class='ocrx_word' id='word_1_87' title='bbox 1577 842 1649 897; x_wconf 86' lang='lat' dir='ltr'><strong>bene</strong></span> <span class='ocrx_word' id='word_1_88' title='bbox 1666 845 1791 896; x_wconf 71' lang='lat' dir='ltr'><strong>noemam</strong></span> <span class='ocrx_word' id='word_1_89' title='bbox 1809 856 1864 894; x_wconf 88' lang='lat' dir='ltr'><strong>non</strong></span> <span class='ocrx_word' id='word_1_90' title='bbox 1975 878 1978 883; x_wconf 77' lang='lat'>-</span> 
     </span>
     <span class='ocr_line' id='line_1_8' title="bbox 172 926 1863 1001; baseline -0.001 -17"><span class='ocrx_word' id='word_1_91' title='bbox 172 928 356 999; x_wconf 81' lang='lat' dir='ltr'><strong>dormiemus),</strong></span> <span class='ocrx_word' id='word_1_92' title='bbox 375 948 402 987; x_wconf 84' lang='lat' dir='ltr'><strong>v.</strong></span> <span class='ocrx_word' id='word_1_93' title='bbox 423 935 468 987; x_wconf 77' lang='lat'><strong>16:</strong></span> <span class='ocrx_word' id='word_1_94' title='bbox 489 930 558 1000; x_wconf 87' lang='lat' dir='ltr'><strong>Ipse</strong></span> <span class='ocrx_word' id='word_1_95' title='bbox 577 932 718 985; x_wconf 85' lang='lat' dir='ltr'><strong>Dominus</strong></span> <span class='ocrx_word' id='word_1_96' title='bbox 735 931 765 985; x_wconf 82' lang='lat' dir='ltr'><strong>ie</strong></span> <span class='ocrx_word' id='word_1_97' title='bbox 783 932 873 1000; x_wconf 73' lang='lat' dir='ltr'><strong>iussu,</strong></span> <span class='ocrx_word' id='word_1_98' title='bbox 893 929 923 983; x_wconf 88' lang='lat' dir='ltr'><strong>in</strong></span> <span class='ocrx_word' id='word_1_99' title='bbox 940 946 1006 985; x_wconf 84' lang='lat' dir='ltr'><strong>noce</strong></span> <span class='ocrx_word' id='word_1_100' title='bbox 1031 927 1141 997; x_wconf 89' lang='lat' dir='ltr'><strong>penitus</strong></span> <span class='ocrx_word' id='word_1_101' title='bbox 1170 929 1333 999; x_wconf 84' lang='lat' dir='ltr'><strong>repudiare,</strong></span> <span class='ocrx_word' id='word_1_102' title='bbox 1363 929 1429 1001; x_wconf 87' lang='lat' dir='ltr'><strong>quia</strong></span> <span class='ocrx_word' id='word_1_103' title='bbox 1454 929 1554 985; x_wconf 81' lang='lat' dir='ltr'><strong>falsam</strong></span> <span class='ocrx_word' id='word_1_104' title='bbox 1578 927 1669 1000; x_wconf 84' lang='lat' dir='ltr'><strong>pariat</strong></span> <span class='ocrx_word' id='word_1_105' title='bbox 1692 926 1863 983; x_wconf 87' lang='lat' dir='ltr'><strong>sententiam.</strong></span> 
     </span>
     <span class='ocr_line' id='line_1_9' title="bbox 172 1012 1864 1087; baseline -0.002 -17"><span class='ocrx_word' id='word_1_106' title='bbox 172 1016 341 1086; x_wconf 75' lang='lat' dir='ltr'><strong>orchuspeli</strong></span> <span class='ocrx_word' id='word_1_107' title='bbox 365 1024 392 1071; x_wconf 83' lang='grc'><strong>51</strong></span> <span class='ocrx_word' id='word_1_108' title='bbox 416 1018 447 1073; x_wconf 87' lang='lat' dir='ltr'><strong>in</strong></span> <span class='ocrx_word' id='word_1_109' title='bbox 470 1018 539 1072; x_wconf 84' lang='grc'>1515</span> <span class='ocrx_word' id='word_1_110' title='bbox 564 1019 625 1073; x_wconf 84' lang='lat' dir='ltr'><strong>Dei</strong></span> <span class='ocrx_word' id='word_1_111' title='bbox 649 1020 799 1073; x_wconf 85' lang='lat' dir='ltr'><strong>descendet</strong></span> <span class='ocrx_word' id='word_1_112' title='bbox 822 1019 857 1072; x_wconf 87' lang='lat' dir='ltr'><strong>de</strong></span> <span class='ocrx_word' id='word_1_113' title='bbox 881 1018 959 1072; x_wconf 91' lang='lat' dir='ltr'><strong>coelo</strong></span> <span class='ocrx_word' id='word_1_114' title='bbox 980 1026 1007 1072; x_wconf 84' lang='lat' dir='ltr'><strong>et</strong></span> <span class='ocrx_word' id='word_1_115' title='bbox 1032 1012 1087 1068; x_wconf 83' lang='lat' dir='ltr'><strong>Sed</strong></span> <span class='ocrx_word' id='word_1_116' title='bbox 1108 1013 1230 1071; x_wconf 84' lang='lat' dir='ltr'><strong>breviter</strong></span> <span class='ocrx_word' id='word_1_117' title='bbox 1250 1015 1459 1087; x_wconf 72' lang='lat' dir='ltr'><strong>respondemus,</strong></span> <span class='ocrx_word' id='word_1_118' title='bbox 1476 1014 1701 1086; x_wconf 80' lang='lat' dir='ltr'><strong>distinguendum</strong></span> <span class='ocrx_word' id='word_1_119' title='bbox 1720 1029 1780 1069; x_wconf 90' lang='lat' dir='ltr'><strong>esse</strong></span> <span class='ocrx_word' id='word_1_120' title='bbox 1796 1013 1864 1068; x_wconf 90' lang='lat' dir='ltr'><strong>idio·</strong></span> 
     </span>
     <span class='ocr_line' id='line_1_10' title="bbox 172 1098 1863 1175; baseline -0.002 -19"><span class='ocrx_word' id='word_1_121' title='bbox 172 1104 277 1156; x_wconf 83' lang='lat' dir='ltr'><strong>mortus&#39;</strong></span> <span class='ocrx_word' id='word_1_122' title='bbox 300 1111 449 1172; x_wconf 72' lang='lat' dir='ltr'><strong>resurpcnt</strong></span> <span class='ocrx_word' id='word_1_123' title='bbox 474 1103 564 1173; x_wconf 87' lang='lat' dir='ltr'><strong>primi</strong></span> <span class='ocrx_word' id='word_1_124' title='bbox 591 1102 632 1175; x_wconf 85' lang='lat' dir='ltr'><strong>(id</strong></span> <span class='ocrx_word' id='word_1_125' title='bbox 654 1103 804 1174; x_wconf 84' lang='lat' dir='ltr'><strong>respondet</strong></span> <span class='ocrx_word' id='word_1_126' title='bbox 831 1102 885 1157; x_wconf 90' lang='lat' dir='ltr'><strong>illis</strong></span> <span class='ocrx_word' id='word_1_127' title='bbox 914 1102 1005 1158; x_wconf 83' lang='lat' dir='ltr'><strong>verbis</strong></span> <span class='ocrx_word' id='word_1_128' title='bbox 1030 1100 1143 1155; x_wconf 88' lang='lat' dir='ltr'><strong>tismum</strong></span> <span class='ocrx_word' id='word_1_129' title='bbox 1169 1102 1330 1158; x_wconf 78' lang='lat' dir='ltr'><strong>Hebraeum</strong></span> <span class='ocrx_word' id='word_1_130' title='bbox 1358 1100 1507 1157; x_wconf 79' lang='lat' dir='ltr'><strong>aGraeoo.</strong></span> <span class='ocrx_word' id='word_1_131' title='bbox 1544 1099 1628 1171; x_wconf 85' lang='lat' dir='ltr'><strong>Apud</strong></span> <span class='ocrx_word' id='word_1_132' title='bbox 1643 1099 1787 1155; x_wconf 82' lang='lat' dir='ltr'><strong>Hebraeos</strong></span> <span class='ocrx_word' id='word_1_133' title='bbox 1804 1098 1863 1171; x_wconf 87' lang='lat' dir='ltr'><strong>qui·</strong></span> 
     </span>
     <span class='ocr_line' id='line_1_11' title="bbox 176 1184 1865 1258; baseline -0.002 -16"><span class='ocrx_word' id='word_1_134' title='bbox 176 1193 196 1243; x_wconf 94' lang='grc'><strong>1.</strong></span> <span class='ocrx_word' id='word_1_135' title='bbox 218 1186 280 1243; x_wconf 78' lang='lat' dir='ltr'><strong>Cor.</strong></span> <span class='ocrx_word' id='word_1_136' title='bbox 304 1194 350 1251; x_wconf 79' lang='grc'><strong>15,</strong></span> <span class='ocrx_word' id='word_1_137' title='bbox 376 1208 402 1245; x_wconf 85' lang='lat' dir='ltr'><strong>v.</strong></span> <span class='ocrx_word' id='word_1_138' title='bbox 420 1194 462 1246; x_wconf 86' lang='grc'><strong>52.</strong></span> <span class='ocrx_word' id='word_1_139' title='bbox 487 1190 517 1243; x_wconf 88' lang='lat' dir='ltr'><strong>in</strong></span> <span class='ocrx_word' id='word_1_140' title='bbox 541 1198 692 1257; x_wconf 82' lang='lat' dir='ltr'><strong>momento,</strong></span> <span class='ocrx_word' id='word_1_141' title='bbox 720 1190 750 1242; x_wconf 89' lang='lat' dir='ltr'><strong>in</strong></span> <span class='ocrx_word' id='word_1_142' title='bbox 777 1189 833 1243; x_wconf 83' lang='lat' dir='ltr'><strong>ictu</strong></span> <span class='ocrx_word' id='word_1_143' title='bbox 858 1189 947 1258; x_wconf 86' lang='lat' dir='ltr'><strong>oculi,</strong></span> <span class='ocrx_word' id='word_1_144' title='bbox 975 1190 1005 1241; x_wconf 83' lang='lat' dir='ltr'><strong>in</strong></span> <span class='ocrx_word' id='word_1_145' title='bbox 1031 1186 1094 1242; x_wconf 88' lang='lat' dir='ltr'><strong>dem</strong></span> <span class='ocrx_word' id='word_1_146' title='bbox 1126 1187 1171 1242; x_wconf 90' lang='lat' dir='ltr'><strong>hie</strong></span> <span class='ocrx_word' id='word_1_147' title='bbox 1202 1204 1299 1244; x_wconf 87' lang='lat' dir='ltr'><strong>sensus</strong></span> <span class='ocrx_word' id='word_1_148' title='bbox 1331 1203 1365 1243; x_wconf 84' lang='lat' dir='ltr'><strong>ex</strong></span> <span class='ocrx_word' id='word_1_149' title='bbox 1395 1188 1445 1243; x_wconf 84' lang='lat' dir='ltr'><strong>tali</strong></span> <span class='ocrx_word' id='word_1_150' title='bbox 1469 1186 1655 1258; x_wconf 83' lang='lat' dir='ltr'><strong>propositione</strong></span> <span class='ocrx_word' id='word_1_151' title='bbox 1673 1184 1804 1254; x_wconf 87' lang='lat' dir='ltr'><strong>resultat,</strong></span> <span class='ocrx_word' id='word_1_152' title='bbox 1832 1193 1865 1240; x_wconf 88' lang='lat' dir='ltr'><strong>ut</strong></span> 
     </span>
     <span class='ocr_line' id='line_1_12' title="bbox 172 1271 1864 1346; baseline -0.003 -16"><span class='ocrx_word' id='word_1_153' title='bbox 172 1275 323 1330; x_wconf 72' lang='lat' dir='ltr'><strong>mesina</strong></span> <span class='ocrx_word' id='word_1_154' title='bbox 344 1276 411 1330; x_wconf 82' lang='grc'>1515</span> <span class='ocrx_word' id='word_1_155' title='bbox 426 1277 531 1332; x_wconf 84' lang='lat' dir='ltr'><strong>mortui</strong></span> <span class='ocrx_word' id='word_1_156' title='bbox 547 1284 693 1346; x_wconf 65' lang='lat' dir='ltr'><strong>recurrent</strong></span> <span class='ocrx_word' id='word_1_157' title='bbox 714 1276 897 1345; x_wconf 79' lang='lat' dir='ltr'><strong>incorrupti),</strong></span> <span class='ocrx_word' id='word_1_158' title='bbox 921 1292 947 1332; x_wconf 84' lang='lat' dir='ltr'><strong>v.</strong></span> <span class='ocrx_word' id='word_1_159' title='bbox 966 1280 1004 1330; x_wconf 86' lang='grc'><strong>11.</strong></span> <span class='ocrx_word' id='word_1_160' title='bbox 1030 1279 1148 1344; x_wconf 80' lang='lat' dir='ltr'><strong>apparet</strong></span> <span class='ocrx_word' id='word_1_161' title='bbox 1169 1290 1203 1329; x_wconf 87' lang='lat' dir='ltr'><strong>ex</strong></span> <span class='ocrx_word' id='word_1_162' title='bbox 1227 1272 1364 1328; x_wconf 88' lang='lat' dir='ltr'><strong>similibus</strong></span> <span class='ocrx_word' id='word_1_163' title='bbox 1389 1273 1528 1343; x_wconf 86' lang='lat' dir='ltr'><strong>exemplis.</strong></span> <span class='ocrx_word' id='word_1_164' title='bbox 1565 1273 1631 1326; x_wconf 88' lang='lat' dir='ltr'><strong>Non</strong></span> <span class='ocrx_word' id='word_1_165' title='bbox 1658 1271 1864 1342; x_wconf 73' lang='lat' dir='ltr'><strong>jususicuhitur</strong></span> 
     </span>
     <span class='ocr_line' id='line_1_13' title="bbox 172 1358 1864 1432; baseline -0.002 -17"><span class='ocrx_word' id='word_1_166' title='bbox 172 1360 275 1415; x_wconf 84' lang='lat' dir='ltr'><strong>deinde</strong></span> <span class='ocrx_word' id='word_1_167' title='bbox 292 1380 344 1417; x_wconf 81' lang='lat' dir='ltr'><strong>soe</strong></span> <span class='ocrx_word' id='word_1_168' title='bbox 360 1363 412 1432; x_wconf 73' lang='lat' dir='ltr'><strong>qui</strong></span> <span class='ocrx_word' id='word_1_169' title='bbox 428 1364 561 1429; x_wconf 82' lang='lat' dir='ltr'><strong>risimus,</strong></span> <span class='ocrx_word' id='word_1_170' title='bbox 579 1365 629 1432; x_wconf 73' lang='lat' dir='ltr'><strong>qni</strong></span> <span class='ocrx_word' id='word_1_171' title='bbox 645 1363 841 1432; x_wconf 75' lang='lat' dir='ltr'><strong>relinquimur,</strong></span> <span class='ocrx_word' id='word_1_172' title='bbox 858 1361 943 1417; x_wconf 89' lang='lat' dir='ltr'><strong>simul</strong></span> <span class='ocrx_word' id='word_1_173' title='bbox 959 1379 1005 1416; x_wconf 85' lang='lat' dir='ltr'><strong>ru·</strong></span> <span class='ocrx_word' id='word_1_174' title='bbox 1030 1359 1060 1412; x_wconf 88' lang='lat' dir='ltr'><strong>in</strong></span> <span class='ocrx_word' id='word_1_175' title='bbox 1078 1369 1226 1428; x_wconf 86' lang='lat' dir='ltr'><strong>conspectu</strong></span> <span class='ocrx_word' id='word_1_176' title='bbox 1243 1367 1290 1414; x_wconf 87' lang='lat' dir='ltr'><strong>tuo</strong></span> <span class='ocrx_word' id='word_1_177' title='bbox 1309 1360 1398 1415; x_wconf 86' lang='lat' dir='ltr'><strong>omnis</strong></span> <span class='ocrx_word' id='word_1_178' title='bbox 1417 1378 1499 1428; x_wconf 85' lang='lat' dir='ltr'><strong>curo,</strong></span> <span class='ocrx_word' id='word_1_179' title='bbox 1524 1359 1540 1413; x_wconf 88' lang='lat' dir='ltr'><strong>i.</strong></span> <span class='ocrx_word' id='word_1_180' title='bbox 1560 1375 1581 1415; x_wconf 90' lang='lat' dir='ltr'><strong>e.</strong></span> <span class='ocrx_word' id='word_1_181' title='bbox 1605 1359 1690 1416; x_wconf 85' lang='lat' dir='ltr'><strong>nulls.</strong></span> <span class='ocrx_word' id='word_1_182' title='bbox 1728 1361 1793 1413; x_wconf 91' lang='lat' dir='ltr'><strong>Non</strong></span> <span class='ocrx_word' id='word_1_183' title='bbox 1810 1358 1864 1411; x_wconf 84' lang='lat' dir='ltr'><strong>erit</strong></span> 
     </span>
     <span class='ocr_line' id='line_1_14' title="bbox 68 1443 1862 1518; baseline -0.002 -17"><span class='ocrx_word' id='word_1_184' title='bbox 68 1446 111 1489; x_wconf 68' lang='lat'><strong>1¹¹·</strong></span> <span class='ocrx_word' id='word_1_185' title='bbox 124 1446 283 1518; x_wconf 79' lang='lat' dir='ltr'><strong>⁸²·pismur</strong></span> <span class='ocrx_word' id='word_1_186' title='bbox 310 1466 372 1502; x_wconf 89' lang='lat' dir='ltr'><strong>cum</strong></span> <span class='ocrx_word' id='word_1_187' title='bbox 400 1449 463 1503; x_wconf 88' lang='lat' dir='ltr'><strong>illis</strong></span> <span class='ocrx_word' id='word_1_188' title='bbox 493 1450 524 1504; x_wconf 89' lang='lat' dir='ltr'><strong>in</strong></span> <span class='ocrx_word' id='word_1_189' title='bbox 547 1450 667 1504; x_wconf 80' lang='grc'>55511155</span> <span class='ocrx_word' id='word_1_190' title='bbox 696 1449 806 1505; x_wconf 83' lang='lat' dir='ltr'><strong>ebrium</strong></span> <span class='ocrx_word' id='word_1_191' title='bbox 829 1449 952 1503; x_wconf 88' lang='lat' dir='ltr'><strong>Domino</strong></span> <span class='ocrx_word' id='word_1_192' title='bbox 975 1447 1006 1500; x_wconf 91' lang='lat' dir='ltr'><strong>in</strong></span> <span class='ocrx_word' id='word_1_193' title='bbox 1030 1445 1201 1514; x_wconf 82' lang='lat' dir='ltr'><strong>impossihile</strong></span> <span class='ocrx_word' id='word_1_194' title='bbox 1222 1447 1303 1514; x_wconf 83' lang='lat' dir='ltr'><strong>apud</strong></span> <span class='ocrx_word' id='word_1_195' title='bbox 1320 1447 1412 1500; x_wconf 87' lang='lat' dir='ltr'><strong>Deum</strong></span> <span class='ocrx_word' id='word_1_196' title='bbox 1430 1462 1510 1501; x_wconf 89' lang='lat' dir='ltr'><strong>omne</strong></span> <span class='ocrx_word' id='word_1_197' title='bbox 1529 1446 1650 1511; x_wconf 80' lang='lat' dir='ltr'><strong>uerbum,</strong></span> <span class='ocrx_word' id='word_1_198' title='bbox 1670 1444 1687 1499; x_wconf 91' lang='lat' dir='ltr'><strong>i.</strong></span> <span class='ocrx_word' id='word_1_199' title='bbox 1707 1461 1730 1502; x_wconf 92' lang='grc'><strong>5.</strong></span> <span class='ocrx_word' id='word_1_200' title='bbox 1748 1443 1862 1499; x_wconf 87' lang='lat' dir='ltr'><strong>nullum.</strong></span> 
     </span>
     <span class='ocr_line' id='line_1_15' title="bbox 171 1530 1864 1606; baseline 0.001 -20"><span class='ocrx_word' id='word_1_201' title='bbox 171 1537 240 1587; x_wconf 74' lang='grc'>5155</span> <span class='ocrx_word' id='word_1_202' title='bbox 270 1533 309 1603; x_wconf 82' lang='lat' dir='ltr'><strong>(id</strong></span> <span class='ocrx_word' id='word_1_203' title='bbox 338 1535 489 1606; x_wconf 85' lang='lat' dir='ltr'><strong>respondet</strong></span> <span class='ocrx_word' id='word_1_204' title='bbox 516 1534 571 1590; x_wconf 88' lang='lat' dir='ltr'><strong>illis</strong></span> <span class='ocrx_word' id='word_1_205' title='bbox 597 1534 704 1606; x_wconf 82' lang='lat' dir='ltr'><strong>verbis,</strong></span> <span class='ocrx_word' id='word_1_206' title='bbox 735 1542 761 1589; x_wconf 87' lang='lat' dir='ltr'><strong>et</strong></span> <span class='ocrx_word' id='word_1_207' title='bbox 787 1534 1005 1604; x_wconf 77' lang='lat' dir='ltr'><strong>immutabimur,</strong></span> <span class='ocrx_word' id='word_1_208' title='bbox 1030 1530 1086 1587; x_wconf 85' lang='lat' dir='ltr'><strong>Sed</strong></span> <span class='ocrx_word' id='word_1_209' title='bbox 1103 1531 1206 1587; x_wconf 80' lang='lat' dir='ltr'><strong>Graeci</strong></span> <span class='ocrx_word' id='word_1_210' title='bbox 1224 1531 1363 1588; x_wconf 82' lang='lat' dir='ltr'><strong>idiomatis</strong></span> <span class='ocrx_word' id='word_1_211' title='bbox 1380 1540 1423 1588; x_wconf 89' lang='lat' dir='ltr'><strong>est</strong></span> <span class='ocrx_word' id='word_1_212' title='bbox 1441 1533 1537 1603; x_wconf 87' lang='lat' dir='ltr'><strong>disper</strong></span> <span class='ocrx_word' id='word_1_213' title='bbox 1554 1532 1634 1588; x_wconf 86' lang='lat' dir='ltr'><strong>ratio.</strong></span> <span class='ocrx_word' id='word_1_214' title='bbox 1670 1536 1695 1586; x_wconf 82' lang='grc'><strong>1.</strong></span> <span class='ocrx_word' id='word_1_215' title='bbox 1719 1532 1864 1594; x_wconf 79' lang='lat' dir='ltr'><strong>Quomodo</strong></span> 
     </span>
     <span class='ocr_line' id='line_1_16' title="bbox 171 1619 1863 1693; baseline -0.001 -19"><span class='ocrx_word' id='word_1_216' title='bbox 171 1619 237 1689; x_wconf 87' lang='lat' dir='ltr'><strong>quis</strong></span> <span class='ocrx_word' id='word_1_217' title='bbox 259 1620 366 1692; x_wconf 82' lang='lat' dir='ltr'><strong>absque</strong></span> <span class='ocrx_word' id='word_1_218' title='bbox 391 1622 580 1677; x_wconf 86' lang='lat' dir='ltr'><strong>intercedente</strong></span> <span class='ocrx_word' id='word_1_219' title='bbox 603 1622 794 1678; x_wconf 68' lang='lat' dir='ltr'><strong>immutatione</strong></span> <span class='ocrx_word' id='word_1_220' title='bbox 813 1637 930 1693; x_wconf 88' lang='lat' dir='ltr'><strong>eorpors</strong></span> <span class='ocrx_word' id='word_1_221' title='bbox 946 1620 1004 1675; x_wconf 86' lang='lat' dir='ltr'><strong>ani·</strong></span> <span class='ocrx_word' id='word_1_222' title='bbox 1030 1619 1142 1673; x_wconf 75' lang='lat' dir='ltr'><strong>Padus</strong></span> <span class='ocrx_word' id='word_1_223' title='bbox 1158 1620 1272 1686; x_wconf 84' lang='lat' dir='ltr'><strong>diceret,</strong></span> <span class='ocrx_word' id='word_1_224' title='bbox 1291 1636 1348 1672; x_wconf 89' lang='lat' dir='ltr'><strong>non</strong></span> <span class='ocrx_word' id='word_1_225' title='bbox 1366 1636 1460 1674; x_wconf 86' lang='lat' dir='ltr'><strong>omncs</strong></span> <span class='ocrx_word' id='word_1_226' title='bbox 1478 1620 1656 1687; x_wconf 80' lang='lat' dir='ltr'><strong>dormiemus,</strong></span> <span class='ocrx_word' id='word_1_227' title='bbox 1683 1636 1745 1674; x_wconf 91' lang='lat' dir='ltr'><strong>cum</strong></span> <span class='ocrx_word' id='word_1_228' title='bbox 1763 1619 1863 1673; x_wconf 88' lang='lat' dir='ltr'><strong>Domi·</strong></span> 
     </span>
     <span class='ocr_line' id='line_1_17' title="bbox 171 1705 1864 1779; baseline -0.002 -18"><span class='ocrx_word' id='word_1_229' title='bbox 171 1705 255 1761; x_wconf 82' lang='lat' dir='ltr'><strong>melia</strong></span> <span class='ocrx_word' id='word_1_230' title='bbox 279 1722 335 1762; x_wconf 83' lang='lat' dir='ltr'><strong>non</strong></span> <span class='ocrx_word' id='word_1_231' title='bbox 359 1713 474 1778; x_wconf 88' lang='lat' dir='ltr'><strong>possent</strong></span> <span class='ocrx_word' id='word_1_232' title='bbox 494 1708 524 1763; x_wconf 87' lang='lat' dir='ltr'><strong>in</strong></span> <span class='ocrx_word' id='word_1_233' title='bbox 541 1707 662 1764; x_wconf 88' lang='lat' dir='ltr'><strong>nubibus</strong></span> <span class='ocrx_word' id='word_1_234' title='bbox 680 1708 790 1764; x_wconf 87' lang='lat' dir='ltr'><strong>obviam</strong></span> <span class='ocrx_word' id='word_1_235' title='bbox 805 1708 924 1764; x_wconf 90' lang='lat' dir='ltr'><strong>Domino</strong></span> <span class='ocrx_word' id='word_1_236' title='bbox 944 1708 1005 1779; x_wconf 87' lang='lat' dir='ltr'><strong>rapi</strong></span> <span class='ocrx_word' id='word_1_237' title='bbox 1029 1723 1081 1759; x_wconf 88' lang='lat' dir='ltr'><strong>nus</strong></span> <span class='ocrx_word' id='word_1_238' title='bbox 1114 1707 1207 1771; x_wconf 75' lang='grc'>511551,</span> <span class='ocrx_word' id='word_1_239' title='bbox 1241 1707 1465 1765; x_wconf 80' lang='lat' dir='ltr'><strong>dormitaverunt</strong></span> <span class='ocrx_word' id='word_1_240' title='bbox 1498 1724 1590 1762; x_wconf 88' lang='lat' dir='ltr'><strong>omnes</strong></span> <span class='ocrx_word' id='word_1_241' title='bbox 1625 1714 1651 1760; x_wconf 86' lang='lat' dir='ltr'><strong>et</strong></span> <span class='ocrx_word' id='word_1_242' title='bbox 1679 1705 1864 1772; x_wconf 85' lang='lat' dir='ltr'><strong>dormierunt,</strong></span> 
     </span>
     <span class='ocr_line' id='line_1_18' title="bbox 171 1789 1864 1866; baseline -0.001 -21"><span class='ocrx_word' id='word_1_243' title='bbox 171 1792 199 1846; x_wconf 89' lang='lat' dir='ltr'><strong>in</strong></span> <span class='ocrx_word' id='word_1_244' title='bbox 226 1794 313 1865; x_wconf 72' lang='lat' dir='ltr'><strong>aira).</strong></span> <span class='ocrx_word' id='word_1_245' title='bbox 350 1792 585 1851; x_wconf 84' lang='grc' dir='ltr'>1.Η555155115</span> <span class='ocrx_word' id='word_1_246' title='bbox 611 1795 743 1866; x_wconf 78' lang='lat' dir='ltr'><strong>congruit</strong></span> <span class='ocrx_word' id='word_1_247' title='bbox 762 1811 826 1850; x_wconf 89' lang='lat' dir='ltr'><strong>eum</strong></span> <span class='ocrx_word' id='word_1_248' title='bbox 849 1794 912 1849; x_wconf 86' lang='lat' dir='ltr'><strong>aliis</strong></span> <span class='ocrx_word' id='word_1_249' title='bbox 930 1794 1003 1851; x_wconf 87' lang='lat' dir='ltr'><strong>Seri·</strong></span> <span class='ocrx_word' id='word_1_250' title='bbox 1029 1789 1126 1844; x_wconf 86' lang='lat' dir='ltr'><strong>Matth.</strong></span> <span class='ocrx_word' id='word_1_251' title='bbox 1149 1791 1202 1847; x_wconf 77' lang='lat'><strong>25?</strong></span> <span class='ocrx_word' id='word_1_252' title='bbox 1238 1791 1382 1848; x_wconf 83' lang='lat' dir='ltr'><strong>Salmerou</strong></span> <span class='ocrx_word' id='word_1_253' title='bbox 1408 1791 1434 1846; x_wconf 92' lang='lat' dir='ltr'><strong>d.</strong></span> <span class='ocrx_word' id='word_1_254' title='bbox 1461 1791 1478 1847; x_wconf 94' lang='lat' dir='ltr'><strong>l.</strong></span> <span class='ocrx_word' id='word_1_255' title='bbox 1523 1791 1694 1863; x_wconf 84' lang='lat' dir='ltr'><strong>Responsio:</strong></span> <span class='ocrx_word' id='word_1_256' title='bbox 1725 1789 1864 1846; x_wconf 86' lang='lat' dir='ltr'><strong>Parabola</strong></span> 
     </span>
     <span class='ocr_line' id='line_1_19' title="bbox 171 1867 1863 1953; baseline -0.002 -19"><span class='ocrx_word' id='word_1_257' title='bbox 171 1883 269 1947; x_wconf 82' lang='lat' dir='ltr'><strong>pturse</strong></span> <span class='ocrx_word' id='word_1_258' title='bbox 283 1867 389 1949; x_wconf 81' lang='lat' dir='ltr'><strong>dietis,</strong></span> <span class='ocrx_word' id='word_1_259' title='bbox 421 1880 449 1934; x_wconf 94' lang='lat' dir='ltr'><strong>in</strong></span> <span class='ocrx_word' id='word_1_260' title='bbox 476 1880 578 1953; x_wconf 87' lang='lat' dir='ltr'><strong>quibus</strong></span> <span class='ocrx_word' id='word_1_261' title='bbox 602 1880 728 1937; x_wconf 78' lang='lat' dir='ltr'><strong>Christus</strong></span> <span class='ocrx_word' id='word_1_262' title='bbox 745 1880 846 1936; x_wconf 85' lang='lat' dir='ltr'><strong>dieitur</strong></span> <span class='ocrx_word' id='word_1_263' title='bbox 859 1882 949 1949; x_wconf 76' lang='lat' dir='ltr'><strong>indes</strong></span> <span class='ocrx_word' id='word_1_264' title='bbox 969 1898 1004 1934; x_wconf 88' lang='lat' dir='ltr'><strong>cc</strong></span> <span class='ocrx_word' id='word_1_265' title='bbox 1029 1876 1131 1933; x_wconf 82' lang='lat' dir='ltr'><strong>Christi</strong></span> <span class='ocrx_word' id='word_1_266' title='bbox 1150 1896 1206 1934; x_wconf 90' lang='lat' dir='ltr'><strong>non</strong></span> <span class='ocrx_word' id='word_1_267' title='bbox 1223 1884 1267 1934; x_wconf 92' lang='lat' dir='ltr'><strong>est</strong></span> <span class='ocrx_word' id='word_1_268' title='bbox 1283 1880 1451 1950; x_wconf 87' lang='lat' dir='ltr'><strong>opponenda</strong></span> <span class='ocrx_word' id='word_1_269' title='bbox 1464 1878 1553 1934; x_wconf 87' lang='lat' dir='ltr'><strong>textui</strong></span> <span class='ocrx_word' id='word_1_270' title='bbox 1566 1877 1718 1949; x_wconf 86' lang='lat' dir='ltr'><strong>apostolico</strong></span> <span class='ocrx_word' id='word_1_271' title='bbox 1735 1876 1863 1933; x_wconf 73' lang='grc'>1111555.</span> 
     </span>
     <span class='ocr_line' id='line_1_20' title="bbox 173 1959 1862 2036; baseline -0.001 -17"><span class='ocrx_word' id='word_1_272' title='bbox 173 1966 304 2020; x_wconf 71' lang='lat' dir='ltr'><strong>dominu</strong></span> <span class='ocrx_word' id='word_1_273' title='bbox 326 1969 498 2022; x_wconf 75' lang='grc'>5155555151</span> <span class='ocrx_word' id='word_1_274' title='bbox 516 1976 702 2035; x_wconf 88' lang='lat' dir='ltr'><strong>mortuorum,</strong></span> <span class='ocrx_word' id='word_1_275' title='bbox 728 1967 823 2025; x_wconf 83' lang='lat' dir='ltr'><strong>Actor.</strong></span> <span class='ocrx_word' id='word_1_276' title='bbox 845 1973 890 2035; x_wconf 83' lang='grc'>11],</span> <span class='ocrx_word' id='word_1_277' title='bbox 913 1985 938 2021; x_wconf 87' lang='lat' dir='ltr'><strong>s.</strong></span> <span class='ocrx_word' id='word_1_278' title='bbox 960 1974 1002 2024; x_wconf 82' lang='grc'><strong>11.</strong></span> <span class='ocrx_word' id='word_1_279' title='bbox 1031 1970 1056 2019; x_wconf 83' lang='grc'><strong>1.</strong></span> <span class='ocrx_word' id='word_1_280' title='bbox 1072 1963 1100 2018; x_wconf 88' lang='grc'><strong>15</strong></span> <span class='ocrx_word' id='word_1_281' title='bbox 1121 1981 1176 2036; x_wconf 90' lang='lat' dir='ltr'><strong>quo</strong></span> <span class='ocrx_word' id='word_1_282' title='bbox 1194 1965 1346 2020; x_wconf 88' lang='lat' dir='ltr'><strong>clarissime</strong></span> <span class='ocrx_word' id='word_1_283' title='bbox 1363 1959 1509 2035; x_wconf 84' lang='lat' dir='ltr'><strong>asseritur,</strong></span> <span class='ocrx_word' id='word_1_284' title='bbox 1535 1980 1590 2019; x_wconf 89' lang='lat' dir='ltr'><strong>non</strong></span> <span class='ocrx_word' id='word_1_285' title='bbox 1608 1980 1703 2020; x_wconf 88' lang='lat' dir='ltr'><strong>omnes</strong></span> <span class='ocrx_word' id='word_1_286' title='bbox 1722 1980 1773 2035; x_wconf 90' lang='lat' dir='ltr'><strong>per</strong></span> <span class='ocrx_word' id='word_1_287' title='bbox 1792 1981 1862 2019; x_wconf 91' lang='lat' dir='ltr'><strong>mor-</strong></span> 
     </span>
     <span class='ocr_line' id='line_1_21' title="bbox 171 2051 1862 2124; baseline 0.001 -18"><span class='ocrx_word' id='word_1_288' title='bbox 171 2051 250 2109; x_wconf 88' lang='lat' dir='ltr'><strong>Rom.</strong></span> <span class='ocrx_word' id='word_1_289' title='bbox 272 2057 317 2121; x_wconf 80' lang='lat' dir='ltr'><strong>ts,</strong></span> <span class='ocrx_word' id='word_1_290' title='bbox 340 2071 366 2110; x_wconf 82' lang='lat' dir='ltr'><strong>v.</strong></span> <span class='ocrx_word' id='word_1_291' title='bbox 383 2058 407 2109; x_wconf 86' lang='lat' dir='ltr'><strong>o.</strong></span> <span class='ocrx_word' id='word_1_292' title='bbox 446 2059 468 2110; x_wconf 90' lang='grc'><strong>1.</strong></span> <span class='ocrx_word' id='word_1_293' title='bbox 489 2055 564 2111; x_wconf 86' lang='lat' dir='ltr'><strong>Patr.</strong></span> <span class='ocrx_word' id='word_1_294' title='bbox 584 2060 614 2123; x_wconf 82' lang='lat'><strong>4,</strong></span> <span class='ocrx_word' id='word_1_295' title='bbox 639 2073 665 2109; x_wconf 82' lang='lat' dir='ltr'><strong>r.</strong></span> <span class='ocrx_word' id='word_1_296' title='bbox 687 2061 711 2114; x_wconf 88' lang='grc'><strong>5.</strong></span> <span class='ocrx_word' id='word_1_297' title='bbox 753 2053 860 2118; x_wconf 83' lang='lat' dir='ltr'><strong>Quodsi</strong></span> <span class='ocrx_word' id='word_1_298' title='bbox 883 2070 1005 2124; x_wconf 86' lang='lat' dir='ltr'><strong>namque</strong></span> <span class='ocrx_word' id='word_1_299' title='bbox 1029 2055 1085 2105; x_wconf 92' lang='lat' dir='ltr'><strong>tem</strong></span> <span class='ocrx_word' id='word_1_300' title='bbox 1108 2051 1319 2110; x_wconf 88' lang='lat' dir='ltr'><strong>obdormituros.</strong></span> <span class='ocrx_word' id='word_1_301' title='bbox 1356 2052 1409 2108; x_wconf 89' lang='lat' dir='ltr'><strong>Per</strong></span> <span class='ocrx_word' id='word_1_302' title='bbox 1433 2051 1655 2108; x_wconf 73' lang='lat' dir='ltr'><strong>dormitationem</strong></span> <span class='ocrx_word' id='word_1_303' title='bbox 1679 2067 1713 2105; x_wconf 90' lang='lat' dir='ltr'><strong>ae</strong></span> <span class='ocrx_word' id='word_1_304' title='bbox 1736 2066 1862 2107; x_wconf 89' lang='lat' dir='ltr'><strong>somnum</strong></span> 
     </span>
     <span class='ocr_line' id='line_1_22' title="bbox 171 2137 1864 2212; baseline -0.001 -19"><span class='ocrx_word' id='word_1_305' title='bbox 171 2152 266 2194; x_wconf 88' lang='lat' dir='ltr'><strong>omnes</strong></span> <span class='ocrx_word' id='word_1_306' title='bbox 284 2139 408 2195; x_wconf 87' lang='lat' dir='ltr'><strong>morituri</strong></span> <span class='ocrx_word' id='word_1_307' title='bbox 428 2147 528 2210; x_wconf 87' lang='lat' dir='ltr'><strong>essent,</strong></span> <span class='ocrx_word' id='word_1_308' title='bbox 546 2140 645 2212; x_wconf 87' lang='lat' dir='ltr'><strong>utique</strong></span> <span class='ocrx_word' id='word_1_309' title='bbox 657 2139 783 2196; x_wconf 81' lang='lat' dir='ltr'><strong>Christus</strong></span> <span class='ocrx_word' id='word_1_310' title='bbox 801 2157 857 2196; x_wconf 90' lang='lat' dir='ltr'><strong>uon</strong></span> <span class='ocrx_word' id='word_1_311' title='bbox 869 2141 1004 2209; x_wconf 83' lang='lat' dir='ltr'><strong>vivorum,</strong></span> <span class='ocrx_word' id='word_1_312' title='bbox 1029 2142 1222 2212; x_wconf 74' lang='grc' dir='ltr'><strong><em>παραβολικῶς</em></strong></span> <span class='ocrx_word' id='word_1_313' title='bbox 1239 2140 1379 2204; x_wconf 89' lang='lat' dir='ltr'><strong>innuitur,</strong></span> <span class='ocrx_word' id='word_1_314' title='bbox 1397 2139 1471 2212; x_wconf 90' lang='lat' dir='ltr'><strong>quod</strong></span> <span class='ocrx_word' id='word_1_315' title='bbox 1489 2139 1525 2194; x_wconf 93' lang='lat' dir='ltr'><strong>ob</strong></span> <span class='ocrx_word' id='word_1_316' title='bbox 1545 2154 1649 2193; x_wconf 86' lang='lat' dir='ltr'><strong>moram</strong></span> <span class='ocrx_word' id='word_1_317' title='bbox 1663 2138 1757 2209; x_wconf 88' lang='lat' dir='ltr'><strong>sponsi</strong></span> <span class='ocrx_word' id='word_1_318' title='bbox 1770 2137 1864 2193; x_wconf 83' lang='lat' dir='ltr'><strong>taedio</strong></span> 
     </span>
     <span class='ocr_line' id='line_1_23' title="bbox 170 2223 1862 2300; baseline -0.002 -19"><span class='ocrx_word' id='word_1_319' title='bbox 170 2224 220 2280; x_wconf 86' lang='lat' dir='ltr'><strong>ssd</strong></span> <span class='ocrx_word' id='word_1_320' title='bbox 242 2230 411 2282; x_wconf 90' lang='lat' dir='ltr'><strong>mortuorum</strong></span> <span class='ocrx_word' id='word_1_321' title='bbox 430 2227 567 2282; x_wconf 83' lang='lat' dir='ltr'><strong>duntaxat</strong></span> <span class='ocrx_word' id='word_1_322' title='bbox 584 2233 658 2283; x_wconf 87' lang='grc'>55551</span> <span class='ocrx_word' id='word_1_323' title='bbox 672 2227 768 2300; x_wconf 86' lang='lat' dir='ltr'><strong>judex.</strong></span> <span class='ocrx_word' id='word_1_324' title='bbox 1031 2223 1150 2294; x_wconf 88' lang='lat' dir='ltr'><strong>quodem</strong></span> <span class='ocrx_word' id='word_1_325' title='bbox 1179 2224 1338 2281; x_wconf 84' lang='lat' dir='ltr'><strong>afficiantur</strong></span> <span class='ocrx_word' id='word_1_326' title='bbox 1366 2242 1400 2282; x_wconf 86' lang='grc'><strong>55</strong></span> <span class='ocrx_word' id='word_1_327' title='bbox 1430 2242 1526 2282; x_wconf 87' lang='lat' dir='ltr'><strong>euram</strong></span> <span class='ocrx_word' id='word_1_328' title='bbox 1559 2225 1652 2296; x_wconf 89' lang='lat' dir='ltr'><strong>spousi</strong></span> <span class='ocrx_word' id='word_1_329' title='bbox 1684 2223 1862 2294; x_wconf 84' lang='lat' dir='ltr'><strong>exspectandi</strong></span> 
     </span>
     <span class='ocr_line' id='line_1_24' title="bbox 1029 2302 1978 2382; baseline 0.001 -18"><span class='ocrx_word' id='word_1_330' title='bbox 1029 2309 1115 2365; x_wconf 87' lang='lat' dir='ltr'><strong>ferme</strong></span> <span class='ocrx_word' id='word_1_331' title='bbox 1141 2310 1288 2382; x_wconf 83' lang='lat' dir='ltr'><strong>deponant</strong></span> <span class='ocrx_word' id='word_1_332' title='bbox 1327 2312 1433 2379; x_wconf 81' lang='lat' dir='ltr'><strong>Quodsi</strong></span> <span class='ocrx_word' id='word_1_333' title='bbox 1457 2313 1501 2368; x_wconf 85' lang='lat' dir='ltr'><strong>vel</strong></span> <span class='ocrx_word' id='word_1_334' title='bbox 1527 2312 1646 2367; x_wconf 73' lang='lat' dir='ltr'><strong>mamma</strong></span> <span class='ocrx_word' id='word_1_335' title='bbox 1671 2326 1734 2366; x_wconf 91' lang='lat' dir='ltr'><strong>eum</strong></span> <span class='ocrx_word' id='word_1_336' title='bbox 1761 2310 1860 2366; x_wconf 89' lang='lat' dir='ltr'><strong>Hiero·</strong></span> <span class='ocrx_word' id='word_1_337' title='bbox 1876 2309 1931 2353; x_wconf 85' lang='lat'><strong>¹¹¹·</strong></span> <span class='ocrx_word' id='word_1_338' title='bbox 1945 2302 1978 2353; x_wconf 65' lang='lat'><strong>⁸2</strong></span> 
     </span>
     <span class='ocr_line' id='line_1_25' title="bbox 208 2396 1862 2470; baseline -0.001 -17"><span class='ocrx_word' id='word_1_339' title='bbox 208 2402 263 2454; x_wconf 81' lang='lat' dir='ltr'><strong>trs.</strong></span> <span class='ocrx_word' id='word_1_340' title='bbox 298 2398 458 2470; x_wconf 90' lang='lat' dir='ltr'><strong>Opponitur</strong></span> <span class='ocrx_word' id='word_1_341' title='bbox 480 2397 546 2454; x_wconf 89' lang='lat' dir='ltr'><strong>huie</strong></span> <span class='ocrx_word' id='word_1_342' title='bbox 569 2398 681 2454; x_wconf 89' lang='lat' dir='ltr'><strong>lectioni</strong></span> <span class='ocrx_word' id='word_1_343' title='bbox 705 2415 724 2454; x_wconf 90' lang='lat' dir='ltr'><strong>s</strong></span> <span class='ocrx_word' id='word_1_344' title='bbox 747 2398 919 2462; x_wconf 80' lang='lat' dir='ltr'><strong>Selmerone,</strong></span> <span class='ocrx_word' id='word_1_345' title='bbox 944 2398 1004 2454; x_wconf 81' lang='lat' dir='ltr'><strong>Sta·</strong></span> <span class='ocrx_word' id='word_1_346' title='bbox 1030 2411 1114 2466; x_wconf 86' lang='lat' dir='ltr'><strong>nymo</strong></span> <span class='ocrx_word' id='word_1_347' title='bbox 1139 2398 1168 2451; x_wconf 91' lang='lat' dir='ltr'><strong>in</strong></span> <span class='ocrx_word' id='word_1_348' title='bbox 1187 2414 1284 2453; x_wconf 86' lang='lat' dir='ltr'><strong>eomm</strong></span> <span class='ocrx_word' id='word_1_349' title='bbox 1303 2397 1402 2454; x_wconf 84' lang='lat' dir='ltr'><strong>blattb.</strong></span> <span class='ocrx_word' id='word_1_350' title='bbox 1425 2405 1465 2455; x_wconf 83' lang='grc'><strong>15.</strong></span> <span class='ocrx_word' id='word_1_351' title='bbox 1492 2397 1651 2469; x_wconf 81' lang='lat' dir='ltr'><strong>Augustino</strong></span> <span class='ocrx_word' id='word_1_352' title='bbox 1677 2396 1783 2468; x_wconf 88' lang='lat' dir='ltr'><strong>epistol.</strong></span> <span class='ocrx_word' id='word_1_353' title='bbox 1805 2401 1862 2452; x_wconf 82' lang='grc'>111.</span> 
     </span>
     <span class='ocr_line' id='line_1_26' title="bbox 170 2481 1863 2565; baseline 0 -27"><span class='ocrx_word' id='word_1_354' title='bbox 170 2484 291 2554; x_wconf 87' lang='lat' dir='ltr'><strong>pletono,</strong></span> <span class='ocrx_word' id='word_1_355' title='bbox 311 2485 452 2555; x_wconf 74' lang='lat' dir='ltr'><strong>Surrento,</strong></span> <span class='ocrx_word' id='word_1_356' title='bbox 469 2484 597 2542; x_wconf 80' lang='lat' dir='ltr'><strong>Cornelio</strong></span> <span class='ocrx_word' id='word_1_357' title='bbox 616 2502 634 2540; x_wconf 87' lang='grc'><strong>5</strong></span> <span class='ocrx_word' id='word_1_358' title='bbox 651 2485 767 2557; x_wconf 87' lang='lat' dir='ltr'><strong>Lapide,</strong></span> <span class='ocrx_word' id='word_1_359' title='bbox 789 2486 959 2541; x_wconf 82' lang='lat' dir='ltr'><strong>Saeroboseo</strong></span> <span class='ocrx_word' id='word_1_360' title='bbox 976 2492 1004 2541; x_wconf 91' lang='lat' dir='ltr'><strong>et</strong></span> <span class='ocrx_word' id='word_1_361' title='bbox 1015 2518 1017 2565; x_wconf 70' lang='grc'>,</span> <span class='ocrx_word' id='word_1_362' title='bbox 1029 2481 1058 2536; x_wconf 89' lang='grc'><strong>15</strong></span> <span class='ocrx_word' id='word_1_363' title='bbox 1074 2499 1164 2541; x_wconf 87' lang='lat' dir='ltr'><strong>enarr.</strong></span> <span class='ocrx_word' id='word_1_364' title='bbox 1185 2483 1286 2541; x_wconf 85' lang='lat' dir='ltr'><strong>Pselm.</strong></span> <span class='ocrx_word' id='word_1_365' title='bbox 1309 2489 1365 2540; x_wconf 85' lang='grc'>111.</span> <span class='ocrx_word' id='word_1_366' title='bbox 1383 2483 1432 2539; x_wconf 93' lang='lat' dir='ltr'><strong>lib.</strong></span> <span class='ocrx_word' id='word_1_367' title='bbox 1453 2489 1496 2541; x_wconf 82' lang='grc'><strong>81.</strong></span> <span class='ocrx_word' id='word_1_368' title='bbox 1516 2489 1622 2556; x_wconf 83' lang='lat' dir='ltr'><strong>quaest</strong></span> <span class='ocrx_word' id='word_1_369' title='bbox 1641 2500 1667 2555; x_wconf 89' lang='lat' dir='ltr'><strong>q.</strong></span> <span class='ocrx_word' id='word_1_370' title='bbox 1686 2488 1726 2541; x_wconf 81' lang='grc'><strong>59.</strong></span> <span class='ocrx_word' id='word_1_371' title='bbox 1747 2481 1863 2539; x_wconf 75' lang='grc'>511155·</span> 
     </span>
     <span class='ocr_line' id='line_1_27' title="bbox 169 2568 1863 2643; baseline -0.001 -18"><span class='ocrx_word' id='word_1_372' title='bbox 169 2571 411 2638; x_wconf 87' lang='grc' dir='ltr'>51115Ρ5511115115,</span> <span class='ocrx_word' id='word_1_373' title='bbox 430 2578 454 2627; x_wconf 90' lang='lat'><strong>1.</strong></span> <span class='ocrx_word' id='word_1_374' title='bbox 472 2572 548 2643; x_wconf 94' lang='lat' dir='ltr'><strong>quod</strong></span> <span class='ocrx_word' id='word_1_375' title='bbox 565 2573 596 2626; x_wconf 80' lang='lat' dir='ltr'><strong>is</strong></span> <span class='ocrx_word' id='word_1_376' title='bbox 614 2573 683 2627; x_wconf 86' lang='lat' dir='ltr'><strong>eliis</strong></span> <span class='ocrx_word' id='word_1_377' title='bbox 703 2573 869 2643; x_wconf 82' lang='lat' dir='ltr'><strong>Scripturas</strong></span> <span class='ocrx_word' id='word_1_378' title='bbox 886 2573 957 2628; x_wconf 86' lang='lat' dir='ltr'><strong>locis</strong></span> <span class='ocrx_word' id='word_1_379' title='bbox 978 2576 1017 2627; x_wconf 87' lang='grc' dir='ltr'><strong>51Ι</strong></span> <span class='ocrx_word' id='word_1_380' title='bbox 1029 2568 1107 2639; x_wconf 79' lang='lat' dir='ltr'><strong>gorio</strong></span> <span class='ocrx_word' id='word_1_381' title='bbox 1127 2568 1219 2627; x_wconf 91' lang='lat' dir='ltr'><strong>homil.</strong></span> <span class='ocrx_word' id='word_1_382' title='bbox 1240 2574 1279 2625; x_wconf 83' lang='grc'><strong>11.</strong></span> <span class='ocrx_word' id='word_1_383' title='bbox 1302 2570 1331 2624; x_wconf 89' lang='grc'><strong>15</strong></span> <span class='ocrx_word' id='word_1_384' title='bbox 1354 2587 1454 2642; x_wconf 75' lang='lat' dir='ltr'><strong>evang.</strong></span> <span class='ocrx_word' id='word_1_385' title='bbox 1478 2571 1514 2628; x_wconf 89' lang='lat' dir='ltr'><strong>de</strong></span> <span class='ocrx_word' id='word_1_386' title='bbox 1532 2575 1621 2625; x_wconf 90' lang='lat' dir='ltr'><strong>morte</strong></span> <span class='ocrx_word' id='word_1_387' title='bbox 1641 2569 1773 2639; x_wconf 85' lang='lat' dir='ltr'><strong>accipere</strong></span> <span class='ocrx_word' id='word_1_388' title='bbox 1790 2569 1863 2624; x_wconf 84' lang='lat' dir='ltr'><strong>reli-</strong></span> 
     </span>
     <span class='ocr_line' id='line_1_28' title="bbox 169 2656 1864 2729; baseline 0 -18"><span class='ocrx_word' id='word_1_389' title='bbox 169 2658 267 2712; x_wconf 77' lang='grc'>151555</span> <span class='ocrx_word' id='word_1_390' title='bbox 286 2660 349 2728; x_wconf 76' lang='lat' dir='ltr'><strong>ipsc</strong></span> <span class='ocrx_word' id='word_1_391' title='bbox 368 2659 462 2729; x_wconf 79' lang='lat' dir='ltr'><strong>cupite</strong></span> <span class='ocrx_word' id='word_1_392' title='bbox 483 2665 505 2716; x_wconf 88' lang='grc'><strong>1.</strong></span> <span class='ocrx_word' id='word_1_393' title='bbox 526 2659 588 2714; x_wconf 83' lang='lat' dir='ltr'><strong>Cor.</strong></span> <span class='ocrx_word' id='word_1_394' title='bbox 611 2665 656 2729; x_wconf 87' lang='grc'><strong>15,</strong></span> <span class='ocrx_word' id='word_1_395' title='bbox 671 2677 698 2713; x_wconf 86' lang='lat' dir='ltr'><strong>s.</strong></span> <span class='ocrx_word' id='word_1_396' title='bbox 717 2663 757 2715; x_wconf 80' lang='lat'><strong>22.</strong></span> <span class='ocrx_word' id='word_1_397' title='bbox 787 2677 881 2714; x_wconf 87' lang='lat' dir='ltr'><strong>omnes</strong></span> <span class='ocrx_word' id='word_1_398' title='bbox 905 2659 1002 2714; x_wconf 87' lang='lat' dir='ltr'><strong>dicun·</strong></span> <span class='ocrx_word' id='word_1_399' title='bbox 1028 2674 1104 2725; x_wconf 87' lang='lat' dir='ltr'><strong>mus,</strong></span> <span class='ocrx_word' id='word_1_400' title='bbox 1124 2657 1283 2728; x_wconf 86' lang='lat' dir='ltr'><strong>responderi</strong></span> <span class='ocrx_word' id='word_1_401' title='bbox 1302 2664 1395 2712; x_wconf 68' lang='lat' dir='ltr'><strong>umen</strong></span> <span class='ocrx_word' id='word_1_402' title='bbox 1413 2664 1520 2728; x_wconf 73' lang='lat' dir='ltr'><strong>possm,</strong></span> <span class='ocrx_word' id='word_1_403' title='bbox 1553 2657 1771 2713; x_wconf 74' lang='lat' dir='ltr'><strong>immutationem</strong></span> <span class='ocrx_word' id='word_1_404' title='bbox 1789 2656 1864 2712; x_wconf 81' lang='lat' dir='ltr'><strong>rivo·</strong></span> 
     </span>
     <span class='ocr_line' id='line_1_29' title="bbox 168 2742 1863 2817; baseline 0.001 -20"><span class='ocrx_word' id='word_1_405' title='bbox 168 2752 215 2800; x_wconf 85' lang='lat' dir='ltr'><strong>tur</strong></span> <span class='ocrx_word' id='word_1_406' title='bbox 238 2747 268 2799; x_wconf 89' lang='lat' dir='ltr'><strong>in</strong></span> <span class='ocrx_word' id='word_1_407' title='bbox 293 2746 408 2800; x_wconf 82' lang='lat' dir='ltr'><strong>Ademo</strong></span> <span class='ocrx_word' id='word_1_408' title='bbox 429 2745 569 2800; x_wconf 85' lang='lat' dir='ltr'><strong>morituri.</strong></span> <span class='ocrx_word' id='word_1_409' title='bbox 603 2747 683 2814; x_wconf 69' lang='lat' dir='ltr'><strong>Erec</strong></span> <span class='ocrx_word' id='word_1_410' title='bbox 707 2746 872 2801; x_wconf 77' lang='lat' dir='ltr'><strong>concinnius</strong></span> <span class='ocrx_word' id='word_1_411' title='bbox 895 2753 937 2799; x_wconf 88' lang='grc'><strong>551</strong></span> <span class='ocrx_word' id='word_1_412' title='bbox 960 2747 1002 2800; x_wconf 82' lang='grc'><strong>515</strong></span> <span class='ocrx_word' id='word_1_413' title='bbox 1027 2760 1089 2798; x_wconf 90' lang='lat' dir='ltr'><strong>rum</strong></span> <span class='ocrx_word' id='word_1_414' title='bbox 1113 2742 1173 2799; x_wconf 85' lang='lat' dir='ltr'><strong>fore</strong></span> <span class='ocrx_word' id='word_1_415' title='bbox 1196 2744 1277 2800; x_wconf 87' lang='lat' dir='ltr'><strong>morti</strong></span> <span class='ocrx_word' id='word_1_416' title='bbox 1304 2743 1454 2817; x_wconf 78' lang='lat' dir='ltr'><strong>analogum</strong></span> <span class='ocrx_word' id='word_1_417' title='bbox 1476 2743 1521 2800; x_wconf 86' lang='lat' dir='ltr'><strong>vel</strong></span> <span class='ocrx_word' id='word_1_418' title='bbox 1546 2744 1582 2799; x_wconf 89' lang='lat' dir='ltr'><strong>de</strong></span> <span class='ocrx_word' id='word_1_419' title='bbox 1605 2742 1704 2815; x_wconf 90' lang='lat' dir='ltr'><strong>majori</strong></span> <span class='ocrx_word' id='word_1_420' title='bbox 1723 2742 1863 2799; x_wconf 88' lang='lat' dir='ltr'><strong>bominum</strong></span> 
     </span>
     <span class='ocr_line' id='line_1_30' title="bbox 168 2829 1865 2903; baseline 0 -17"><span class='ocrx_word' id='word_1_421' title='bbox 168 2834 275 2902; x_wconf 79' lang='lat' dir='ltr'><strong>tepere,</strong></span> <span class='ocrx_word' id='word_1_422' title='bbox 299 2849 394 2887; x_wconf 79' lang='lat' dir='ltr'><strong>omnm</strong></span> <span class='ocrx_word' id='word_1_423' title='bbox 413 2832 526 2903; x_wconf 77' lang='lat' dir='ltr'><strong>qsridsm</strong></span> <span class='ocrx_word' id='word_1_424' title='bbox 543 2832 729 2900; x_wconf 83' lang='lat' dir='ltr'><strong>dormiemus,</strong></span> <span class='ocrx_word' id='word_1_425' title='bbox 760 2834 777 2889; x_wconf 89' lang='lat' dir='ltr'><strong>i.</strong></span> <span class='ocrx_word' id='word_1_426' title='bbox 796 2849 819 2887; x_wconf 90' lang='grc'><strong>5.</strong></span> <span class='ocrx_word' id='word_1_427' title='bbox 842 2834 1000 2889; x_wconf 88' lang='lat' dir='ltr'><strong>moriemur.</strong></span> <span class='ocrx_word' id='word_1_428' title='bbox 1027 2835 1107 2902; x_wconf 88' lang='lat' dir='ltr'><strong>parte</strong></span> <span class='ocrx_word' id='word_1_429' title='bbox 1124 2830 1180 2901; x_wconf 75' lang='lat' dir='ltr'><strong>agi,</strong></span> <span class='ocrx_word' id='word_1_430' title='bbox 1200 2847 1273 2903; x_wconf 87' lang='lat' dir='ltr'><strong>quae</strong></span> <span class='ocrx_word' id='word_1_431' title='bbox 1293 2836 1359 2886; x_wconf 85' lang='grc'>5515</span> <span class='ocrx_word' id='word_1_432' title='bbox 1379 2837 1530 2887; x_wconf 78' lang='lat' dir='ltr'><strong>extremum</strong></span> <span class='ocrx_word' id='word_1_433' title='bbox 1548 2829 1622 2885; x_wconf 88' lang='lat' dir='ltr'><strong>diem</strong></span> <span class='ocrx_word' id='word_1_434' title='bbox 1640 2829 1771 2898; x_wconf 88' lang='lat' dir='ltr'><strong>moritur,</strong></span> <span class='ocrx_word' id='word_1_435' title='bbox 1797 2832 1865 2902; x_wconf 85' lang='lat' dir='ltr'><strong>qho·</strong></span> 
     </span>
     <span class='ocr_line' id='line_1_31' title="bbox 168 2914 1864 2991; baseline -0.004 -13"><span class='ocrx_word' id='word_1_436' title='bbox 168 2921 312 2978; x_wconf 83' lang='lat' dir='ltr'><strong>Cornelius</strong></span> <span class='ocrx_word' id='word_1_437' title='bbox 330 2938 349 2977; x_wconf 87' lang='lat' dir='ltr'><strong>s</strong></span> <span class='ocrx_word' id='word_1_438' title='bbox 364 2921 474 2991; x_wconf 84' lang='lat' dir='ltr'><strong>Lepide</strong></span> <span class='ocrx_word' id='word_1_439' title='bbox 490 2920 520 2976; x_wconf 90' lang='lat' dir='ltr'><strong>in</strong></span> <span class='ocrx_word' id='word_1_440' title='bbox 538 2937 637 2979; x_wconf 87' lang='lat' dir='ltr'><strong>comm.</strong></span> <span class='ocrx_word' id='word_1_441' title='bbox 671 2920 839 2990; x_wconf 85' lang='lat' dir='ltr'><strong>Responsio:</strong></span> <span class='ocrx_word' id='word_1_442' title='bbox 868 2925 890 2976; x_wconf 89' lang='lat'><strong>1.</strong></span> <span class='ocrx_word' id='word_1_443' title='bbox 910 2918 1003 2976; x_wconf 68' lang='lat' dir='ltr'><strong>Inous</strong></span> <span class='ocrx_word' id='word_1_444' title='bbox 1027 2915 1679 2989; x_wconf 65' lang='grc'>5555555555555555515551,55555155</span> <span class='ocrx_word' id='word_1_445' title='bbox 1699 2914 1864 2972; x_wconf 75' lang='grc'>5551551555</span> 
     </span>
     <span class='ocr_line' id='line_1_32' title="bbox 169 3002 1864 3080; baseline -0.005 -15"><span class='ocrx_word' id='word_1_446' title='bbox 169 3010 336 3080; x_wconf 79' lang='lat' dir='ltr'><strong>apostoliens</strong></span> <span class='ocrx_word' id='word_1_447' title='bbox 365 3015 386 3064; x_wconf 94' lang='grc'><strong>1.</strong></span> <span class='ocrx_word' id='word_1_448' title='bbox 412 3007 537 3063; x_wconf 75' lang='lat' dir='ltr'><strong>Thessal.</strong></span> <span class='ocrx_word' id='word_1_449' title='bbox 562 3013 593 3077; x_wconf 81' lang='lat'><strong>4,</strong></span> <span class='ocrx_word' id='word_1_450' title='bbox 618 3023 645 3062; x_wconf 84' lang='lat' dir='ltr'><strong>r.</strong></span> <span class='ocrx_word' id='word_1_451' title='bbox 671 3012 711 3063; x_wconf 89' lang='grc'><strong>15.</strong></span> <span class='ocrx_word' id='word_1_452' title='bbox 734 3012 763 3061; x_wconf 97' lang='grc'><strong>51</strong></span> <span class='ocrx_word' id='word_1_453' title='bbox 790 3012 827 3062; x_wconf 84' lang='grc'><strong>16.</strong></span> <span class='ocrx_word' id='word_1_454' title='bbox 851 3003 1220 3074; x_wconf 74' lang='grc' dir='ltr'>5155155155ι155551155151</span> <span class='ocrx_word' id='word_1_455' title='bbox 1242 3005 1327 3059; x_wconf 83' lang='lat' dir='ltr'><strong>rivos.</strong></span> <span class='ocrx_word' id='word_1_456' title='bbox 1364 3009 1390 3058; x_wconf 76' lang='lat'><strong>5.</strong></span> <span class='ocrx_word' id='word_1_457' title='bbox 1416 3004 1451 3059; x_wconf 87' lang='lat' dir='ltr'><strong>Si</strong></span> <span class='ocrx_word' id='word_1_458' title='bbox 1470 3004 1551 3065; x_wconf 82' lang='lat' dir='ltr'><strong>¹orbis</strong></span> <span class='ocrx_word' id='word_1_459' title='bbox 1576 3003 1763 3072; x_wconf 59' lang='lat' dir='ltr'><strong>conflagratio</strong></span> <span class='ocrx_word' id='word_1_460' title='bbox 1781 3002 1864 3072; x_wconf 64' lang='grc'>15511-</span> 
     </span>
     <span class='ocr_line' id='line_1_33' title="bbox 170 3090 1863 3167; baseline -0.005 -16"><span class='ocrx_word' id='word_1_461' title='bbox 170 3094 300 3159; x_wconf 84' lang='grc'>55155111,</span> <span class='ocrx_word' id='word_1_462' title='bbox 320 3094 455 3167; x_wconf 88' lang='lat' dir='ltr'><strong>quosdam</strong></span> <span class='ocrx_word' id='word_1_463' title='bbox 467 3110 522 3150; x_wconf 88' lang='lat' dir='ltr'><strong>non</strong></span> <span class='ocrx_word' id='word_1_464' title='bbox 540 3092 717 3164; x_wconf 89' lang='lat' dir='ltr'><strong>dormituros,</strong></span> <span class='ocrx_word' id='word_1_465' title='bbox 734 3108 782 3149; x_wconf 90' lang='lat' dir='ltr'><strong>eos</strong></span> <span class='ocrx_word' id='word_1_466' title='bbox 799 3092 913 3163; x_wconf 83' lang='lat' dir='ltr'><strong>scilieet,</strong></span> <span class='ocrx_word' id='word_1_467' title='bbox 932 3110 1001 3165; x_wconf 89' lang='lat' dir='ltr'><strong>quos</strong></span> <span class='ocrx_word' id='word_1_468' title='bbox 1028 3092 1102 3144; x_wconf 70' lang='lat' dir='ltr'><strong>dum</strong></span> <span class='ocrx_word' id='word_1_469' title='bbox 1115 3106 1309 3160; x_wconf 82' lang='lat' dir='ltr'><strong>praecessura</strong></span> <span class='ocrx_word' id='word_1_470' title='bbox 1327 3098 1383 3160; x_wconf 89' lang='lat' dir='ltr'><strong>est,</strong></span> <span class='ocrx_word' id='word_1_471' title='bbox 1403 3090 1466 3160; x_wconf 72' lang='lat' dir='ltr'><strong>quis</strong></span> <span class='ocrx_word' id='word_1_472' title='bbox 1486 3091 1517 3145; x_wconf 87' lang='lat' dir='ltr'><strong>in</strong></span> <span class='ocrx_word' id='word_1_473' title='bbox 1536 3098 1613 3144; x_wconf 86' lang='lat' dir='ltr'><strong>tanto</strong></span> <span class='ocrx_word' id='word_1_474' title='bbox 1633 3090 1764 3144; x_wconf 87' lang='lat' dir='ltr'><strong>incendio</strong></span> <span class='ocrx_word' id='word_1_475' title='bbox 1784 3090 1863 3144; x_wconf 82' lang='lat' dir='ltr'><strong>uiuus</strong></span> 
     </span>
     <span class='ocr_line' id='line_1_34' title="bbox 169 3174 1862 3251; baseline -0.003 -14"><span class='ocrx_word' id='word_1_476' title='bbox 169 3183 307 3238; x_wconf 83' lang='lat' dir='ltr'><strong>adventus</strong></span> <span class='ocrx_word' id='word_1_477' title='bbox 337 3180 449 3236; x_wconf 90' lang='lat' dir='ltr'><strong>Domini</strong></span> <span class='ocrx_word' id='word_1_478' title='bbox 478 3180 603 3238; x_wconf 89' lang='lat' dir='ltr'><strong>residuos</strong></span> <span class='ocrx_word' id='word_1_479' title='bbox 633 3196 668 3236; x_wconf 86' lang='lat' dir='ltr'><strong>ae</strong></span> <span class='ocrx_word' id='word_1_480' title='bbox 694 3179 773 3234; x_wconf 81' lang='lat' dir='ltr'><strong>risos</strong></span> <span class='ocrx_word' id='word_1_481' title='bbox 803 3176 1122 3251; x_wconf 67' lang='lat' dir='ltr'><strong>deprehenderemus</strong></span> <span class='ocrx_word' id='word_1_482' title='bbox 1139 3180 1306 3248; x_wconf 82' lang='lat' dir='ltr'><strong>superesset</strong></span> <span class='ocrx_word' id='word_1_483' title='bbox 1332 3177 1476 3234; x_wconf 85' lang='lat' dir='ltr'><strong>Salmeron</strong></span> <span class='ocrx_word' id='word_1_484' title='bbox 1496 3176 1523 3231; x_wconf 87' lang='lat' dir='ltr'><strong>d.</strong></span> <span class='ocrx_word' id='word_1_485' title='bbox 1540 3176 1559 3231; x_wconf 90' lang='lat' dir='ltr'><strong>l.</strong></span> <span class='ocrx_word' id='word_1_486' title='bbox 1587 3176 1754 3249; x_wconf 84' lang='lat' dir='ltr'><strong>Responsio:</strong></span> <span class='ocrx_word' id='word_1_487' title='bbox 1773 3174 1862 3248; x_wconf 83' lang='lat' dir='ltr'><strong>hypo·</strong></span> 
     </span>
     <span class='ocr_line' id='line_1_35' title="bbox 170 3240 1862 3373; baseline -0.004 -48"><span class='ocrx_word' id='word_1_488' title='bbox 170 3274 195 3325; x_wconf 84' lang='lat'><strong>2.</strong></span> <span class='ocrx_word' id='word_1_489' title='bbox 220 3267 378 3324; x_wconf 84' lang='lat' dir='ltr'><strong>Paucorum</strong></span> <span class='ocrx_word' id='word_1_490' title='bbox 403 3267 598 3340; x_wconf 79' lang='lat' dir='ltr'><strong>praerogativa</strong></span> <span class='ocrx_word' id='word_1_491' title='bbox 622 3265 691 3322; x_wconf 90' lang='lat' dir='ltr'><strong>nihil</strong></span> <span class='ocrx_word' id='word_1_492' title='bbox 718 3266 835 3338; x_wconf 80' lang='lat' dir='ltr'><strong>deroget</strong></span> <span class='ocrx_word' id='word_1_493' title='bbox 854 3265 910 3338; x_wconf 80' lang='lat' dir='ltr'><strong>legi</strong></span> <span class='ocrx_word' id='word_1_494' title='bbox 928 3282 1000 3321; x_wconf 90' lang='lat' dir='ltr'><strong>eom·</strong></span> <span class='ocrx_word' id='word_1_495' title='bbox 1013 3240 1113 3373; x_wconf 67' lang='lat' dir='ltr'><strong>jthcsis</strong></span> <span class='ocrx_word' id='word_1_496' title='bbox 1145 3265 1303 3337; x_wconf 80' lang='lat' dir='ltr'><strong>argumenti</strong></span> <span class='ocrx_word' id='word_1_497' title='bbox 1335 3264 1428 3320; x_wconf 85' lang='lat' dir='ltr'><strong>adhue</strong></span> <span class='ocrx_word' id='word_1_498' title='bbox 1455 3263 1542 3320; x_wconf 86' lang='lat' dir='ltr'><strong>dubis</strong></span> <span class='ocrx_word' id='word_1_499' title='bbox 1571 3269 1629 3329; x_wconf 89' lang='lat' dir='ltr'><strong>est,</strong></span> <span class='ocrx_word' id='word_1_500' title='bbox 1656 3269 1688 3319; x_wconf 91' lang='lat' dir='ltr'><strong>ut</strong></span> <span class='ocrx_word' id='word_1_501' title='bbox 1714 3263 1744 3318; x_wconf 91' lang='lat' dir='ltr'><strong>in</strong></span> <span class='ocrx_word' id='word_1_502' title='bbox 1772 3267 1807 3318; x_wconf 90' lang='lat' dir='ltr'><strong>tr.</strong></span> <span class='ocrx_word' id='word_1_503' title='bbox 1840 3269 1862 3319; x_wconf 85' lang='lat'><strong>1.</strong></span> 
     </span>
     <span class='ocr_line' id='line_1_36' title="bbox 169 3349 1862 3445; baseline -0.004 -33"><span class='ocrx_word' id='word_1_504' title='bbox 169 3355 254 3412; x_wconf 89' lang='lat' dir='ltr'><strong>muni.</strong></span> <span class='ocrx_word' id='word_1_505' title='bbox 283 3356 386 3409; x_wconf 86' lang='lat' dir='ltr'><strong>Omnes</strong></span> <span class='ocrx_word' id='word_1_506' title='bbox 405 3355 435 3408; x_wconf 87' lang='lat' dir='ltr'><strong>in</strong></span> <span class='ocrx_word' id='word_1_507' title='bbox 452 3354 549 3408; x_wconf 80' lang='lat' dir='ltr'><strong>Adam</strong></span> <span class='ocrx_word' id='word_1_508' title='bbox 563 3362 765 3423; x_wconf 81' lang='lat' dir='ltr'><strong>peccauerunt,</strong></span> <span class='ocrx_word' id='word_1_509' title='bbox 783 3353 874 3425; x_wconf 88' lang='lat' dir='ltr'><strong>inquit</strong></span> <span class='ocrx_word' id='word_1_510' title='bbox 891 3353 1212 3445; x_wconf 46' lang='lat' dir='ltr'><strong>aposto-,ostendimum</strong></span> <span class='ocrx_word' id='word_1_511' title='bbox 1241 3368 1274 3406; x_wconf 88' lang='lat' dir='ltr'><strong>ae</strong></span> <span class='ocrx_word' id='word_1_512' title='bbox 1299 3351 1324 3406; x_wconf 92' lang='lat' dir='ltr'><strong>si</strong></span> <span class='ocrx_word' id='word_1_513' title='bbox 1350 3351 1396 3406; x_wconf 83' lang='lat' dir='ltr'><strong>vel</strong></span> <span class='ocrx_word' id='word_1_514' title='bbox 1421 3349 1539 3405; x_wconf 79' lang='lat' dir='ltr'><strong>menime</strong></span> <span class='ocrx_word' id='word_1_515' title='bbox 1555 3355 1630 3406; x_wconf 89' lang='grc'>55551</span> <span class='ocrx_word' id='word_1_516' title='bbox 1648 3355 1737 3415; x_wconf 85' lang='lat' dir='ltr'><strong>certa,</strong></span> <span class='ocrx_word' id='word_1_517' title='bbox 1768 3354 1862 3405; x_wconf 83' lang='grc'>151555</span> 
     </span>
     <span class='ocr_line' id='line_1_37' title="bbox 170 3435 1860 3533; baseline -0.004 -37"><span class='ocrx_word' id='word_1_518' title='bbox 170 3442 213 3496; x_wconf 84' lang='grc'><strong>155</strong></span> <span class='ocrx_word' id='word_1_519' title='bbox 237 3442 316 3497; x_wconf 88' lang='lat' dir='ltr'><strong>Rom.</strong></span> <span class='ocrx_word' id='word_1_520' title='bbox 342 3448 371 3508; x_wconf 89' lang='grc'><strong>5,</strong></span> <span class='ocrx_word' id='word_1_521' title='bbox 396 3456 421 3495; x_wconf 85' lang='lat' dir='ltr'><strong>r.</strong></span> <span class='ocrx_word' id='word_1_522' title='bbox 449 3445 487 3496; x_wconf 81' lang='grc'><strong>11.</strong></span> <span class='ocrx_word' id='word_1_523' title='bbox 519 3445 547 3495; x_wconf 89' lang='grc'><strong>51</strong></span> <span class='ocrx_word' id='word_1_524' title='bbox 572 3445 665 3495; x_wconf 89' lang='lat' dir='ltr'><strong>tamen</strong></span> <span class='ocrx_word' id='word_1_525' title='bbox 692 3438 833 3495; x_wconf 89' lang='lat' dir='ltr'><strong>Pontifieii</strong></span> <span class='ocrx_word' id='word_1_526' title='bbox 858 3439 1075 3533; x_wconf 47' lang='lat' dir='ltr'><strong>exceptamtqui</strong></span> <span class='ocrx_word' id='word_1_527' title='bbox 1103 3445 1160 3494; x_wconf 89' lang='lat' dir='ltr'><strong>tres</strong></span> <span class='ocrx_word' id='word_1_528' title='bbox 1184 3455 1287 3509; x_wconf 88' lang='lat' dir='ltr'><strong>pueros</strong></span> <span class='ocrx_word' id='word_1_529' title='bbox 1312 3437 1341 3493; x_wconf 92' lang='lat' dir='ltr'><strong>in</strong></span> <span class='ocrx_word' id='word_1_530' title='bbox 1359 3437 1472 3493; x_wconf 86' lang='lat' dir='ltr'><strong>fornace</strong></span> <span class='ocrx_word' id='word_1_531' title='bbox 1491 3435 1664 3507; x_wconf 82' lang='lat' dir='ltr'><strong>Babylonica</strong></span> <span class='ocrx_word' id='word_1_532' title='bbox 1683 3450 1794 3491; x_wconf 85' lang='lat' dir='ltr'><strong>servare</strong></span> <span class='ocrx_word' id='word_1_533' title='bbox 1812 3451 1860 3505; x_wconf 95' lang='lat' dir='ltr'><strong>po·</strong></span> 
     </span>
     <span class='ocr_line' id='line_1_38' title="bbox 170 3522 1861 3631; baseline -0.005 -47"><span class='ocrx_word' id='word_1_534' title='bbox 170 3526 384 3597; x_wconf 86' lang='lat' dir='ltr'><strong>putantabbae</strong></span> <span class='ocrx_word' id='word_1_535' title='bbox 395 3525 604 3582; x_wconf 72' lang='lat' dir='ltr'><strong>universalitate</strong></span> <span class='ocrx_word' id='word_1_536' title='bbox 613 3524 809 3597; x_wconf 75' lang='lat' dir='ltr'><strong>B-Virginsm.</strong></span> <span class='ocrx_word' id='word_1_537' title='bbox 837 3530 862 3581; x_wconf 80' lang='grc'><strong>1.</strong></span> <span class='ocrx_word' id='word_1_538' title='bbox 872 3523 1082 3631; x_wconf 47' lang='lat' dir='ltr'><strong>Enoehusjtuit</strong></span> <span class='ocrx_word' id='word_1_539' title='bbox 1110 3526 1201 3591; x_wconf 86' lang='lat' dir='ltr'><strong>vivos,</strong></span> <span class='ocrx_word' id='word_1_540' title='bbox 1230 3524 1260 3579; x_wconf 92' lang='lat' dir='ltr'><strong>id</strong></span> <span class='ocrx_word' id='word_1_541' title='bbox 1292 3524 1384 3595; x_wconf 90' lang='lat' dir='ltr'><strong>ipsum</strong></span> <span class='ocrx_word' id='word_1_542' title='bbox 1414 3524 1444 3578; x_wconf 89' lang='lat' dir='ltr'><strong>iu</strong></span> <span class='ocrx_word' id='word_1_543' title='bbox 1472 3522 1621 3578; x_wconf 83' lang='lat' dir='ltr'><strong>novissimo</strong></span> <span class='ocrx_word' id='word_1_544' title='bbox 1650 3522 1696 3577; x_wconf 89' lang='lat' dir='ltr'><strong>die</strong></span> <span class='ocrx_word' id='word_1_545' title='bbox 1720 3527 1861 3594; x_wconf 86' lang='lat' dir='ltr'><strong>praestare</strong></span> 
     </span>
     <span class='ocr_line' id='line_1_39' title="bbox 170 3608 1862 3687; baseline -0.005 -17"><span class='ocrx_word' id='word_1_546' title='bbox 170 3620 199 3670; x_wconf 84' lang='lat' dir='ltr'><strong>ct</strong></span> <span class='ocrx_word' id='word_1_547' title='bbox 227 3615 304 3670; x_wconf 83' lang='lat' dir='ltr'><strong>Elias</strong></span> <span class='ocrx_word' id='word_1_548' title='bbox 332 3615 409 3669; x_wconf 85' lang='lat' dir='ltr'><strong>salvs</strong></span> <span class='ocrx_word' id='word_1_549' title='bbox 435 3612 533 3687; x_wconf 76' lang='lat' dir='ltr'><strong>regula</strong></span> <span class='ocrx_word' id='word_1_550' title='bbox 562 3612 716 3684; x_wconf 81' lang='lat' dir='ltr'><strong>apostoliea</strong></span> <span class='ocrx_word' id='word_1_551' title='bbox 739 3611 826 3668; x_wconf 90' lang='lat' dir='ltr'><strong>Hebr.</strong></span> <span class='ocrx_word' id='word_1_552' title='bbox 851 3618 880 3682; x_wconf 79' lang='lat'><strong>9,</strong></span> <span class='ocrx_word' id='word_1_553' title='bbox 909 3629 935 3668; x_wconf 83' lang='lat' dir='ltr'><strong>v.</strong></span> <span class='ocrx_word' id='word_1_554' title='bbox 961 3615 1001 3668; x_wconf 82' lang='grc'><strong>21.</strong></span> <span class='ocrx_word' id='word_1_555' title='bbox 1027 3612 1137 3683; x_wconf 89' lang='lat' dir='ltr'><strong>poterit.</strong></span> <span class='ocrx_word' id='word_1_556' title='bbox 1179 3614 1204 3672; x_wconf 82' lang='grc'><strong>1.</strong></span> <span class='ocrx_word' id='word_1_557' title='bbox 1231 3611 1265 3667; x_wconf 78' lang='lat' dir='ltr'><strong>Si</strong></span> <span class='ocrx_word' id='word_1_558' title='bbox 1290 3613 1326 3666; x_wconf 87' lang='lat' dir='ltr'><strong>de</strong></span> <span class='ocrx_word' id='word_1_559' title='bbox 1352 3611 1402 3676; x_wconf 86' lang='lat' dir='ltr'><strong>iis,</strong></span> <span class='ocrx_word' id='word_1_560' title='bbox 1435 3611 1487 3680; x_wconf 73' lang='lat' dir='ltr'><strong>qui</strong></span> <span class='ocrx_word' id='word_1_561' title='bbox 1509 3626 1565 3664; x_wconf 89' lang='lat' dir='ltr'><strong>non</strong></span> <span class='ocrx_word' id='word_1_562' title='bbox 1591 3609 1758 3672; x_wconf 69' lang='lat' dir='ltr'><strong>morientem,</strong></span> <span class='ocrx_word' id='word_1_563' title='bbox 1789 3608 1862 3662; x_wconf 76' lang='grc'>511511</span> 
     </span>
     <span class='ocr_line' id='line_1_40' title="bbox 169 3697 1861 3771; baseline -0.004 -15"><span class='ocrx_word' id='word_1_564' title='bbox 169 3709 304 3756; x_wconf 82' lang='lat' dir='ltr'><strong>statutum</strong></span> <span class='ocrx_word' id='word_1_565' title='bbox 322 3709 363 3755; x_wconf 95' lang='grc'><strong>551</strong></span> <span class='ocrx_word' id='word_1_566' title='bbox 379 3701 537 3756; x_wconf 83' lang='lat' dir='ltr'><strong>bominibus</strong></span> <span class='ocrx_word' id='word_1_567' title='bbox 555 3701 640 3756; x_wconf 87' lang='lat' dir='ltr'><strong>semsi</strong></span> <span class='ocrx_word' id='word_1_568' title='bbox 658 3701 739 3771; x_wconf 87' lang='lat' dir='ltr'><strong>mori,</strong></span> <span class='ocrx_word' id='word_1_569' title='bbox 758 3716 776 3755; x_wconf 90' lang='grc'><strong>5</strong></span> <span class='ocrx_word' id='word_1_570' title='bbox 793 3701 889 3755; x_wconf 87' lang='lat' dir='ltr'><strong>mortis</strong></span> <span class='ocrx_word' id='word_1_571' title='bbox 907 3715 1001 3755; x_wconf 88' lang='lat' dir='ltr'><strong>neees-</strong></span> <span class='ocrx_word' id='word_1_572' title='bbox 1027 3700 1184 3770; x_wconf 84' lang='lat' dir='ltr'><strong>upostolus,</strong></span> <span class='ocrx_word' id='word_1_573' title='bbox 1215 3706 1242 3754; x_wconf 89' lang='lat' dir='ltr'><strong>st</strong></span> <span class='ocrx_word' id='word_1_574' title='bbox 1269 3715 1321 3754; x_wconf 88' lang='lat' dir='ltr'><strong>nos</strong></span> <span class='ocrx_word' id='word_1_575' title='bbox 1346 3697 1572 3767; x_wconf 82' lang='lat' dir='ltr'><strong>immutabimur,</strong></span> <span class='ocrx_word' id='word_1_576' title='bbox 1601 3697 1741 3765; x_wconf 77' lang='lat' dir='ltr'><strong>quomodo</strong></span> <span class='ocrx_word' id='word_1_577' title='bbox 1764 3712 1861 3750; x_wconf 85' lang='lat' dir='ltr'><strong>oerum</strong></span> 
     </span>
     <span class='ocr_line' id='line_1_41' title="bbox 169 3781 1861 3861; baseline -0.004 -19"><span class='ocrx_word' id='word_1_578' title='bbox 169 3789 252 3844; x_wconf 86' lang='grc'>511515</span> <span class='ocrx_word' id='word_1_579' title='bbox 278 3789 357 3844; x_wconf 82' lang='lat' dir='ltr'><strong>suere</strong></span> <span class='ocrx_word' id='word_1_580' title='bbox 385 3789 502 3861; x_wconf 82' lang='lat' dir='ltr'><strong>excepti.</strong></span> <span class='ocrx_word' id='word_1_581' title='bbox 536 3787 614 3843; x_wconf 89' lang='lat' dir='ltr'><strong>idem</strong></span> <span class='ocrx_word' id='word_1_582' title='bbox 639 3786 762 3857; x_wconf 84' lang='grc'>1511115,</span> <span class='ocrx_word' id='word_1_583' title='bbox 785 3803 855 3857; x_wconf 89' lang='lat' dir='ltr'><strong>quos</strong></span> <span class='ocrx_word' id='word_1_584' title='bbox 876 3787 935 3842; x_wconf 89' lang='lat' dir='ltr'><strong>dies</strong></span> <span class='ocrx_word' id='word_1_585' title='bbox 953 3803 1001 3842; x_wconf 93' lang='lat' dir='ltr'><strong>no·</strong></span> <span class='ocrx_word' id='word_1_586' title='bbox 1028 3788 1084 3841; x_wconf 80' lang='lat' dir='ltr'><strong>erit</strong></span> <span class='ocrx_word' id='word_1_587' title='bbox 1110 3787 1147 3842; x_wconf 88' lang='lat' dir='ltr'><strong>dc</strong></span> <span class='ocrx_word' id='word_1_588' title='bbox 1171 3786 1234 3856; x_wconf 86' lang='lat' dir='ltr'><strong>ipso</strong></span> <span class='ocrx_word' id='word_1_589' title='bbox 1263 3785 1394 3855; x_wconf 84' lang='lat' dir='ltr'><strong>apostolo</strong></span> <span class='ocrx_word' id='word_1_590' title='bbox 1414 3784 1524 3852; x_wconf 83' lang='lat' dir='ltr'><strong>Paulo,</strong></span> <span class='ocrx_word' id='word_1_591' title='bbox 1555 3783 1633 3852; x_wconf 73' lang='lat' dir='ltr'><strong>estod</strong></span> <span class='ocrx_word' id='word_1_592' title='bbox 1655 3781 1861 3836; x_wconf 74' lang='grc'>5555111551·-</span> 
     </span>
     <span class='ocr_line' id='line_1_42' title="bbox 169 3868 1862 3946; baseline -0.004 -19"><span class='ocrx_word' id='word_1_593' title='bbox 169 3875 298 3930; x_wconf 82' lang='lat' dir='ltr'><strong>rissimus</strong></span> <span class='ocrx_word' id='word_1_594' title='bbox 319 3874 396 3931; x_wconf 86' lang='lat' dir='ltr'><strong>siros</strong></span> <span class='ocrx_word' id='word_1_595' title='bbox 414 3873 611 3946; x_wconf 81' lang='lat' dir='ltr'><strong>deprehendet,</strong></span> <span class='ocrx_word' id='word_1_596' title='bbox 629 3874 747 3946; x_wconf 80' lang='lat' dir='ltr'><strong>eogitari</strong></span> <span class='ocrx_word' id='word_1_597' title='bbox 760 3877 859 3945; x_wconf 87' lang='lat' dir='ltr'><strong>potest.</strong></span> <span class='ocrx_word' id='word_1_598' title='bbox 881 3877 906 3929; x_wconf 83' lang='grc'><strong>1.</strong></span> <span class='ocrx_word' id='word_1_599' title='bbox 919 3873 1003 3936; x_wconf 83' lang='lat' dir='ltr'><strong>Quod</strong></span> <span class='ocrx_word' id='word_1_600' title='bbox 1027 3882 1098 3939; x_wconf 81' lang='lat' dir='ltr'><strong>mus,</strong></span> <span class='ocrx_word' id='word_1_601' title='bbox 1118 3890 1180 3928; x_wconf 90' lang='lat' dir='ltr'><strong>cum</strong></span> <span class='ocrx_word' id='word_1_602' title='bbox 1199 3873 1322 3928; x_wconf 75' lang='lat' dir='ltr'><strong>saintes</strong></span> <span class='ocrx_word' id='word_1_603' title='bbox 1341 3887 1388 3926; x_wconf 88' lang='lat' dir='ltr'><strong>cos</strong></span> <span class='ocrx_word' id='word_1_604' title='bbox 1408 3875 1558 3937; x_wconf 82' lang='lat' dir='ltr'><strong>enumeret,</strong></span> <span class='ocrx_word' id='word_1_605' title='bbox 1579 3868 1629 3939; x_wconf 74' lang='lat' dir='ltr'><strong>quii</strong></span> <span class='ocrx_word' id='word_1_606' title='bbox 1642 3868 1862 3923; x_wconf 79' lang='lat' dir='ltr'><strong>immutabuntur</strong></span> 
     </span>
     <span class='ocr_line' id='line_1_43' title="bbox 168 3948 1861 4031; baseline -0.006 -13"><span class='ocrx_word' id='word_1_607' title='bbox 168 3982 225 4018; x_wconf 89' lang='lat' dir='ltr'><strong>non</strong></span> <span class='ocrx_word' id='word_1_608' title='bbox 251 3978 346 4016; x_wconf 86' lang='lat' dir='ltr'><strong>omnes</strong></span> <span class='ocrx_word' id='word_1_609' title='bbox 363 3963 394 4016; x_wconf 82' lang='lat' dir='ltr'><strong>in</strong></span> <span class='ocrx_word' id='word_1_610' title='bbox 414 3962 461 4017; x_wconf 89' lang='lat' dir='ltr'><strong>dis</strong></span> <span class='ocrx_word' id='word_1_611' title='bbox 479 3963 629 4017; x_wconf 74' lang='lat' dir='ltr'><strong>nmissimo</strong></span> <span class='ocrx_word' id='word_1_612' title='bbox 649 3962 706 4016; x_wconf 85' lang='lat' dir='ltr'><strong>sint</strong></span> <span class='ocrx_word' id='word_1_613' title='bbox 726 3960 909 4030; x_wconf 84' lang='lat' dir='ltr'><strong>immutandi,</strong></span> <span class='ocrx_word' id='word_1_614' title='bbox 934 3948 1054 4031; x_wconf 62' lang='lat' dir='ltr'><strong>catcias</strong></span> <span class='ocrx_word' id='word_1_615' title='bbox 1070 3978 1127 4014; x_wconf 90' lang='lat' dir='ltr'><strong>non</strong></span> <span class='ocrx_word' id='word_1_616' title='bbox 1146 3959 1321 4014; x_wconf 74' lang='lat' dir='ltr'><strong>morientur!</strong></span> <span class='ocrx_word' id='word_1_617' title='bbox 1351 3965 1377 4012; x_wconf 88' lang='lat' dir='ltr'><strong>et</strong></span> <span class='ocrx_word' id='word_1_618' title='bbox 1403 3957 1541 4026; x_wconf 79' lang='lat' dir='ltr'><strong>qrsomodo</strong></span> <span class='ocrx_word' id='word_1_619' title='bbox 1571 3955 1645 4009; x_wconf 83' lang='lat' dir='ltr'><strong>banc</strong></span> <span class='ocrx_word' id='word_1_620' title='bbox 1671 3971 1772 4009; x_wconf 83' lang='lat' dir='ltr'><strong>ensem</strong></span> <span class='ocrx_word' id='word_1_621' title='bbox 1792 3971 1861 4024; x_wconf 81' lang='lat' dir='ltr'><strong>pru·</strong></span> 
     </span>
     <span class='ocr_line' id='line_1_44' title="bbox 169 4041 1862 4120; baseline -0.005 -17"><span class='ocrx_word' id='word_1_622' title='bbox 169 4050 253 4120; x_wconf 83' lang='lat' dir='ltr'><strong>impii</strong></span> <span class='ocrx_word' id='word_1_623' title='bbox 279 4067 337 4103; x_wconf 87' lang='lat' dir='ltr'><strong>non</strong></span> <span class='ocrx_word' id='word_1_624' title='bbox 367 4050 650 4114; x_wconf 78' lang='lat' dir='ltr'><strong>transformabuntur</strong></span> <span class='ocrx_word' id='word_1_625' title='bbox 680 4049 710 4102; x_wconf 90' lang='lat' dir='ltr'><strong>in</strong></span> <span class='ocrx_word' id='word_1_626' title='bbox 743 4047 873 4119; x_wconf 72' lang='lat' dir='ltr'><strong>ploriam.</strong></span> <span class='ocrx_word' id='word_1_627' title='bbox 925 4047 1003 4102; x_wconf 86' lang='lat' dir='ltr'><strong>Unde</strong></span> <span class='ocrx_word' id='word_1_628' title='bbox 1028 4049 1097 4101; x_wconf 87' lang='lat' dir='ltr'><strong>dens</strong></span> <span class='ocrx_word' id='word_1_629' title='bbox 1116 4047 1242 4100; x_wconf 82' lang='lat' dir='ltr'><strong>dedisset</strong></span> <span class='ocrx_word' id='word_1_630' title='bbox 1260 4042 1441 4098; x_wconf 68' lang='lat' dir='ltr'><strong>existimandi</strong></span> <span class='ocrx_word' id='word_1_631' title='bbox 1456 4043 1578 4098; x_wconf 83' lang='lat' dir='ltr'><strong>uicinum</strong></span> <span class='ocrx_word' id='word_1_632' title='bbox 1592 4041 1737 4112; x_wconf 82' lang='lat' dir='ltr'><strong>judicium</strong></span> <span class='ocrx_word' id='word_1_633' title='bbox 1750 4047 1776 4096; x_wconf 92' lang='lat' dir='ltr'><strong>et</strong></span> <span class='ocrx_word' id='word_1_634' title='bbox 1787 4042 1862 4094; x_wconf 89' lang='lat' dir='ltr'><strong>diem</strong></span> 
     </span>
     <span class='ocr_line' id='line_1_45' title="bbox 168 4128 1862 4208; baseline -0.005 -17"><span class='ocrx_word' id='word_1_635' title='bbox 168 4136 312 4208; x_wconf 81' lang='lat' dir='ltr'><strong>spostolus</strong></span> <span class='ocrx_word' id='word_1_636' title='bbox 332 4152 389 4190; x_wconf 89' lang='lat' dir='ltr'><strong>non</strong></span> <span class='ocrx_word' id='word_1_637' title='bbox 406 4134 477 4190; x_wconf 86' lang='lat' dir='ltr'><strong>dicit</strong></span> <span class='ocrx_word' id='word_1_638' title='bbox 496 4152 519 4189; x_wconf 87' lang='lat' dir='ltr'><strong>o.</strong></span> <span class='ocrx_word' id='word_1_639' title='bbox 538 4137 584 4189; x_wconf 77' lang='lat'><strong>52.</strong></span> <span class='ocrx_word' id='word_1_640' title='bbox 599 4150 694 4188; x_wconf 89' lang='lat' dir='ltr'><strong>omnes</strong></span> <span class='ocrx_word' id='word_1_641' title='bbox 707 4135 933 4201; x_wconf 83' lang='lat' dir='ltr'><strong>immutabuntur,</strong></span> <span class='ocrx_word' id='word_1_642' title='bbox 952 4134 1004 4187; x_wconf 87' lang='lat' dir='ltr'><strong>sed</strong></span> <span class='ocrx_word' id='word_1_643' title='bbox 1029 4132 1150 4188; x_wconf 87' lang='lat' dir='ltr'><strong>Domini</strong></span> <span class='ocrx_word' id='word_1_644' title='bbox 1167 4130 1325 4202; x_wconf 89' lang='lat' dir='ltr'><strong>imminere,</strong></span> <span class='ocrx_word' id='word_1_645' title='bbox 1346 4148 1407 4185; x_wconf 91' lang='lat' dir='ltr'><strong>cum</strong></span> <span class='ocrx_word' id='word_1_646' title='bbox 1427 4130 1487 4202; x_wconf 82' lang='lat' dir='ltr'><strong>ipse</strong></span> <span class='ocrx_word' id='word_1_647' title='bbox 1506 4129 1553 4184; x_wconf 89' lang='lat' dir='ltr'><strong>sui</strong></span> <span class='ocrx_word' id='word_1_648' title='bbox 1571 4129 1699 4200; x_wconf 82' lang='lat' dir='ltr'><strong>corporis</strong></span> <span class='ocrx_word' id='word_1_649' title='bbox 1714 4128 1862 4183; x_wconf 81' lang='lat' dir='ltr'><strong>resolutio-</strong></span> 
     </span>
     <span class='ocr_line' id='line_1_46' title="bbox 170 4213 1861 4293; baseline -0.007 -14"><span class='ocrx_word' id='word_1_650' title='bbox 170 4242 221 4279; x_wconf 88' lang='lat' dir='ltr'><strong>nos</strong></span> <span class='ocrx_word' id='word_1_651' title='bbox 245 4223 461 4277; x_wconf 78' lang='lat' dir='ltr'><strong>immutabimur.</strong></span> <span class='ocrx_word' id='word_1_652' title='bbox 497 4220 675 4293; x_wconf 70' lang='lat' dir='ltr'><strong>stapletonus</strong></span> <span class='ocrx_word' id='word_1_653' title='bbox 702 4220 731 4276; x_wconf 89' lang='lat' dir='ltr'><strong>in</strong></span> <span class='ocrx_word' id='word_1_654' title='bbox 755 4220 843 4277; x_wconf 89' lang='lat' dir='ltr'><strong>antid.</strong></span> <span class='ocrx_word' id='word_1_655' title='bbox 869 4219 897 4274; x_wconf 87' lang='lat' dir='ltr'><strong>h.</strong></span> <span class='ocrx_word' id='word_1_656' title='bbox 915 4221 933 4276; x_wconf 89' lang='lat'><strong>1.</strong></span> <span class='ocrx_word' id='word_1_657' title='bbox 953 4220 1001 4275; x_wconf 89' lang='lat' dir='ltr'><strong>ubi</strong></span> <span class='ocrx_word' id='word_1_658' title='bbox 1028 4236 1090 4274; x_wconf 84' lang='lat' dir='ltr'><strong>nem</strong></span> <span class='ocrx_word' id='word_1_659' title='bbox 1110 4219 1194 4272; x_wconf 86' lang='lat' dir='ltr'><strong>sciret</strong></span> <span class='ocrx_word' id='word_1_660' title='bbox 1209 4224 1236 4271; x_wconf 89' lang='grc'><strong>51</strong></span> <span class='ocrx_word' id='word_1_661' title='bbox 1252 4219 1287 4270; x_wconf 88' lang='lat' dir='ltr'><strong>ds</strong></span> <span class='ocrx_word' id='word_1_662' title='bbox 1306 4216 1361 4271; x_wconf 86' lang='lat' dir='ltr'><strong>ille</strong></span> <span class='ocrx_word' id='word_1_663' title='bbox 1379 4216 1522 4269; x_wconf 84' lang='lat' dir='ltr'><strong>interdum</strong></span> <span class='ocrx_word' id='word_1_664' title='bbox 1538 4215 1695 4284; x_wconf 74' lang='grc'>1555551551</span> <span class='ocrx_word' id='word_1_665' title='bbox 1719 4213 1861 4270; x_wconf 76' lang='grc'>1515515155</span> 
     </span>
     <span class='ocr_line' id='line_1_47' title="bbox 169 4299 1862 4380; baseline -0.005 -16"><span class='ocrx_word' id='word_1_666' title='bbox 169 4327 203 4364; x_wconf 87' lang='grc'><strong>55</strong></span> <span class='ocrx_word' id='word_1_667' title='bbox 223 4308 412 4380; x_wconf 84' lang='lat' dir='ltr'><strong>impudentiae</strong></span> <span class='ocrx_word' id='word_1_668' title='bbox 430 4307 569 4380; x_wconf 84' lang='lat' dir='ltr'><strong>presedit,</strong></span> <span class='ocrx_word' id='word_1_669' title='bbox 600 4315 632 4361; x_wconf 84' lang='lat' dir='ltr'><strong>ut</strong></span> <span class='ocrx_word' id='word_1_670' title='bbox 659 4306 801 4361; x_wconf 62' lang='lat' dir='ltr'><strong>&amp;cecum</strong></span> <span class='ocrx_word' id='word_1_671' title='bbox 824 4306 1002 4373; x_wconf 59' lang='grc'>1551515151-</span> <span class='ocrx_word' id='word_1_672' title='bbox 1029 4305 1089 4363; x_wconf 87' lang='lat' dir='ltr'><strong>dl.</strong></span> <span class='ocrx_word' id='word_1_673' title='bbox 1124 4303 1297 4375; x_wconf 85' lang='lat' dir='ltr'><strong>Responsio:</strong></span> <span class='ocrx_word' id='word_1_674' title='bbox 1324 4308 1346 4358; x_wconf 92' lang='lat'><strong>1.</strong></span> <span class='ocrx_word' id='word_1_675' title='bbox 1364 4300 1461 4357; x_wconf 84' lang='lat' dir='ltr'><strong>&#39;lbese</strong></span> <span class='ocrx_word' id='word_1_676' title='bbox 1481 4308 1512 4367; x_wconf 89' lang='grc'><strong>4,</strong></span> <span class='ocrx_word' id='word_1_677' title='bbox 1536 4318 1560 4354; x_wconf 82' lang='lat' dir='ltr'><strong>s.</strong></span> <span class='ocrx_word' id='word_1_678' title='bbox 1580 4306 1620 4357; x_wconf 85' lang='grc'><strong>11.</strong></span> <span class='ocrx_word' id='word_1_679' title='bbox 1645 4299 1741 4355; x_wconf 87' lang='lat' dir='ltr'><strong>itidem</strong></span> <span class='ocrx_word' id='word_1_680' title='bbox 1766 4316 1797 4355; x_wconf 90' lang='lat' dir='ltr'><strong>se</strong></span> <span class='ocrx_word' id='word_1_681' title='bbox 1814 4318 1862 4355; x_wconf 86' lang='lat' dir='ltr'><strong>sn-</strong></span> 
     </span>
     <span class='ocr_line' id='line_1_48' title="bbox 169 4386 1862 4465; baseline -0.004 -16"><span class='ocrx_word' id='word_1_682' title='bbox 169 4412 231 4449; x_wconf 87' lang='lat' dir='ltr'><strong>sum</strong></span> <span class='ocrx_word' id='word_1_683' title='bbox 254 4403 281 4449; x_wconf 89' lang='grc'><strong>51</strong></span> <span class='ocrx_word' id='word_1_684' title='bbox 307 4395 424 4465; x_wconf 89' lang='lat' dir='ltr'><strong>impium</strong></span> <span class='ocrx_word' id='word_1_685' title='bbox 449 4402 568 4451; x_wconf 76' lang='grc'>5555551.</span> <span class='ocrx_word' id='word_1_686' title='bbox 603 4392 772 4463; x_wconf 81' lang='lat' dir='ltr'><strong>Responsio:</strong></span> <span class='ocrx_word' id='word_1_687' title='bbox 805 4392 936 4447; x_wconf 78' lang='grc'>11555555</span> <span class='ocrx_word' id='word_1_688' title='bbox 960 4409 1002 4448; x_wconf 90' lang='lat' dir='ltr'><strong>re·</strong></span> <span class='ocrx_word' id='word_1_689' title='bbox 1029 4397 1155 4448; x_wconf 80' lang='lat' dir='ltr'><strong>numeret</strong></span> <span class='ocrx_word' id='word_1_690' title='bbox 1173 4390 1216 4459; x_wconf 91' lang='lat' dir='ltr'><strong>iis,</strong></span> <span class='ocrx_word' id='word_1_691' title='bbox 1236 4405 1305 4461; x_wconf 91' lang='lat' dir='ltr'><strong>quos</strong></span> <span class='ocrx_word' id='word_1_692' title='bbox 1324 4388 1384 4444; x_wconf 89' lang='lat' dir='ltr'><strong>dies</strong></span> <span class='ocrx_word' id='word_1_693' title='bbox 1404 4387 1569 4443; x_wconf 80' lang='lat' dir='ltr'><strong>norissimus</strong></span> <span class='ocrx_word' id='word_1_694' title='bbox 1589 4386 1788 4458; x_wconf 84' lang='lat' dir='ltr'><strong>deprehendet,</strong></span> <span class='ocrx_word' id='word_1_695' title='bbox 1805 4402 1862 4459; x_wconf 86' lang='lat' dir='ltr'><strong>qus</strong></span> 
     </span>
     <span class='ocr_line' id='line_1_49' title="bbox 170 4473 1862 4552; baseline -0.004 -17"><span class='ocrx_word' id='word_1_696' title='bbox 170 4481 302 4552; x_wconf 87' lang='lat' dir='ltr'><strong>spondet,</strong></span> <span class='ocrx_word' id='word_1_697' title='bbox 333 4481 420 4536; x_wconf 85' lang='lat' dir='ltr'><strong>malos</strong></span> <span class='ocrx_word' id='word_1_698' title='bbox 445 4480 529 4537; x_wconf 89' lang='lat' dir='ltr'><strong>etiam</strong></span> <span class='ocrx_word' id='word_1_699' title='bbox 552 4479 738 4536; x_wconf 85' lang='lat' dir='ltr'><strong>immutandos</strong></span> <span class='ocrx_word' id='word_1_700' title='bbox 761 4495 818 4534; x_wconf 90' lang='lat' dir='ltr'><strong>uon</strong></span> <span class='ocrx_word' id='word_1_701' title='bbox 836 4478 948 4549; x_wconf 88' lang='lat' dir='ltr'><strong>quidem</strong></span> <span class='ocrx_word' id='word_1_702' title='bbox 966 4479 1003 4534; x_wconf 86' lang='lat' dir='ltr'><strong>ad</strong></span> <span class='ocrx_word' id='word_1_703' title='bbox 1029 4479 1064 4533; x_wconf 90' lang='lat' dir='ltr'><strong>de</strong></span> <span class='ocrx_word' id='word_1_704' title='bbox 1087 4495 1118 4534; x_wconf 89' lang='lat' dir='ltr'><strong>re</strong></span> <span class='ocrx_word' id='word_1_705' title='bbox 1143 4475 1271 4549; x_wconf 88' lang='lat' dir='ltr'><strong>pluribus</strong></span> <span class='ocrx_word' id='word_1_706' title='bbox 1297 4475 1467 4547; x_wconf 83' lang='lat' dir='ltr'><strong>paulopost</strong></span> <span class='ocrx_word' id='word_1_707' title='bbox 1485 4488 1609 4547; x_wconf 78' lang='lat' dir='ltr'><strong>agemm.</strong></span> <span class='ocrx_word' id='word_1_708' title='bbox 1650 4478 1673 4531; x_wconf 88' lang='lat'><strong>7.</strong></span> <span class='ocrx_word' id='word_1_709' title='bbox 1698 4473 1768 4537; x_wconf 77' lang='lat' dir='ltr'><strong>Quis</strong></span> <span class='ocrx_word' id='word_1_710' title='bbox 1786 4475 1862 4529; x_wconf 81' lang='lat' dir='ltr'><strong>ausit</strong></span> 
     </span>
     <span class='ocr_line' id='line_1_50' title="bbox 171 4559 1862 4639; baseline -0.005 -16"><span class='ocrx_word' id='word_1_711' title='bbox 171 4565 305 4639; x_wconf 75' lang='lat' dir='ltr'><strong>gloriam,</strong></span> <span class='ocrx_word' id='word_1_712' title='bbox 322 4571 416 4623; x_wconf 86' lang='lat' dir='ltr'><strong>temen</strong></span> <span class='ocrx_word' id='word_1_713' title='bbox 432 4565 469 4621; x_wconf 87' lang='lat' dir='ltr'><strong>ad</strong></span> <span class='ocrx_word' id='word_1_714' title='bbox 488 4565 737 4633; x_wconf 85' lang='lat' dir='ltr'><strong>immortalitatem,</strong></span> <span class='ocrx_word' id='word_1_715' title='bbox 765 4564 814 4620; x_wconf 90' lang='lat' dir='ltr'><strong>sed</strong></span> <span class='ocrx_word' id='word_1_716' title='bbox 831 4564 1003 4620; x_wconf 89' lang='lat' dir='ltr'><strong>ostendimus</strong></span> <span class='ocrx_word' id='word_1_717' title='bbox 1028 4565 1119 4621; x_wconf 76' lang='lat' dir='ltr'><strong>udum</strong></span> <span class='ocrx_word' id='word_1_718' title='bbox 1140 4563 1278 4618; x_wconf 84' lang='lat' dir='ltr'><strong>bominem</strong></span> <span class='ocrx_word' id='word_1_719' title='bbox 1302 4580 1321 4617; x_wconf 87' lang='lat' dir='ltr'><strong>u</strong></span> <span class='ocrx_word' id='word_1_720' title='bbox 1348 4561 1488 4617; x_wconf 89' lang='lat' dir='ltr'><strong>communi</strong></span> <span class='ocrx_word' id='word_1_721' title='bbox 1509 4561 1607 4617; x_wconf 87' lang='lat' dir='ltr'><strong>mortis</strong></span> <span class='ocrx_word' id='word_1_722' title='bbox 1632 4559 1725 4615; x_wconf 79' lang='lat' dir='ltr'><strong>debito</strong></span> <span class='ocrx_word' id='word_1_723' title='bbox 1745 4560 1862 4632; x_wconf 88' lang='lat' dir='ltr'><strong>eripere,</strong></span> 
     </span>
     <span class='ocr_line' id='line_1_51' title="bbox 171 4648 1862 4727; baseline -0.004 -18"><span class='ocrx_word' id='word_1_724' title='bbox 171 4653 307 4727; x_wconf 86' lang='lat' dir='ltr'><strong>superius,</strong></span> <span class='ocrx_word' id='word_1_725' title='bbox 321 4652 480 4724; x_wconf 82' lang='lat' dir='ltr'><strong>apostolum</strong></span> <span class='ocrx_word' id='word_1_726' title='bbox 495 4653 540 4709; x_wconf 88' lang='lat' dir='ltr'><strong>hie</strong></span> <span class='ocrx_word' id='word_1_727' title='bbox 559 4652 595 4709; x_wconf 92' lang='lat' dir='ltr'><strong>de</strong></span> <span class='ocrx_word' id='word_1_728' title='bbox 614 4653 669 4724; x_wconf 90' lang='lat' dir='ltr'><strong>piis</strong></span> <span class='ocrx_word' id='word_1_729' title='bbox 684 4651 820 4708; x_wconf 84' lang='lat' dir='ltr'><strong>duntaxat</strong></span> <span class='ocrx_word' id='word_1_730' title='bbox 836 4651 920 4722; x_wconf 81' lang='lat' dir='ltr'><strong>loqui,</strong></span> <span class='ocrx_word' id='word_1_731' title='bbox 938 4651 1002 4706; x_wconf 91' lang='lat' dir='ltr'><strong>sim·</strong></span> <span class='ocrx_word' id='word_1_732' title='bbox 1028 4653 1056 4707; x_wconf 90' lang='lat' dir='ltr'><strong>si</strong></span> <span class='ocrx_word' id='word_1_733' title='bbox 1077 4667 1128 4706; x_wconf 86' lang='lat' dir='ltr'><strong>nec</strong></span> <span class='ocrx_word' id='word_1_734' title='bbox 1151 4649 1294 4717; x_wconf 72' lang='lat' dir='ltr'><strong>eureus,</strong></span> <span class='ocrx_word' id='word_1_735' title='bbox 1321 4665 1370 4704; x_wconf 88' lang='lat' dir='ltr'><strong>nec</strong></span> <span class='ocrx_word' id='word_1_736' title='bbox 1396 4651 1492 4704; x_wconf 84' lang='lat' dir='ltr'><strong>Beato</strong></span> <span class='ocrx_word' id='word_1_737' title='bbox 1513 4649 1614 4716; x_wconf 75' lang='lat' dir='ltr'><strong>Virpo,</strong></span> <span class='ocrx_word' id='word_1_738' title='bbox 1643 4663 1693 4702; x_wconf 81' lang='lat' dir='ltr'><strong>uec</strong></span> <span class='ocrx_word' id='word_1_739' title='bbox 1716 4648 1862 4703; x_wconf 79' lang='lat' dir='ltr'><strong>Jobennes</strong></span> 
     </span>
     <span class='ocr_line' id='line_1_52' title="bbox 171 4734 1863 4812; baseline -0.005 -15"><span class='ocrx_word' id='word_1_740' title='bbox 171 4740 321 4811; x_wconf 85' lang='lat' dir='ltr'><strong>pheissime</strong></span> <span class='ocrx_word' id='word_1_741' title='bbox 349 4740 436 4812; x_wconf 77' lang='lat' dir='ltr'><strong>igitur</strong></span> <span class='ocrx_word' id='word_1_742' title='bbox 463 4739 661 4811; x_wconf 86' lang='lat' dir='ltr'><strong>respondetur,</strong></span> <span class='ocrx_word' id='word_1_743' title='bbox 691 4754 785 4793; x_wconf 89' lang='lat' dir='ltr'><strong>omnes</strong></span> <span class='ocrx_word' id='word_1_744' title='bbox 808 4738 870 4810; x_wconf 89' lang='lat' dir='ltr'><strong>pios</strong></span> <span class='ocrx_word' id='word_1_745' title='bbox 887 4754 947 4794; x_wconf 89' lang='lat' dir='ltr'><strong>esse</strong></span> <span class='ocrx_word' id='word_1_746' title='bbox 965 4738 1002 4793; x_wconf 90' lang='lat' dir='ltr'><strong>sd</strong></span> <span class='ocrx_word' id='word_1_747' title='bbox 1030 4738 1179 4808; x_wconf 82' lang='lat' dir='ltr'><strong>Baptista,</strong></span> <span class='ocrx_word' id='word_1_748' title='bbox 1214 4753 1265 4791; x_wconf 86' lang='lat' dir='ltr'><strong>nec</strong></span> <span class='ocrx_word' id='word_1_749' title='bbox 1299 4735 1425 4805; x_wconf 82' lang='lat' dir='ltr'><strong>apostoli</strong></span> <span class='ocrx_word' id='word_1_750' title='bbox 1455 4735 1490 4788; x_wconf 85' lang='lat' dir='ltr'><strong>ab</strong></span> <span class='ocrx_word' id='word_1_751' title='bbox 1521 4751 1556 4789; x_wconf 88' lang='lat' dir='ltr'><strong>en</strong></span> <span class='ocrx_word' id='word_1_752' title='bbox 1587 4735 1695 4804; x_wconf 75' lang='lat' dir='ltr'><strong>sucepti</strong></span> <span class='ocrx_word' id='word_1_753' title='bbox 1724 4734 1863 4800; x_wconf 69' lang='lat' dir='ltr'><strong>fuerunt!</strong></span> 
     </span>
     <span class='ocr_line' id='line_1_53' title="bbox 170 4819 1862 4899; baseline -0.005 -17"><span class='ocrx_word' id='word_1_754' title='bbox 170 4827 289 4899; x_wconf 77' lang='lat' dir='ltr'><strong>gloriam</strong></span> <span class='ocrx_word' id='word_1_755' title='bbox 318 4826 519 4894; x_wconf 86' lang='lat' dir='ltr'><strong>immutandos,</strong></span> <span class='ocrx_word' id='word_1_756' title='bbox 553 4831 675 4881; x_wconf 86' lang='lat' dir='ltr'><strong>mortuos</strong></span> <span class='ocrx_word' id='word_1_757' title='bbox 699 4823 812 4895; x_wconf 85' lang='lat' dir='ltr'><strong>quidem</strong></span> <span class='ocrx_word' id='word_1_758' title='bbox 835 4839 886 4895; x_wconf 90' lang='lat' dir='ltr'><strong>per</strong></span> <span class='ocrx_word' id='word_1_759' title='bbox 909 4841 1002 4879; x_wconf 85' lang='lat' dir='ltr'><strong>resur·</strong></span> <span class='ocrx_word' id='word_1_760' title='bbox 1029 4825 1172 4881; x_wconf 86' lang='lat' dir='ltr'><strong>Selmeron</strong></span> <span class='ocrx_word' id='word_1_761' title='bbox 1191 4823 1218 4879; x_wconf 93' lang='lat' dir='ltr'><strong>d.</strong></span> <span class='ocrx_word' id='word_1_762' title='bbox 1238 4821 1256 4877; x_wconf 93' lang='lat' dir='ltr'><strong>l.</strong></span> <span class='ocrx_word' id='word_1_763' title='bbox 1295 4821 1465 4893; x_wconf 87' lang='lat' dir='ltr'><strong>Responsio:</strong></span> <span class='ocrx_word' id='word_1_764' title='bbox 1483 4819 1600 4891; x_wconf 78' lang='lat' dir='ltr'><strong>Excepti</strong></span> <span class='ocrx_word' id='word_1_765' title='bbox 1620 4819 1698 4877; x_wconf 81' lang='lat' dir='ltr'><strong>fuere</strong></span> <span class='ocrx_word' id='word_1_766' title='bbox 1716 4819 1813 4875; x_wconf 88' lang='lat' dir='ltr'><strong>Enoch</strong></span> <span class='ocrx_word' id='word_1_767' title='bbox 1832 4825 1862 4874; x_wconf 92' lang='grc'><strong>51</strong></span> 
     </span>
     <span class='ocr_line' id='line_1_54' title="bbox 170 4905 1861 4983; baseline -0.003 -16"><span class='ocrx_word' id='word_1_768' title='bbox 170 4916 327 4978; x_wconf 85' lang='lat' dir='ltr'><strong>rectionem,</strong></span> <span class='ocrx_word' id='word_1_769' title='bbox 336 4913 415 4968; x_wconf 84' lang='lat' dir='ltr'><strong>risos</strong></span> <span class='ocrx_word' id='word_1_770' title='bbox 423 4928 474 4983; x_wconf 90' lang='lat' dir='ltr'><strong>per</strong></span> <span class='ocrx_word' id='word_1_771' title='bbox 485 4912 636 4978; x_wconf 72' lang='grc'>55515555</span> <span class='ocrx_word' id='word_1_772' title='bbox 645 4911 867 4967; x_wconf 86' lang='lat' dir='ltr'><strong>resurrectionis.</strong></span> <span class='ocrx_word' id='word_1_773' title='bbox 885 4915 911 4966; x_wconf 84' lang='lat'><strong>3.</strong></span> <span class='ocrx_word' id='word_1_774' title='bbox 920 4910 1004 4973; x_wconf 81' lang='lat' dir='ltr'><strong>Quod</strong></span> <span class='ocrx_word' id='word_1_775' title='bbox 1029 4911 1114 4979; x_wconf 82' lang='lat' dir='ltr'><strong>illias,</strong></span> <span class='ocrx_word' id='word_1_776' title='bbox 1133 4927 1203 4982; x_wconf 89' lang='lat' dir='ltr'><strong>quoe</strong></span> <span class='ocrx_word' id='word_1_777' title='bbox 1213 4908 1249 4964; x_wconf 88' lang='lat' dir='ltr'><strong>ab</strong></span> <span class='ocrx_word' id='word_1_778' title='bbox 1258 4908 1429 4964; x_wconf 87' lang='lat' dir='ltr'><strong>Antichristo</strong></span> <span class='ocrx_word' id='word_1_779' title='bbox 1449 4907 1617 4963; x_wconf 86' lang='lat' dir='ltr'><strong>occidendos</strong></span> <span class='ocrx_word' id='word_1_780' title='bbox 1637 4907 1773 4963; x_wconf 78' lang='lat' dir='ltr'><strong>reservari</strong></span> <span class='ocrx_word' id='word_1_781' title='bbox 1789 4905 1861 4962; x_wconf 83' lang='lat' dir='ltr'><strong>falsa</strong></span> 
     </span>
     <span class='ocr_line' id='line_1_55' title="bbox 168 4993 1861 5070; baseline -0.004 -16"><span class='ocrx_word' id='word_1_782' title='bbox 168 5001 237 5055; x_wconf 85' lang='lat' dir='ltr'><strong>buce</strong></span> <span class='ocrx_word' id='word_1_783' title='bbox 254 5000 336 5055; x_wconf 86' lang='lat' dir='ltr'><strong>lectio</strong></span> <span class='ocrx_word' id='word_1_784' title='bbox 354 4999 463 5063; x_wconf 80' lang='lat' dir='ltr'><strong>fulsum</strong></span> <span class='ocrx_word' id='word_1_785' title='bbox 481 4999 597 5053; x_wconf 80' lang='lat' dir='ltr'><strong>inducet</strong></span> <span class='ocrx_word' id='word_1_786' title='bbox 616 4997 786 5070; x_wconf 74' lang='lat' dir='ltr'><strong>hypothesin.</strong></span> <span class='ocrx_word' id='word_1_787' title='bbox 822 4999 899 5052; x_wconf 86' lang='lat' dir='ltr'><strong>Nam</strong></span> <span class='ocrx_word' id='word_1_788' title='bbox 917 4997 1001 5069; x_wconf 82' lang='lat' dir='ltr'><strong>eliud,</strong></span> <span class='ocrx_word' id='word_1_789' title='bbox 1028 5005 1071 5054; x_wconf 88' lang='lat' dir='ltr'><strong>est</strong></span> <span class='ocrx_word' id='word_1_790' title='bbox 1101 4997 1309 5052; x_wconf 86' lang='lat' dir='ltr'><strong>Pontificiorum</strong></span> <span class='ocrx_word' id='word_1_791' title='bbox 1338 4994 1508 5067; x_wconf 81' lang='lat' dir='ltr'><strong>hypothesis.</strong></span> <span class='ocrx_word' id='word_1_792' title='bbox 1550 4993 1701 5065; x_wconf 83' lang='lat' dir='ltr'><strong>Apostolus</strong></span> <span class='ocrx_word' id='word_1_793' title='bbox 1735 4993 1861 5050; x_wconf 89' lang='lat' dir='ltr'><strong>diseretis</strong></span> 
     </span>
     <span class='ocr_line' id='line_1_56' title="bbox 169 5079 1860 5156; baseline -0.003 -16"><span class='ocrx_word' id='word_1_794' title='bbox 169 5103 263 5140; x_wconf 86' lang='lat' dir='ltr'><strong>omnes</strong></span> <span class='ocrx_word' id='word_1_795' title='bbox 293 5088 407 5156; x_wconf 78' lang='lat' dir='ltr'><strong>quidem</strong></span> <span class='ocrx_word' id='word_1_796' title='bbox 435 5101 491 5140; x_wconf 86' lang='lat' dir='ltr'><strong>non</strong></span> <span class='ocrx_word' id='word_1_797' title='bbox 523 5086 711 5153; x_wconf 86' lang='lat' dir='ltr'><strong>dormiemus,</strong></span> <span class='ocrx_word' id='word_1_798' title='bbox 742 5085 824 5153; x_wconf 73' lang='lat' dir='ltr'><strong>iustu</strong></span> <span class='ocrx_word' id='word_1_799' title='bbox 854 5085 1003 5139; x_wconf 75' lang='lat' dir='ltr'><strong>emiorum</strong></span> <span class='ocrx_word' id='word_1_800' title='bbox 1029 5084 1122 5141; x_wconf 86' lang='lat' dir='ltr'><strong>verbis</strong></span> <span class='ocrx_word' id='word_1_801' title='bbox 1141 5084 1259 5155; x_wconf 85' lang='lat' dir='ltr'><strong>excipit,</strong></span> <span class='ocrx_word' id='word_1_802' title='bbox 1288 5099 1357 5155; x_wconf 91' lang='lat' dir='ltr'><strong>quos</strong></span> <span class='ocrx_word' id='word_1_803' title='bbox 1375 5081 1434 5138; x_wconf 90' lang='lat' dir='ltr'><strong>dies</strong></span> <span class='ocrx_word' id='word_1_804' title='bbox 1452 5081 1617 5138; x_wconf 83' lang='lat' dir='ltr'><strong>norissimus</strong></span> <span class='ocrx_word' id='word_1_805' title='bbox 1635 5080 1712 5135; x_wconf 81' lang='lat' dir='ltr'><strong>viros</strong></span> <span class='ocrx_word' id='word_1_806' title='bbox 1730 5079 1860 5136; x_wconf 83' lang='lat' dir='ltr'><strong>inveniet.</strong></span> 
     </span>
     <span class='ocr_line' id='line_1_57' title="bbox 164 5166 1859 5243; baseline -0.005 -15"><span class='ocrx_word' id='word_1_807' title='bbox 164 5175 369 5243; x_wconf 84' lang='lat' dir='ltr'><strong>proprietatem</strong></span> <span class='ocrx_word' id='word_1_808' title='bbox 389 5173 512 5242; x_wconf 86' lang='lat' dir='ltr'><strong>perinde</strong></span> <span class='ocrx_word' id='word_1_809' title='bbox 531 5180 572 5227; x_wconf 88' lang='lat' dir='ltr'><strong>est</strong></span> <span class='ocrx_word' id='word_1_810' title='bbox 591 5189 625 5225; x_wconf 85' lang='lat' dir='ltr'><strong>uc</strong></span> <span class='ocrx_word' id='word_1_811' title='bbox 645 5173 754 5241; x_wconf 76' lang='grc'>5115555,</span> <span class='ocrx_word' id='word_1_812' title='bbox 783 5170 877 5226; x_wconf 85' lang='lat' dir='ltr'><strong>nullos</strong></span> <span class='ocrx_word' id='word_1_813' title='bbox 896 5170 1000 5224; x_wconf 87' lang='lat' dir='ltr'><strong>dormi·</strong></span> <span class='ocrx_word' id='word_1_814' title='bbox 1030 5171 1158 5227; x_wconf 83' lang='lat' dir='ltr'><strong>tibristus</strong></span> <span class='ocrx_word' id='word_1_815' title='bbox 1175 5175 1300 5225; x_wconf 91' lang='lat' dir='ltr'><strong>mortuus</strong></span> <span class='ocrx_word' id='word_1_816' title='bbox 1322 5174 1365 5223; x_wconf 88' lang='lat' dir='ltr'><strong>est</strong></span> <span class='ocrx_word' id='word_1_817' title='bbox 1381 5166 1470 5224; x_wconf 87' lang='lat' dir='ltr'><strong>libers</strong></span> <span class='ocrx_word' id='word_1_818' title='bbox 1487 5169 1629 5223; x_wconf 83' lang='lat' dir='ltr'><strong>voluntate</strong></span> <span class='ocrx_word' id='word_1_819' title='bbox 1645 5166 1786 5230; x_wconf 83' lang='lat' dir='ltr'><strong>induetur,</strong></span> <span class='ocrx_word' id='word_1_820' title='bbox 1804 5181 1859 5221; x_wconf 88' lang='lat' dir='ltr'><strong>non</strong></span> 
     </span>
     <span class='ocr_line' id='line_1_58' title="bbox 166 5252 1859 5326; baseline -0.005 -12"><span class='ocrx_word' id='word_1_821' title='bbox 166 5269 253 5314; x_wconf 86' lang='lat' dir='ltr'><strong>turos.</strong></span> <span class='ocrx_word' id='word_1_822' title='bbox 289 5262 356 5316; x_wconf 88' lang='lat' dir='ltr'><strong>Non</strong></span> <span class='ocrx_word' id='word_1_823' title='bbox 383 5259 456 5314; x_wconf 91' lang='lat' dir='ltr'><strong>enim</strong></span> <span class='ocrx_word' id='word_1_824' title='bbox 484 5258 596 5314; x_wconf 83' lang='lat' dir='ltr'><strong>Graece</strong></span> <span class='ocrx_word' id='word_1_825' title='bbox 621 5258 726 5312; x_wconf 88' lang='lat' dir='ltr'><strong>dicitur</strong></span> <span class='ocrx_word' id='word_1_826' title='bbox 748 5257 802 5326; x_wconf 88' lang='lat' dir='ltr'><strong>sic,</strong></span> <span class='ocrx_word' id='word_1_827' title='bbox 834 5274 890 5311; x_wconf 89' lang='lat' dir='ltr'><strong>non</strong></span> <span class='ocrx_word' id='word_1_828' title='bbox 910 5273 1002 5311; x_wconf 89' lang='lat' dir='ltr'><strong>omnes</strong></span> <span class='ocrx_word' id='word_1_829' title='bbox 1030 5264 1123 5313; x_wconf 88' lang='lat' dir='ltr'><strong>autem</strong></span> <span class='ocrx_word' id='word_1_830' title='bbox 1140 5254 1274 5311; x_wconf 89' lang='lat' dir='ltr'><strong>moriendi</strong></span> <span class='ocrx_word' id='word_1_831' title='bbox 1293 5254 1458 5311; x_wconf 82' lang='lat' dir='ltr'><strong>necessitate</strong></span> <span class='ocrx_word' id='word_1_832' title='bbox 1476 5258 1598 5312; x_wconf 85' lang='lat' dir='ltr'><strong>coaetus.</strong></span> <span class='ocrx_word' id='word_1_833' title='bbox 1635 5252 1748 5308; x_wconf 84' lang='lat' dir='ltr'><strong>Gratias</strong></span> <span class='ocrx_word' id='word_1_834' title='bbox 1767 5257 1859 5308; x_wconf 87' lang='lat' dir='ltr'><strong>autem</strong></span> 
     </span>
     <span class='ocr_line' id='line_1_59' title="bbox 166 5338 1861 5417; baseline -0.006 -15"><span class='ocrx_word' id='word_1_835' title='bbox 166 5348 352 5417; x_wconf 86' lang='lat' dir='ltr'><strong>dormiemus,</strong></span> <span class='ocrx_word' id='word_1_836' title='bbox 384 5365 439 5417; x_wconf 77' lang='lat' dir='ltr'><strong>quc</strong></span> <span class='ocrx_word' id='word_1_837' title='bbox 463 5346 637 5410; x_wconf 81' lang='lat' dir='ltr'><strong>declareret,</strong></span> <span class='ocrx_word' id='word_1_838' title='bbox 666 5345 780 5414; x_wconf 74' lang='lat' dir='ltr'><strong>aliquos</strong></span> <span class='ocrx_word' id='word_1_839' title='bbox 807 5362 862 5398; x_wconf 90' lang='lat' dir='ltr'><strong>non</strong></span> <span class='ocrx_word' id='word_1_840' title='bbox 887 5344 1001 5399; x_wconf 78' lang='lat' dir='ltr'><strong>moritu</strong></span> <span class='ocrx_word' id='word_1_841' title='bbox 1028 5344 1162 5399; x_wconf 87' lang='lat' dir='ltr'><strong>habemus</strong></span> <span class='ocrx_word' id='word_1_842' title='bbox 1177 5340 1339 5410; x_wconf 83' lang='lat' dir='ltr'><strong>Salmeroni,</strong></span> <span class='ocrx_word' id='word_1_843' title='bbox 1356 5339 1431 5412; x_wconf 90' lang='lat' dir='ltr'><strong>quod</strong></span> <span class='ocrx_word' id='word_1_844' title='bbox 1450 5339 1587 5405; x_wconf 80' lang='lat' dir='ltr'><strong>fateatur,</strong></span> <span class='ocrx_word' id='word_1_845' title='bbox 1614 5341 1650 5395; x_wconf 88' lang='lat' dir='ltr'><strong>B.</strong></span> <span class='ocrx_word' id='word_1_846' title='bbox 1673 5338 1817 5406; x_wconf 76' lang='lat' dir='ltr'><strong>Vispinem</strong></span> <span class='ocrx_word' id='word_1_847' title='bbox 1834 5344 1861 5391; x_wconf 91' lang='grc'><strong>51</strong></span> 
     </span>
     <span class='ocr_line' id='line_1_60' title="bbox 164 5425 1860 5504; baseline -0.004 -17"><span class='ocrx_word' id='word_1_848' title='bbox 164 5446 229 5501; x_wconf 88' lang='lat' dir='ltr'><strong>ros,</strong></span> <span class='ocrx_word' id='word_1_849' title='bbox 258 5436 329 5487; x_wconf 88' lang='lat' dir='ltr'><strong>sed:</strong></span> <span class='ocrx_word' id='word_1_850' title='bbox 357 5451 449 5489; x_wconf 89' lang='lat' dir='ltr'><strong>omnes</strong></span> <span class='ocrx_word' id='word_1_851' title='bbox 468 5451 526 5489; x_wconf 82' lang='lat' dir='ltr'><strong>nos</strong></span> <span class='ocrx_word' id='word_1_852' title='bbox 543 5433 724 5497; x_wconf 87' lang='lat' dir='ltr'><strong>dormiemus,</strong></span> <span class='ocrx_word' id='word_1_853' title='bbox 755 5432 833 5504; x_wconf 76' lang='lat' dir='ltr'><strong>quod</strong></span> <span class='ocrx_word' id='word_1_854' title='bbox 858 5431 1001 5501; x_wconf 70' lang='lat' dir='ltr'><strong>sipuiyicnt</strong></span> <span class='ocrx_word' id='word_1_855' title='bbox 1027 5430 1188 5485; x_wconf 62' lang='lat' dir='ltr'><strong>«Iohannem</strong></span> <span class='ocrx_word' id='word_1_856' title='bbox 1212 5428 1376 5496; x_wconf 79' lang='lat' dir='ltr'><strong>Baptistum</strong></span> <span class='ocrx_word' id='word_1_857' title='bbox 1400 5427 1486 5480; x_wconf 89' lang='lat' dir='ltr'><strong>morti</strong></span> <span class='ocrx_word' id='word_1_858' title='bbox 1503 5426 1595 5489; x_wconf 67' lang='grc'>1111555</span> <span class='ocrx_word' id='word_1_859' title='bbox 1618 5425 1765 5488; x_wconf 79' lang='grc'>51555155,</span> <span class='ocrx_word' id='word_1_860' title='bbox 1796 5439 1860 5480; x_wconf 84' lang='lat' dir='ltr'><strong>eum</strong></span> 
     </span>
    </p>
   </div>
   <div class='ocr_carea' id='block_1_3' title="bbox 68 5510 1672 5655">
    <p class='ocr_par' dir='ltr' id='par_1_3' title="bbox 68 5510 1672 5655">
     <span class='ocr_line' id='line_1_61' title="bbox 68 5510 1672 5634; baseline -0.004 -58"><span class='ocrx_word' id='word_1_861' title='bbox 68 5553 70 5562; x_wconf 42' lang='grc' dir='ltr'>ι</span> <span class='ocrx_word' id='word_1_862' title='bbox 168 5518 244 5576; x_wconf 83' lang='lat' dir='ltr'><strong>nulii</strong></span> <span class='ocrx_word' id='word_1_863' title='bbox 259 5520 408 5578; x_wconf 75' lang='lat' dir='ltr'><strong>dormient.</strong></span> <span class='ocrx_word' id='word_1_864' title='bbox 442 5519 594 5578; x_wconf 82' lang='lat' dir='ltr'><strong>Salmeron</strong></span> <span class='ocrx_word' id='word_1_865' title='bbox 614 5518 717 5591; x_wconf 83' lang='lat' dir='ltr'><strong>disput</strong></span> <span class='ocrx_word' id='word_1_866' title='bbox 735 5522 778 5577; x_wconf 79' lang='grc'><strong>18.</strong></span> <span class='ocrx_word' id='word_1_867' title='bbox 798 5517 828 5574; x_wconf 88' lang='grc'><strong>15</strong></span> <span class='ocrx_word' id='word_1_868' title='bbox 846 5516 943 5575; x_wconf 65' lang='lat' dir='ltr'><strong>icor.</strong></span> <span class='ocrx_word' id='word_1_869' title='bbox 959 5523 1000 5576; x_wconf 89' lang='grc'><strong>15.</strong></span> <span class='ocrx_word' id='word_1_870' title='bbox 1028 5516 1109 5572; x_wconf 85' lang='lat' dir='ltr'><strong>multi</strong></span> <span class='ocrx_word' id='word_1_871' title='bbox 1127 5531 1161 5571; x_wconf 83' lang='lat' dir='ltr'><strong>ex</strong></span> <span class='ocrx_word' id='word_1_872' title='bbox 1181 5511 1334 5570; x_wconf 86' lang='lat' dir='ltr'><strong>Pontificiis</strong></span> <span class='ocrx_word' id='word_1_873' title='bbox 1353 5510 1524 5634; x_wconf 60' lang='lat' dir='ltr'><strong>sesumam</strong></span> <span class='ocrx_word' id='word_1_874' title='bbox 1540 5515 1672 5569; x_wconf 84' lang='grc'>51515551.</span> 
     </span>
     <span class='ocr_line' id='line_1_62' title="bbox 1470 5603 1503 5655; baseline -0.03 0"><span class='ocrx_word' id='word_1_875' title='bbox 1470 5603 1503 5655; x_wconf 78' lang='grc'><strong>31</strong></span> 
     </span>
    </p>
   </div>
   <div class='ocr_carea' id='block_1_4' title="bbox 0 0 2056 6005">
    <p class='ocr_par' dir='ltr' id='par_1_4' title="bbox 0 0 2056 6005">
     <span class='ocr_line' id='line_1_63' title="bbox 0 0 2056 6005; baseline 0 0"><span class='ocrx_word' id='word_1_876' title='bbox 0 0 2056 6005; x_wconf 95' lang='lat' dir='ltr'><strong> </strong></span> 
     </span>
    </p>
   </div>
  </div>
 </body>
</html>
