4104 6014
246 210 303 292 rao
836 200 1348 263 noousmcasmusssxuus

248 359 324 431 quod
357 358 468 431 φυλακή
498 376 553 415 non
587 357 726 431 significet
754 359 907 430 simplicem
938 364 1079 431 exspecta·
1109 366 1211 430 posset,
1229 359 1258 415 in
1275 360 1366 431 ipsum
1386 360 1477 417 locum
1497 362 1698 430 damnatorum,
1711 359 1741 415 in
1760 376 1843 431 quem
1857 357 1945 415 idolo·

244 448 361 511 tionem,
392 446 442 501 sed
459 445 560 512 talem,
588 462 660 516 quac
688 448 724 500 ad
757 446 910 501 custodiam
944 446 1079 514 refertur,
1108 445 1193 501 Istrae
1223 445 1438 517 descenderant,
1476 453 1583 519 patrem
1614 447 1735 503 omnium
1770 443 1945 500 credentium

244 532 357 602 quinto,
387 531 462 603 quod
489 531 588 585 Petrus
615 547 671 585 non
700 531 854 602 distinguat
876 532 947 587 inter
967 529 1080 602 spiritus
1107 530 1194 587 fuisse
1215 532 1367 599 detrusum,
1386 533 1461 606 quod
1480 531 1584 602 ἀσεβές.
1616 538 1641 591 2.
1659 532 1813 602 Respectus
1824 530 1945 587 habetur

243 617 330 672 bonos
366 625 394 671 et
429 616 533 682 malas,
569 618 619 672 sed
662 617 789 672 absolute
825 623 905 673 vocet
948 615 1079 678 ἀπειθεῖς.
1106 633 1162 671 non
1188 618 1224 672 ad
1249 619 1473 691 propinquiores,
1507 620 1556 673 sed
1584 620 1619 672 ad
1638 618 1797 674 remotiores
1814 618 1943 687 majores,

243 708 264 757 8.
285 701 424 758 Pontificii
443 702 538 756 locum
559 703 742 772 apostolicum
766 702 908 772 accipiunt
932 704 966 757 de
986 703 1079 772 limbo,
1109 703 1157 772 qui
1176 720 1258 759 verae
1276 704 1410 760 ecclesiae
1427 703 1552 759 membra
1564 704 1682 761 fuerunt
1713 709 1737 758 ³.
1755 703 1849 758 There
1863 709 1944 773 pater

242 805 275 842 ex
307 805 362 858 quo
392 795 488 858 patres
517 805 567 857 per
586 787 689 842 Christi
723 788 759 841 ad
789 788 891 843 inferos
917 789 1078 845 descensum
1107 788 1258 843 Abrahami
1281 790 1318 844 ad
1338 807 1434 846 verum
1452 790 1543 846 Deum
1563 790 1675 846 lsradlis
1701 807 1734 846 ex
1752 789 1864 844 ethnica
1883 787 1942 844 ido·

241 872 345 927 inerint
372 873 482 928 liberati
513 880 541 927 et
567 875 595 927 in
619 874 780 944 paradisum
804 874 840 930 ab
864 875 924 944 ipso
949 877 1079 931 traducti.
1105 873 1214 930 lolatria
1231 892 1379 931 conversus
1399 877 1517 943 videtur,
1536 877 1565 931 id
1590 877 1661 933 enim
1680 876 1774 948 colligi
1797 881 1943 947 potestas

242 958 316 1014 Huic
334 959 458 1029 opinioni
482 961 648 1030 opponimus
667 960 719 1014 hac
737 960 929 1017 fundamenta.
977 959 1205 1055 Primoquena.
1239 969 1284 1028 ll,
1315 980 1341 1019 v.
1361 968 1409 1018 31:
1441 964 1520 1018 Tulit
1550 964 1643 1017 There
1675 963 1820 1016 Abraham
1850 963 1943 1025 filiam

242 1046 345 1100 limbus
368 1052 479 1116 patrum
507 1052 549 1100 est
568 1044 731 1118 figmentum
757 1043 903 1122 ἄγραφον,
931 1047 986 1102 imo
1005 1047 1077 1103 ἀντί·
1104 1049 1437 1116 erammutham
1454 1050 1644 1117 Araharium
1662 1050 1719 1115 filis·
1736 1049 1790 1114 aas,
1811 1057 1837 1102 et
1857 1050 1941 1101 Aron

241 1153 363 1208 γραφον,
384 1138 416 1185 ut
434 1132 560 1202 superius
580 1132 760 1190 ostendimus.
796 1134 924 1189 Secundo
944 1135 973 1188 in
992 1133 1078 1188 limbo
1105 1151 1205 1186 aramum
1232 1151 1312 1188 suam
1342 1152 1456 1189 ararem
1474 1136 1621 1190 Abraham
1634 1136 1696 1206 filii
1713 1135 1772 1206 sai,
1801 1142 1827 1189 st
1846 1134 1941 1188 eduad

237 1219 320 1287 juxta
346 1217 513 1288 hypothesin
542 1217 716 1272 Pontificiam
743 1218 856 1273 fuerunt
892 1225 1000 1274 tantum
1038 1218 1077 1289 pii
1106 1235 1152 1272 eos
1171 1221 1206 1272 de
1224 1219 1262 1273 Ur
1277 1219 1493 1287 Chaldaeorum,
1511 1229 1541 1275 ut
1560 1223 1633 1275 irent
1645 1222 1676 1275 ia
1694 1229 1798 1274 terram
1811 1219 1941 1277 canaan.

242 1311 270 1358 et
286 1303 393 1373 fideles,
413 1305 462 1358 sed
481 1303 582 1359 Petrus
600 1303 653 1358 hoc
672 1305 732 1360 loco
749 1305 826 1374 dicit,
847 1305 986 1361 Christum
999 1322 1076 1376 prae·
1105 1310 1129 1360 4.
1149 1304 1327 1361 Ostendimus
1347 1307 1487 1378 asperim,
1518 1306 1709 1362 Abrahamum
1733 1313 1796 1377 post
1824 1314 1940 1362 mortem

243 1390 350 1444 dicasse
368 1397 426 1451 τοῖς
442 1386 617 1459 haeredaret
636 1409 710 1446 nora.
748 1390 858 1462 Tertio,
877 1393 989 1462 quando
1009 1411 1077 1446 caro
1105 1408 1160 1446 non
1184 1390 1360 1449 descendisse
1386 1394 1415 1447 in
1439 1393 1568 1458 limbum,
1602 1394 1652 1448 sed
1671 1381 1836 1448 subvectum
1852 1393 1941 1450 inisse

243 1482 271 1529 et
290 1477 407 1545 spiritus
426 1477 455 1530 in
471 1493 591 1547 persona
609 1476 712 1531 Christi
732 1483 930 1548 opponuntur,
963 1478 1077 1550 spiritus
1105 1476 1133 1530 in
1154 1478 1270 1532 coelum.
1322 1485 1347 1534 5.
1375 1480 1455 1543 Quod
1482 1480 1573 1550 ipsum
1603 1480 1687 1534 etiam
1713 1497 1746 1534 ex
1762 1478 1815 1533 hac
1845 1478 1939 1550 phrasi

242 1562 430 1626 divinitatem,
457 1578 520 1616 caro
549 1562 748 1618 humanitatem
775 1565 924 1634 significat.
963 1564 1078 1636 Quarto,
1105 1563 1254 1635 colligitur,
1274 1569 1378 1636 quanto
1395 1564 1539 1620 Abraham
1557 1565 1658 1620 dicitur
1675 1565 1768 1619 iturus
1786 1567 1940 1634 adpatrss

242 1649 277 1703 de
301 1650 394 1703 anima
413 1648 517 1703 Christi
536 1656 598 1702 'non
627 1654 719 1718 potest
744 1650 887 1705 commode
904 1650 972 1720 dici,
1002 1651 1076 1722 qnod
1103 1667 1261 1720 cumpace,
1280 1651 1311 1704 id
1327 1657 1370 1706 est
1386 1652 1570 1722 perfruiturus
1586 1670 1649 1707 cum
1668 1651 1735 1722 ipsis
1755 1651 1829 1706 omni
1848 1651 1937 1708 felici·

243 1734 327 1789 fuerit
361 1739 576 1802 ζωοποιηθεῖσα,
608 1735 638 1788 id
674 1735 748 1806 quod
786 1740 868 1806 urget
902 1736 1076 1807 Augustinus
1101 1742 1172 1806 tate,
1218 1753 1279 1790 eam
1315 1737 1387 1791 enim
1418 1755 1471 1792 vox
1506 1737 1638 1793 Hebraea
1675 1723 1773 1812 57th
1813 1738 1937 1792 denotat.

240 1821 320 1891 epist.
341 1826 383 1876 99.
404 1821 440 1874 ad
459 1820 548 1874 Evod.
584 1821 771 1876 Bellarminus
787 1821 900 1892 quidem
919 1823 1077 1893 respondet,
1103 1825 1127 1876 2.
1147 1821 1254 1876 lbidcm
1276 1829 1358 1893 urget
1375 1838 1476 1876 nomen
1494 1824 1605 1886 inferni
1623 1823 1771 1888 inferioris
1790 1823 1873 1879 Dent.
1895 1828 1936 1893 32,

240 1906 381 1975 vivificari
398 1907 428 1960 irs
446 1908 604 1977 Scrspturis
623 1925 707 1977 saepe
729 1908 891 1975 siguificare
909 1909 983 1962 idem
1001 1913 1077 1978 quod
1102 1924 1127 1959 v.
1147 1913 1190 1964 22.
1226 1907 1256 1964 si
1276 1908 1349 1963 enim
1368 1908 1450 1962 datur
1464 1908 1588 1963 infernus
1602 1909 1722 1978 inferior,
1741 1908 1837 1981 utique
1853 1910 1936 1965 edam

240 2008 296 2045 aaa
323 1992 423 2046 occidi.
472 1993 560 2062 Atqui
588 1993 746 2063 oppositum
773 1992 930 2048 mortificari
949 1995 1076 2060 ostendit,
1102 1993 1235 2063 superior,
1254 1993 1383 2048 videlicet
1401 1993 1509 2048 limbus.
1546 1993 1602 2049 Sed
1615 1995 1791 2050 ostendemus
1804 1995 1936 2058 suoloco,

242 2077 277 2132 de
296 2095 362 2132 vera
381 2087 409 2133 et
427 2078 496 2134 reali
516 2078 718 2141 vivificatione,
737 2079 788 2133 hoc
809 2084 851 2134 est
869 2079 942 2134 vitae
960 2080 1076 2136 amissae
1103 2094 1158 2132 non
1184 2080 1289 2134 ratione
1318 2078 1388 2148 loci,
1416 2080 1465 2133 sed
1483 2081 1590 2135 ratione
1613 2079 1777 2135 conditionis
1798 2097 1832 2135 ac
1848 2086 1936 2135 status

241 2165 423 2233 restitutione,
439 2172 545 2221 textum
557 2183 617 2220 esse
635 2164 842 2236 accipiendum3
855 2165 935 2233 adde,
956 2166 1031 2236 quod
1048 2167 1077 2220 in
1101 2164 1210 2219 infimas
1228 2170 1319 2220 terrae
1339 2171 1433 2234 partes
1453 2165 1561 2219 inferno
1578 2167 1730 2237 assignari,
1748 2166 1794 2221 hic
1815 2166 1936 2222 breviter

239 2250 293 2306 hac
311 2251 513 2323 significatione
532 2268 566 2306 ea
587 2252 724 2305 duntaxat
743 2250 1024 2319 dicanturvivificari,
1046 2252 1075 2305 id
1102 2265 1252 2319 monemus,
1272 2250 1441 2321 adjectivum
1458 2251 1528 2305 illud
1547 2255 1654 2326 Πήηη
1678 2269 1734 2307 non
1754 2269 1815 2306 esse
1833 2252 1936 2324 διαιρε·

239 2337 331 2391 estin
350 2336 409 2392 sita
425 2338 591 2404 conservari,
609 2353 681 2407 quae
705 2337 773 2391 mori
792 2344 908 2407 possunt
928 2344 956 2392 et
974 2337 1075 2408 quihus
1100 2334 1184 2404 rsxdr,
1211 2335 1348 2391 infernum
1369 2337 1527 2392 inferiorem
1550 2355 1567 2392 a
1586 2338 1727 2409 superiore
1751 2337 1933 2410 distinguens,

237 2440 255 2477 a
284 2431 372 2479 morte
398 2424 539 2495 impendet
566 2422 733 2493 periculum,
765 2422 794 2477 id
821 2422 895 2493 quod
922 2423 957 2478 de
982 2423 1076 2478 anima
1101 2422 1150 2476 sed
1184 2421 1350 2493 ἓπιταιικὸν,
1377 2432 1479 2478 statum
1507 2429 1535 2479 et
1559 2425 1744 2479 conditionem
1769 2425 1870 2480 inferni
1887 2425 1935 2480 de·

238 2509 293 2564 dici
321 2510 426 2580 nequit.
476 2509 579 2574 Quinto
607 2510 751 2580 apostolus
775 2526 830 2564 non
849 2508 973 2563 meminit
992 2508 1075 2563 ullius
1101 2506 1235 2563 scribens.
1271 2514 1295 2562 3.
1314 2508 1457 2564 Johannes
1475 2527 1525 2580 per
1545 2510 1694 2580 discipulos
1713 2528 1776 2566 suos
1798 2518 1833 2566 ei
1857 2509 1934 2566 Chri·

236 2594 408 2650 liberationis
434 2594 726 2657 veltranslocationis
746 2596 775 2648 in
800 2595 887 2649 vitam
912 2600 1064 2658 aeternam,
1101 2599 1145 2646 sto
1165 2594 1274 2665 quaerit
1290 2594 1390 2648 Matth.
1412 2597 1452 2662 ll,
1470 2613 1496 2652 v.
1515 2600 1543 2650 3:
1565 2598 1642 2650 Tune
1667 2613 1711 2665 ss,
1735 2599 1785 2665 qus·
1807 2605 1937 2652 venarer

237 2681 286 2736 sed
306 2685 416 2735 tantum
433 2679 659 2751 praedicationis.
700 2679 792 2746 Sexto,
812 2680 987 2751 Augustinus
1009 2680 1035 2734 d.
1054 2680 1072 2733 l.
1101 2696 1137 2742 es,
1159 2698 1196 2732 aa
1216 2680 1305 2732 aliam
1323 2683 1530 2748 exspectemus!
1554 2683 1605 2735 hoc
1631 2689 1672 2735 est
1689 2689 1754 2736 tuae
1773 2684 1802 2736 irs
1821 2684 1934 2737 limbum

237 2773 333 2839 urget,
367 2769 444 2837 quod
471 2767 618 2837 apostolus
643 2785 699 2821 nors
716 2768 810 2832 faciat
829 2768 991 2821 strationem
1010 2784 1073 2820 sarr·
1101 2766 1284 2818 descensurus
1312 2775 1339 2818 et
1354 2774 1454 2837 patres
1474 2782 1506 2819 ea
1524 2782 1555 2821 eo
1577 2767 1772 2822 liberaturus!
1805 2768 1934 2824 Costerus

237 2862 345 2907 ctorem
368 2862 498 2923 patrum,
528 2856 704 2919 acdeorum,
734 2855 784 2922 qui
805 2853 975 2923 temporibus
992 2855 1073 2907 Noas
1100 2850 1129 2902 in
1147 2867 1224 2906 conc.
1246 2851 1327 2906 Dom.
1349 2856 1371 2906 3.
1391 2851 1451 2906 adv.
1471 2869 1498 2921 p.
1518 2858 1560 2908 49.
1580 2859 1609 2907 et
1627 2858 1668 2908 69.
1709 2853 1934 2923 Respondemus:

235 2942 353 3005 sacrant
372 2941 530 3009 aliquando
550 2939 700 2996 increduli.
750 2939 935 2995 Bellarminns
961 2938 1072 3010 quidem
1099 2936 1141 2990 Ex
1171 2954 1303 3007 responso
1323 2937 1427 2992 Christi
1457 2944 1485 2992 et
1512 2954 1545 2991 ex
1562 2938 1629 3008 ipsis
1654 2938 1825 3010 quaestionis
1842 2940 1934 2995 verbis

237 3028 403 3098 respondet,
432 3028 498 3082 ideo
525 3028 617 3093 fuisse
642 3025 807 3079 nominatim
829 3026 898 3080 illos
920 3042 1074 3094 expressos,
1099 3037 1179 3076 verus
1209 3023 1333 3093 ejusdem
1365 3039 1461 3077 sensus
1494 3023 1671 3096 intelligitur,
1705 3042 1760 3080 non
1791 3026 1864 3081 enim
1899 3027 1935 3082 de

239 3115 288 3185 qus'
300 3117 423 3182 fueruat
442 3114 471 3167 s'n
490 3113 589 3167 diebus
607 3114 688 3166 Noae
706 3113 857 3181 increduli,
874 3112 942 3182 qaia
960 3114 996 3166 de
1013 3112 1073 3166 illis
1099 3109 1221 3180 quodam
1236 3111 1266 3163 in
1285 3108 1400 3163 limbum
1431 3109 1566 3165 descensu
1595 3112 1640 3166 vel
1655 3110 1798 3168 Johannes
1818 3114 1934 3184 quaerit,

238 3203 332 3271 majus
356 3208 419 3254 erat
438 3201 571 3267 dubitare,
602 3217 640 3251 aa
659 3206 749 3252 essert
773 3198 848 3252 salai
864 3214 916 3253 nac
934 3215 981 3267 rsa,
1012 3215 1073 3252 cum
1099 3195 1144 3250 vel
1164 3195 1289 3250 Christus
1310 3196 1475 3266 respondet,
1492 3197 1541 3252 sed
1559 3213 1595 3251 an
1613 3198 1649 3251 sit
1668 3197 1684 3251 d
1702 3197 1862 3270 ἐρχόμενος,
1881 3199 1934 3252 hcc

236 3289 347 3352 fuerint
379 3308 397 3342 a
425 3290 489 3341 Deo
515 3286 612 3357 puniti
642 3294 668 3339 et
699 3286 781 3356 aquis
805 3285 909 3339 diluvii
929 3286 1072 3341 submersi.
1100 3289 1142 3336 est
1160 3282 1311 3352 promissus
1330 3280 1460 3347 Messias,
1487 3283 1534 3354 qui
1553 3283 1606 3338 hac
1626 3284 1847 3339 denominatione
1864 3285 1935 3341 solet

238 3374 325 3445 Atqui
351 3373 375 3428 si
403 3373 516 3444 quidam
539 3388 572 3426 er
587 3371 642 3425 illis
661 3388 755 3426 veram
775 3375 804 3426 ct
821 3372 922 3426 seriam
942 3372 1027 3427 etiam
1044 3372 1073 3426 in
1102 3367 1238 3435 describi,
1263 3367 1327 3423 doh.
1355 3373 1386 3437 3,
1412 3386 1437 3421 r.
1453 3374 1493 3423 31.
1514 3385 1536 3423 c.
1557 3374 1603 3436 ll,
1628 3385 1653 3424 v.
1674 3375 1715 3425 27.
1734 3375 1758 3424 2.
1777 3370 1840 3426 Joh.
1861 3388 1888 3426 r.
1908 3378 1933 3426 7.

236 3458 292 3513 fine
322 3459 395 3514 vitae
424 3463 541 3529 egerunt
570 3457 783 3528 poenitentiam,
818 3456 996 3512 credentibus
1025 3474 1073 3512 an·
1100 3454 1135 3508 de
1155 3471 1210 3525 qno
1226 3453 1369 3510 Johannes
1388 3455 1449 3525 ipse
1467 3472 1522 3510 non
1542 3455 1698 3523 dubitabat,
1717 3457 1766 3511 sed
1782 3456 1933 3527 discipulos

237 3545 400 3601 numerandi
425 3551 489 3599 sunt
508 3549 535 3598 et
560 3543 589 3596 in
607 3543 703 3611 coelo,
729 3560 785 3597 non
806 3548 897 3598 autem
918 3543 946 3597 in
965 3543 1073 3598 inferno
1100 3556 1163 3594 suos
1196 3540 1288 3594 adhuc
1322 3540 1537 3595 subdubitantes
1562 3540 1693 3610 plenioris
1731 3542 1934 3598 informationis

236 3632 397 3688 collocandi.
436 3629 567 3701 Septimo,
586 3628 615 3682 in
634 3627 742 3683 Graeco
764 3633 841 3683 textu
861 3646 916 3682 non
944 3629 1073 3692 hahetur,
1100 3642 1185 3680 causa
1203 3626 1239 3680 ad
1258 3625 1399 3681 Christum
1419 3626 1585 3697 ablegabat‚
1614 3627 1688 3681 unde
1707 3628 1791 3682 etiam
1807 3626 1934 3684 Christus

237 3719 312 3791 qnod
325 3716 440 3787 spiritus
453 3715 503 3778 illi,
516 3714 617 3785 quihus
632 3713 758 3768 Christus
772 3714 952 3784 praedicavit,
968 3714 1073 3768 fuerint
1099 3711 1135 3765 ad
1162 3711 1296 3766 miracula
1322 3711 1440 3766 Messias
1469 3711 1603 3786 τεκμήρια
1621 3729 1667 3769 eos
1686 3713 1816 3783 deducit,
1849 3732 1933 3787 quam

235 3806 264 3860 in
282 3821 401 3866 carcere,
420 3802 499 3872 quasi
514 3802 574 3871 jam
594 3817 627 3854 ex
647 3816 679 3854 eo
699 3799 755 3854 sint
767 3799 884 3867 liberati,
903 3800 953 3855 sed
966 3800 1069 3871 simpli·
1099 3815 1159 3853 esse
1185 3800 1334 3870 genuinam
1360 3799 1443 3869 hujus
1468 3800 1638 3871 quaestionis
1663 3802 1829 3856 sententiam
1848 3819 1933 3873 agno·

235 3893 305 3947 citer
328 3888 431 3944 dicitur
450 3894 507 3950 τοῖς
526 3889 555 3941 tv
581 3890 693 3961 φυλακῇ
718 3883 876 3957 πνεύμασι,
910 3886 943 3940 iis
970 3886 1018 3957 qui
1042 3885 1071 3940 in
1099 3891 1180 3940 scunt
1210 3902 1266 3939 non
1296 3886 1385 3941 solum
1416 3885 1530 3958 quidam
1559 3904 1592 3941 ex
1623 3886 1762 3956 patribus,
1799 3887 1934 3957 Hilarius,

235 3993 359 4042 carcere,
391 3974 439 4028 ubi
465 3973 566 4028 rectius
593 3971 814 4027 subintellexeris
840 3988 970 4041 praesens
988 3989 1070 4042 quam
1098 3971 1326 4041 Chrysostomus,
1357 3980 1453 4027 auctor
1485 3972 1642 4042 imperfecti
1668 3972 1773 4043 operis,
1802 3973 1933 4044 cyrillus,

11 4106 14 4111 ,
93 4093 221 4136 ,mm
235 4061 424 4134 praeteritum.
474 4059 598 4127 Octavo,
629 4058 790 4112 Andradius
816 4058 879 4112 libr.
908 4063 931 4113 2.
959 4077 986 4128 p.
1014 4064 1069 4114 121.
1098 4056 1273 4128 Augustinus
1292 4065 1343 4114 etc.
1362 4059 1411 4113 sed
1431 4057 1514 4112 etiam
1528 4058 1613 4128 aliqui
1632 4075 1665 4113 ex
1684 4059 1752 4129 ipsis
1768 4058 1932 4130 Pontificiis,

235 4148 461 4222 negatlimbum
482 4153 593 4216 patrum
615 4162 648 4200 ex
668 4143 799 4198 hocloco
820 4143 882 4198 elici
903 4161 991 4214 posse.
1097 4143 1212 4213 Eccius,
1252 4143 1401 4208 Wicelius,
1437 4144 1629 4212 Maldonatus,
1669 4144 1846 4215 Stapletonus
1879 4153 1930 4202 etc.

104 4259 171 4301 ag,
274 4243 329 4291 lle.
365 4230 464 4302 Atque
489 4231 558 4285 haec
578 4237 656 4294 sunt,
689 4248 759 4301 quac
779 4248 829 4300 pro
855 4230 941 4284 limbo
958 4237 1069 4300 patrum
1096 4235 1121 4285 4.
1139 4229 1240 4287 dohan.
1260 4236 1284 4298 8,
1305 4248 1330 4283 v.
1350 4236 1399 4285 56:
1418 4231 1564 4283 Abraham
1581 4231 1653 4283 cidit
1679 4232 1754 4284 diem
1774 4231 1882 4285 Christi
1905 4241 1929 4286 et

104 4313 221 4411 fflffiffl·
236 4338 269 4377 ex
288 4319 437 4389 Scripturis
456 4318 571 4372 adducit
586 4316 783 4381 Bellarminus,
804 4317 904 4387 quibus
923 4323 945 4372 6.
966 4316 1014 4370 alii
1036 4334 1068 4371 ex
1096 4316 1211 4384 pavimus
1232 4325 1288 4385 est,
1319 4315 1348 4369 id
1367 4316 1480 4387 quidam
1498 4333 1531 4370 ex
1549 4314 1702 4371 Pontificiis
1722 4316 1762 4370 sie
1780 4324 1929 4388 exponunt,

57 4472 61 4479 ¹
105 4415 182 4458 urstis.
236 4406 387 4462 Pontificiis
419 4403 489 4458 haec
520 4402 635 4458 addunt.
674 4408 696 4458 1.
721 4401 869 4456 Galatinus
903 4401 953 4459 lib.
981 4409 1005 4459 6.
1034 4405 1069 4459 de
1097 4402 1223 4471 cognouit
1253 4402 1428 4455 nativitatem
1449 4401 1555 4455 Christi
1584 4403 1614 4454 s'rs
1640 4402 1725 4456 limbo
1741 4410 1858 4471 patrum
1885 4421 1929 4457 re·

234 4511 326 4548 arcan.
346 4510 369 4546 c.
390 4497 413 4546 l.
430 4490 512 4545 affert
534 4496 555 4544 l.
575 4489 681 4543 dictum
701 4488 771 4544 Gen.
793 4495 839 4557 15,
857 4507 882 4546 r.
907 4496 945 4545 15.
965 4489 1013 4543 ubi
1032 4491 1068 4545 ad
1095 4490 1239 4543 arantiaate
1261 4505 1452 4557 praecursore
1476 4491 1538 4558 ejas
1563 4489 1695 4543 Johaarre
1725 4491 1860 4559 Baptista
1885 4491 1928 4544 vel

231 4577 424 4633 Abrahamum
445 4577 559 4631 dicitur:
577 4575 637 4628 Ibis
657 4577 811 4642 aclpatrcs
828 4583 890 4628 tuos
911 4592 1067 4645 cumpace,
1096 4576 1223 4630 Simsoae
1256 4576 1351 4631 lasso.
1401 4575 1502 4628 Eccius
1533 4575 1562 4628 in
1592 4574 1693 4646 postill.
1713 4575 1793 4630 Dum.
1817 4577 1928 4633 Judica.

231 4664 376 4734 sepelieris
401 4665 431 4716 s'rs
456 4669 592 4716 senectute
615 4661 704 4728 horsa,
733 4658 840 4714 ubisit
863 4659 897 4713 R.
915 4660 1067 4733 Nachmon,
1095 4662 1320 4732 Respondemus:
1352 4663 1406 4717 Per
1435 4662 1508 4717 diem
1526 4660 1629 4717 Christi
1654 4663 1790 4717 adventus
1821 4665 1881 4733 ejus
1899 4665 1928 4718 in

231 4751 285 4825 ibis
303 4753 344 4804 acl
359 4758 456 4820 patrea
472 4756 542 4816 uros,
562 4748 611 4816 qai
629 4747 804 4800 idololatrae
815 4747 934 4817 fueruat
952 4747 1011 4802 dos.
1024 4754 1066 4818 24,
1094 4764 1206 4802 carnem
1226 4748 1262 4802 ad
1281 4748 1405 4803 officium
1424 4748 1601 4803 redemtionis
1629 4750 1843 4818 praestandum,
1873 4768 1928 4804 non

230 4854 255 4892 r.
275 4844 297 4892 2.
337 4837 371 4891 δι’
388 4836 476 4904 igitur
486 4834 620 4887 Abrahae
641 4835 745 4886 dictum
756 4833 823 4898 fuit,
840 4833 893 4886 ihs's
911 4836 953 4886 ad
966 4842 1067 4905 patres
1094 4841 1186 4888 autom
1207 4836 1356 4890 descensus
1378 4836 1439 4906 ejus
1455 4835 1485 4889 in
1501 4835 1616 4892 limbum
1642 4836 1677 4889 ad
1696 4841 1790 4907 patres
1809 4835 1927 4891 liberan-

231 4931 299 4985 tuos,
306 4929 503 4990 putrescatem
516 4922 607 4991 ipsias
614 4938 675 4974 cam
683 4920 857 4974 idololatrae
864 4921 982 4989 riserint,
991 4924 1067 4990 qrsod
1093 4921 1143 4975 dos
1165 4921 1347 4993 intelligitur,
1364 4930 1396 4977 ut
1412 4922 1525 4992 ipsimet
1543 4923 1666 4976 saniores
1683 4921 1823 4975 Pontificii
1842 4939 1928 4994 agno·

229 5010 259 5061 irs
278 5008 392 5070 inferno
411 5015 516 5074 essent,
536 5007 650 5060 dubium
668 5024 725 5059 aaa
743 5013 791 5072 est,
810 5007 958 5060 Abraham
976 5008 1066 5077 ipsum
1078 4985 1081 5027 Ι
1092 5015 1179 5065 scunt.
1219 5015 1242 5063 5.
1266 5014 1287 5064 1.
1305 5008 1380 5065 Petr.
1402 5015 1426 5072 4,
1444 5026 1470 5064 v.
1489 5015 1518 5064 6:
1537 5010 1635 5062 Etiam
1652 5009 1771 5061 mortuis
1789 5010 1928 5077 euangeli-

230 5096 272 5148 ad
284 5094 429 5160 infersam
441 5095 638 5146 descsasurum
647 5093 748 5162 fassas,
765 5101 871 5146 certum
884 5100 932 5147 est.
959 5092 1065 5146 Veran-
1078 5112 1080 5167 r
1091 5102 1182 5146 cartam
1201 5102 1251 5162 est,
1267 5102 1297 5147 at
1309 5094 1477 5163 judicentur
1495 5095 1606 5163 quidem
1632 5096 1784 5147 secandam
1806 5095 1928 5149 homines

145 5217 146 5220 =
231 5189 323 5235 tamea
347 5197 407 5234 casm
426 5178 573 5231 Abraham
594 5178 781 5247 fidelissimas
801 5187 870 5232 esset
889 5178 949 5232 Des'
973 5174 1184 5263 cultorsscarue,
1205 5180 1300 5233 vivant
1319 5187 1410 5232 actem
1435 5182 1587 5233 secundum
1605 5182 1699 5233 Deum
1717 5180 1827 5248 spirita.
1874 5179 1927 5234 Re·

228 5283 262 5320 ac
274 5267 388 5336 justas,
409 5282 460 5319 asc
478 5265 542 5333 ipae
560 5266 682 5332 inferni,
706 5282 756 5319 aec
781 5283 800 5318 a
820 5265 1002 5319 doemonibus
1024 5264 1273 5334 irs-ispondemus:
1301 5264 1403 5320 Variae
1427 5267 1606 5335 proferuntur
1640 5265 1725 5337 hujus
1756 5265 1809 5319 loci
1843 5266 1926 5321 inter-

226 5354 379 5418 fsataadus
406 5360 482 5418 erat,
513 5352 576 5406 ideo
604 5351 697 5405 dictas
720 5357 761 5405 est
780 5353 822 5403 ad
832 5358 934 5421 patres
953 5368 1018 5404 suos
1034 5351 1065 5404 s'o
1090 5351 1267 5420 pretationes.
1316 5349 1443 5407 Clemens
1467 5351 1546 5407 Alex.
1571 5350 1620 5406 lib.
1652 5356 1675 5406 6.
1698 5357 1822 5405 stromat
1850 5351 1925 5420 dicit,

222 5455 296 5509 pace
311 5438 412 5494 darre.
459 5437 689 5509 Respondemus:
727 5444 748 5493 1.
766 5436 819 5492 hac
840 5437 947 5493 ratione
965 5435 1232 5493 inferrilChrs'stum
1258 5445 1285 5491 et
1309 5438 1452 5508 apostolos
1477 5438 1655 5492 wceadisss
1679 5440 1720 5490 ad
1736 5439 1865 5506 inferos,
1896 5446 1926 5491 at
