4074 6022
857 174 910 234 na
928 174 1068 238 nom.
1748 179 1810 238 223

121 336 200 391 serbo
221 345 247 391 et
263 336 446 391 emanantis
471 335 600 390 eliasub
622 336 698 390 aliis.
746 334 830 398 Quod
847 333 955 390 mortui
981 333 1123 409 singulare
1140 334 1282 407 quoddam
1301 333 1472 390 miraculum.
1508 329 1591 386 Adde
1608 329 1682 402 quod
1701 324 1813 400 proprie

119 423 231 494 prosint
247 423 371 491 mortuis,
385 429 474 492 patet,
486 440 552 475 nam
566 423 717 476 Helisaeus
732 430 855 475 nsortuus
867 421 954 473 alium
982 427 1010 475 et
1029 429 1158 477 accurate
1176 419 1317 492 loquendo
1335 438 1391 475 non
1408 418 1535 475 Elisaeus
1553 424 1677 473 mortuus
1697 415 1813 471 suscita·

122 509 264 564 mutarit
284 512 310 565 2.
325 510 391 578 Rea.
404 511 449 566 13.
468 518 495 562 et
509 509 655 563 Abrabam
674 516 799 562 mortuus
817 509 848 561 in
863 508 955 560 sinum
981 507 1051 562 verit
1080 516 1232 576 mortuum,
1264 505 1313 562 sod
1336 507 1413 562 Deus
1443 505 1635 560 auctoritatem
1664 501 1814 574 prophetae

122 613 201 649 suum
220 597 361 649 Lazarum
388 595 497 664 recepit
513 597 582 652 Lus.
601 598 644 651 16.
690 597 751 650 Nec
769 594 824 649 ulli
841 592 955 648 dubium
982 592 1105 649 defuncti
1135 593 1188 649 hoc
1214 591 1346 649 miraculo
1376 609 1394 647 a
1427 609 1457 647 se
1490 590 1565 646 edito
1593 587 1756 645 confirmare
1786 590 1814 641 et

123 697 180 736 esse
211 680 306 748 debet,
338 682 406 750 quin
433 689 594 737 sanctorum
623 683 819 748 defunctorum
844 679 956 733 animae
981 679 1119 735 vaticiniis
1150 680 1276 752 ejusdem
1307 679 1456 736 conciliare
1490 677 1585 733 soluit.
1638 674 1699 743 Quo
1730 689 1814 730 sensu

124 784 183 822 eum
198 766 310 821 Christo
329 775 487 836 renuentes,
508 775 587 822 orent
598 785 656 838 pro
668 774 829 821 sannorum
848 766 955 818 anima·
981 767 1105 822 Lazarus
1124 767 1153 822 in
1172 767 1304 823 Abrahae
1328 766 1419 821 sinum
1439 769 1567 834 receptus
1585 762 1708 828 dicatur,
1724 763 1813 832 'expo-

127 854 173 906 bus
211 853 241 907 in
270 855 441 923 purgatorio
476 854 674 909 laborantibus.
734 853 817 916 Quod
853 852 964 930 mortui
982 853 1065 908 situm
1083 852 1137 908 fuit
1163 852 1298 924 superius.
1344 853 1367 906 7.
1386 851 1507 905 Animae
1531 851 1730 910 defrenatorum
1749 866 1813 902 san·

121 940 231 1010 prosim
256 940 408 994 meantibus
427 947 519 1012 patet,
545 959 612 995 nam
634 944 660 994 2.
679 939 809 995 Maccab.
827 942 870 994 15.
888 937 957 1007 beqi-
983 947 1088 993 storum
1105 957 1168 993 cum
1186 937 1297 993 Christo
1316 945 1465 1006 regnantes
1491 953 1576 990 orare
1591 951 1647 1005 pro
1665 932 1813 988 animabus

125 1044 197 1091 mus,
228 1025 345 1080 Onicam
375 1034 401 1080 et
425 1026 581 1080 Jeremiam
609 1026 780 1095 jamdudum
808 1025 957 1088 defunctos
982 1032 1143 1079 sanctorum
1160 1025 1190 1078 in
1206 1024 1374 1096 purqatorio
1395 1022 1597 1086 laborantibus,
1618 1026 1703 1092 negat
1720 1018 1814 1075 Domi·

125 1111 196 1166 risos
211 1111 401 1176 fuissemare
416 1130 472 1182 pro
486 1112 596 1182 popula
611 1110 956 1165 Judaeorumuiueatium.
983 1111 1098 1167 nicaea
1129 1111 1195 1166 Soto
1214 1117 1237 1166 t.
1261 1117 1331 1166 sent.
1358 1109 1419 1164 dist
1441 1115 1482 1166 lb.
1508 1126 1535 1178 q.
1554 1112 1577 1166 3.
1597 1114 1647 1163 art
1664 1112 1687 1162 2.
1705 1107 1815 1160 animas

126 1197 183 1251 Nec
204 1204 245 1250 ert
264 1197 444 1264 incredibile,
473 1198 557 1251 etiam
584 1197 694 1250 animas
715 1195 878 1266 purgatorii
900 1211 957 1263 pro
982 1198 1145 1266 peractoris·
1158 1213 1213 1266 pro
1226 1196 1305 1250 nobis
1318 1196 1348 1249 in
1363 1193 1544 1249 temaadluc
1556 1193 1707 1247 uiuentibsu
1720 1209 1813 1256 orare,

128 1282 205 1336 nobis
235 1298 321 1337 orare
351 1291 378 1337 et
406 1284 567 1352 impetrare.
609 1282 644 1337 Si
667 1300 732 1351 erqo
758 1281 815 1336 uiui
836 1287 957 1349 prosunt
984 1290 1069 1355 negat
1085 1281 1205 1338 Thomas
1224 1287 1248 1337 2.
1261 1287 1284 1338 2.
1298 1300 1324 1354 q.
1344 1287 1386 1338 8³.
1402 1287 1453 1335 art.
1474 1287 1515 1337 ll.
1533 1280 1568 1334 ad
1587 1284 1610 1334 3.
1630 1276 1814 1334 ΒεΙΙιιιιιιίιιιιι

126 1369 249 1436 mortuis,
266 1370 630 1437 mortuimortuss,'mortui
646 1369 725 1438 uiuis,
743 1385 860 1421 eurnon
874 1366 957 1419 etnam
983 1370 1043 1440 ipse
1060 1368 1113 1424 hoc
1138 1369 1198 1424 loco
1227 1368 1370 1440 agnoscit,
1400 1385 1449 1421 eas
1472 1385 1528 1421 non
1554 1382 1639 1435 posse
1667 1364 1814 1419 ordinarie

125 1456 259 1525 prodesse
294 1463 426 1525 poterunt
464 1456 523 1509 uiui
555 1456 692 1510 mortuis!
735 1453 958 1524 Respondemus:
984 1473 1156 1524 capnoscere,
1178 1457 1247 1525 quid
1262 1472 1380 1525 agamus
1398 1456 1427 1508 in
1442 1452 1624 1524 particulari,
1642 1468 1677 1505 ao
1689 1451 1813 1520 proinde

130 1547 151 1597 l.
173 1541 244 1596 ratio
268 1541 336 1598 haec
360 1540 572 1613 praesupponit,
600 1558 658 1594 esse
686 1540 896 1610 pus-potorium,
927 1543 958 1591 ut
983 1543 1153 1613 superfluum
1177 1541 1271 1596 uideri
1289 1542 1324 1594 ab
1351 1541 1391 1596 eis
1418 1539 1565 1594 ordinarie
1580 1547 1688 1607 petere,
1714 1544 1744 1590 ut
1757 1553 1813 1606 pro

10 1636 36 1680 ΙΙ.
56 1635 219 1685 &amanet
238 1627 424 1684 Bellarmiuus
441 1629 469 1682 in
490 1626 673 1699 explicatione
691 1625 775 1696 hujus
795 1624 958 1697 argumenti.
983 1627 1063 1683 nobis
1079 1636 1167 1686 orent.
1212 1627 1289 1693 Quae
1316 1627 1401 1698 igitur
1426 1632 1455 1681 et
1481 1631 1586 1698 quanta
1611 1623 1747 1680 certitudo
1773 1633 1815 1676 est

127 1714 214 1785 Atqui
245 1713 316 1769 hane
351 1712 518 1785 hypothesin
552 1713 722 1767 ostendimus
761 1728 821 1767 esse
850 1709 957 1779 falsam,
984 1716 1066 1788 hujus
1092 1714 1227 1770 subsidii?
1271 1721 1295 1772 8.
1313 1713 1399 1769 Liber
1427 1713 1564 1769 secundus
1587 1710 1813 1766 Maccabaeorum

125 1800 229 1855 corruit
247 1799 333 1872 igitur
348 1806 438 1854 totum
456 1805 656 1872 argumentum·
691 1803 714 1854 2·
731 1797 809 1861 Quae
824 1804 851 1853 ut
868 1796 957 1868 qualis
983 1802 1157 1872 apocryphus
1176 1806 1231 1870 est,
1254 1805 1287 1855 ut
1312 1800 1438 1870 superius
1457 1799 1583 1855 vidimus.
1619 1797 1662 1851 Ac
1679 1795 1814 1850 somnium

124 1886 161 1939 sit
189 1886 402 1940 communicatio
428 1886 613 1942 membrorum
645 1885 674 1939 in
702 1901 817 1956 corpore
839 1883 957 1954 mystico
983 1887 1023 1941 ibi
1040 1889 1172 1943 recitatur
1193 1904 1211 1942 a
1230 1887 1307 1943 luda
1325 1884 1492 1941 Maccabaeo
1509 1885 1545 1939 sd
1567 1883 1727 1939 excitandos
1744 1881 1812 1935 mili·

123 1989 188 2027 cum
200 1971 310 2027 Christo
325 1973 417 2043 capite
434 1988 468 2027 ac
485 1973 557 2027 mter
568 1990 598 2028 se
613 1971 740 2041 invicem,
755 1988 810 2025 uon
828 1968 956 2026 definien·
983 1979 1042 2028 tum
1060 1974 1164 2030 animm
1184 1972 1378 2046 excogitatum
1417 1971 1476 2029 Nec
1497 1980 1589 2026 tamen
1607 1968 1753 2024 velJudns
1769 1966 1814 2022 vel

124 2058 191 2111 dum
209 2063 252 2112 est
275 2074 308 2112 ex
337 2057 572 2129 speculationibus
597 2059 732 2112 humanae
756 2055 884 2119 radonis,
908 2055 957 2109 sed
983 2062 1119 2116 exercitus
1137 2067 1248 2116 sanctos
1268 2060 1330 2114 illos
1350 2059 1488 2113 invocant

123 2159 158 2198 ex
175 2142 279 2199 tabulis
304 2144 413 2199 divium
438 2144 621 2200 revelationis.
665 2152 688 2200 3.
707 2143 765 2198 Eae
789 2159 854 2198 vero
872 2141 957 2196 mani·
1018 2152 1076 2203 288.
1112 2147 1390 2204 salmeron.t0m.1t
1404 2141 1553 2214 disputatio
1566 2148 1605 2196 25.
1618 2156 1689 2211 quae
1703 2137 1737 2193 de
1749 2154 1814 2208 pur
1803 2135 1951 2183 assumes

122 2230 194 2285 feste
215 2231 329 2300 docent,
353 2229 493 2303 suffragiis
516 2231 641 2286 vivorum
661 2236 782 2285 mortuos
802 2227 957 2299 posthanc
984 2233 1084 2304 gatorii
1107 2234 1224 2288 veritate
1242 2231 1368 2287 instituta
1390 2236 1444 2298 est,
1471 2235 1580 2300 praeter
1598 2227 1673 2281 dicta
1690 2223 1812 2294 Scriptu-
1826 2187 1950 2288 1ιοιιῗιιιιιι

124 2316 209 2370 vitam
232 2317 327 2387 jurari
357 2333 412 2372 non
445 2334 539 2387 posse,
572 2323 605 2370 ut
635 2316 804 2370 ostendimus
831 2313 957 2384 superius
983 2319 1412 2391 raesupcriusexpositaurgett
1420 2316 1599 2370 tractusonem
1607 2332 1661 2367 non
1671 2290 1958 2381 seratam,l1¹,⁸,⁵‘{’,‘,¹,⁰

125 2419 183 2473 arg
204 2413 226 2458 2.
246 2403 344 2458 memb.
366 2408 390 2459 8
433 2400 629 2458 Destituuutur
649 2402 732 2456 etiam
750 2402 799 2456 illa
823 2398 959 2470 suffragia
985 2425 1067 2476 orsam
1085 2407 1203 2460 ecelesia
1227 2407 1323 2459 multis
1341 2405 1433 2459 mortis
1456 2411 1519 2456 ante
1539 2401 1634 2456 oeulos
1651 2398 1731 2452 nobis
1746 2413 1814 2465 pro·
1828 2394 1922 2434 ‘¹¹‘¹⁰¹¹⁸

126 2489 280 2559 primitivae
320 2488 454 2544 ecclesiae
493 2489 633 2561 suffragio.
690 2487 844 2543 Concilium
877 2486 957 2540 Tole-
981 2493 1093 2563 posuit.-
1133 2496 1157 2549 1.
1188 2494 1226 2548 ln
1253 2493 1355 2545 musae
1381 2489 1522 2555 sacrificio
1553 2486 1723 2540 celebranda
1741 2499 1815 2553 pars

124 2580 221 2630 tanum
251 2573 306 2630 llI.
342 2581 466 2646 tempore
501 2574 630 2649 Gregorii
661 2574 756 2646 Magni
790 2573 957 2630 celebratum
985 2581 1123 2650 quaedam
1153 2581 1288 2648 deputata
1318 2583 1359 2632 est
1396 2575 1522 2630 orationi
1544 2591 1601 2643 pro
1638 2570 1756 2626 mortuis
1784 2569 1815 2622 in

128 2676 187 2717 ean.
208 2665 250 2716 22.
271 2661 312 2715 sic
330 2659 473 2717 decernit:
500 2661 556 2724 Qui
573 2662 671 2716 diuina
688 2661 831 2717 uacatione
849 2660 884 2714 ab
905 2658 958 2712 bac
987 2668 1098 2723 curtato
1121 2665 1331 2737 quiescentium,
1377 2667 1403 2719 2,
1430 2663 1593 2716 [nstitutum
1623 2666 1663 2712 est
1688 2656 1815 2726 officium

126 2747 184 2802 nita
200 2748 343 2818 recedunt,
366 2766 428 2802 cum
443 2749 564 2819 psalmis
581 2749 770 2803 tantummodo
788 2753 816 2801 et
835 2745 959 2816 praua
984 2763 1173 2824 mortuorum,
1201 2754 1278 2824 qrsod
1303 2769 1360 2822 pro
1390 2749 1533 2814 defunctis
1557 2747 1588 2800 in
1610 2745 1729 2800 ecclesia
1751 2742 1817 2796 caui

129 2834 195 2888 tium
225 2834 337 2887 ”mlvi
366 2834 465 2888 ‘libeni
489 2837 530 2889 “d
555 2834 688 2904 wlhelm
713 2834 833 2899 deferri·
881 2833 958 2887 Nam
985 2840 1140 2908 conmori,
1157 2840 1258 2894 musae
1282 2855 1368 2908 qaam
1382 2836 1528 2908 plurimae
1546 2841 1571 2887 et
1588 2832 1745 2899 orationes,
1767 2844 1816 2883 seu

128 2920 244 2985 funebre
263 2937 385 2988 carmen,
403 2921 481 2990 meod
496 2921 580 2991 culeo
596 2921 864 2984 defunctisoantari
880 2919 958 2988 solet,
984 2928 1118 2982 collectae
1149 2934 1175 2980 et
1206 2923 1367 2994 sequentiae
1398 2933 1462 2976 cum
1498 2920 1619 2991 reliquis
1645 2913 1816 2972 ornamentis

129 3008 170 3062 ”d
201 3009 232 3062 'll
252 3009 415 3079 mmm
431 3025 475 3078 ὅθι
506 3017 555 3063 ⁰¹⁴⁶
572 3010 731 3080 wilm,
758 3015 808 3062 ⁰¹⁴2
826 3007 958 3072 famili&
984 3015 1048 3068 huic
1068 3013 1158 3067 astitui
1172 3010 1400 3067 accommodatis.
1428 3011 1456 3063 3.
1472 3007 1592 3061 Accedit
1611 3005 1672 3060 dies
1687 3000 1816 3074 prestio·
1865 3005 1867 3008 ⁴

130 3097 229 3151 eadere
245 3096 358 3150 omnino
373 3095 559 3165 proliacum.
597 3095 712 3163 Sufficit
730 3097 817 3159 enim,
835 3095 911 3164 quod
929 3094 958 3146 in
984 3103 1054 3155 riser
1073 3101 1224 3168 institutus,
1243 3098 1370 3152 secunda
1386 3094 1607 3159 Novembrium
1625 3109 1681 3162 orsa
1698 3089 1816 3145 coelata
1828 3100 1896 3145 xva
1909 3098 1954 3142 atr.

130 3200 176 3252 φᾶ
200 3182 413 3236 remotim&
435 3182 659 3238 Christianorum
678 3182 842 3252 corporibus
863 3182 957 3244 famu·
984 3189 1159 3259 ssrffraaatur
1171 3187 1232 3256 piis
1251 3186 1448 3251 defunctorum
1467 3182 1577 3236 animis.
1598 3173 1674 3239 ,aa
1693 3186 1816 3248 tempore

130 3271 204 3322 latus
224 3269 383 3322 divinorum
404 3269 574 3337 impenditur
592 3269 776 3331 coaulicorum,
796 3268 844 3338 qui
870 3283 957 3331 canon
984 3275 1175 3349 apostolorum
1207 3274 1237 3326 in
1270 3272 1343 3325 hune
1360 3287 1447 3340 nsqrre
1481 3270 1555 3325 etiem
1589 3267 1717 3322 instituta
1751 3274 1814 3319 eunt

129 3355 282 3410 indecrelss
301 3355 438 3409 rsslsslfflss·
457 3355 510 3419 Qui
525 3355 731 3412 (illimem-34·
748 3374 775 3426 q·
790 3359 813 3409 l·
839 3361 864 3410 4·
879 3352 958 3406 Corn·
984 3361 1144 3418 coemiteria
1169 3361 1226 3413 siue
1245 3365 1422 3412 monumenta
1447 3356 1584 3411 orationis
1610 3354 1713 3423 aratia.
1754 3350 1815 3408 cle·

130 3442 279 3496 manicatis
298 3441 345 3512 pie
370 3439 562 3497 defunctorum
589 3458 652 3496 cum
675 3442 729 3513 piis
754 3440 913 3496 viventibus
932 3445 959 3494 et
985 3465 1061 3504 mem
1086 3447 1166 3502 Rom,
1193 3445 1239 3500 lib.
1256 3451 1281 3502 6,
1312 3443 1419 3499 constit.
1443 3458 1505 3514 cap.
1532 3448 1574 3497 30.
1625 3439 1816 3496 atestensis

130 3527 228 3582 caritas
253 3527 379 3580 vivorum
409 3543 477 3598 erga
502 3527 648 3582 defunctos
675 3527 850 3583 nihilominus
868 3527 959 3581 losum
984 3535 1141 3590 sacerdota·
1159 3532 1380 3603 nonasterium
1397 3531 1490 3600 ipsum
1503 3529 1600 3583 ressa
1612 3527 1815 3599 armannum.

129 3612 229 3667 habere
247 3616 347 3684 potest,
367 3612 391 3666 si
408 3614 452 3666 vel
464 3613 581 3672 maxime
599 3613 700 3667 mortui
719 3614 844 3667 visorum
861 3611 959 3666 suffra·
985 3624 1061 3677 Nam
1079 3621 1131 3674 kae
1150 3622 1247 3686 formo
1266 3619 1425 3671 sacudoter
1444 3616 1481 3669 ab
1499 3613 1639 3684 episeopis
1652 3629 1816 3667 consecran-

129 3700 179 3770 giis
198 3716 233 3754 ex
251 3699 412 3771 purgatorio
430 3698 543 3753 liberari
561 3707 706 3770 negentur,
726 3699 792 3770 quia
809 3717 859 3770 per
875 3699 959 3755 fidem
985 3717 1032 3762 tur
1049 3725 1083 3760 ac
1098 3711 1312 3776 promomntur:
1339 3703 1467 3774 Accipite
1492 3709 1660 3771 potestatem
1679 3699 1819 3770 offerendi

129 3787 288 3849 statuimus,
313 3785 359 3856 pie
384 3785 530 3839 defunctos
559 3801 622 3839 cum
640 3784 750 3841 Christo
775 3785 881 3855 vivere,
910 3803 960 3856 per
986 3793 1156 3862 sacraficium
1186 3792 1215 3845 in
1244 3790 1361 3845 secusia
1380 3789 1441 3843 Dei
1465 3805 1520 3859 pro
1545 3787 1616 3842 murs
1642 3795 1668 3840 et
1691 3786 1816 3840 mortuis

129 3872 271 3927 aruntem
315 3871 432 3925 honam
470 3869 614 3941 sepulture
650 3872 780 3943 reliquias
815 3879 1188 3943 cornuumaueniens
1208 3877 1333 3932 Romani
1355 3895 1388 3932 ss
1410 3875 1542 3929 sensuro
1566 3872 1701 3927 eeclesiae
1723 3872 1816 3927 inaut-

130 3975 257 4014 oruamus
276 3973 310 4012 ac
330 3975 393 4012 cum
412 3958 467 4012 illis
485 3959 513 4012 in
531 3965 645 4014 aeterna
663 3959 722 4013 vita
739 3959 870 4031 conjungi
890 3960 960 4015 desi·
985 3965 1093 4036 quatias
1114 3972 1172 4018 tam
1187 3981 1242 4033 pro
1260 3963 1339 4026 uiuis,
1357 3979 1440 4032 quam
1457 3978 1514 4030 pro
1534 3961 1650 4014 mortuis
1671 3957 1817 4028 impartiri

130 4045 264 4113 desumus,
285 4044 353 4115 quin
370 4051 398 4100 et
414 4046 532 4116 posteris
553 4046 674 4117 ipsorum
690 4046 774 4102 etiam
792 4048 821 4102 in
838 4047 961 4103 hacvita
987 4057 1195 4107 consueuerant.
1247 4052 1268 4103 7.
1296 4050 1400 4103 Patres
1433 4047 1566 4101 eccleciae
1604 4046 1758 4099 Orientalia
1790 4051 1817 4099 et

130 4132 219 4187 omnia
236 4130 415 4186 humanitatis
443 4130 536 4186 officia
554 4130 729 4200 exhibemus,
759 4150 810 4205 per
834 4151 910 4205 spem
931 4135 959 4188 in
988 4138 1178 4193 Occidentalis
1210 4138 1285 4190 idem
1310 4138 1417 4189 docent.
1462 4134 1501 4187 At
1522 4133 1592 4189 haec
1614 4132 1707 4187 omnia
1726 4148 1815 4187 meras

130 4219 240 4275 coelesti
259 4219 348 4290 gloria
365 4236 414 4274 nos
434 4234 497 4273 cum
516 4218 573 4274 illis
591 4221 712 4276 victuros
735 4220 849 4276 tirmiter
867 4239 958 4293 spera·
985 4226 1115 4298 principii
1132 4224 1278 4295 petitiones
1292 4222 1449 4285 continent,
1468 4222 1503 4276 de
1523 4237 1556 4276 eo
1575 4220 1647 4276 enim
1665 4219 1814 4292 quaeritur,

131 4322 197 4362 mus.
238 4312 262 4361 5.
288 4305 384 4377 Longe
398 4305 509 4360 diversa
526 4305 597 4361 ratio
626 4312 669 4361 est
686 4307 757 4362 inter
774 4307 915 4362 Christum
932 4314 960 4362 et
985 4329 1021 4366 an
1041 4311 1139 4366 missae
1160 4308 1323 4365 sacrificium
1348 4316 1422 4363 reete
1439 4306 1571 4362 offeratur
1593 4323 1644 4376 pro
1663 4304 1810 4370 inunctis,

129 4410 186 4452 nos.
237 4391 365 4448 Christus
395 4393 491 4449 vivens
519 4400 547 4450 et
583 4400 707 4449 mortuus
740 4393 896 4449 viventibus
926 4411 959 4449 ao
985 4416 1021 4452 an
1046 4397 1219 4469 probandum
1252 4395 1288 4450 sit
1317 4395 1387 4450 illud
1414 4393 1536 4448 officium
1564 4398 1748 4467 mortuorum,
1778 4409 1814 4448 an

131 4480 242 4536 mortuis
268 4480 400 4550 prodesse
418 4480 524 4550 potuit,
551 4481 618 4552 quia
647 4480 706 4551 ipse
733 4488 775 4536 est
801 4482 857 4535 dur
876 4481 959 4548 vitae,
985 4484 1146 4540 Pontificius
1173 4480 1362 4553 indulgentiae
1387 4479 1526 4536 defunctis
1545 4478 1658 4551 prosint
1700 4478 1815 4552 Regerit

130 4575 213 4638 caput
231 4567 373 4633 ecclesiae,
391 4568 511 4622 salvator
529 4567 652 4638 corporis
672 4569 715 4621 sui
732 4567 858 4638 mystici,
878 4568 959 4637 cujus
984 4569 1182 4626 Salmeronius:
1207 4568 1241 4621 Si
1258 4568 1321 4621 Deo
1342 4566 1387 4620 ln'c
1405 4565 1495 4620 cultus
1514 4583 1569 4619 non
1586 4565 1722 4634 placeret,
1741 4572 1813 4619 certe

130 4654 331 4709 amatissimum
350 4670 451 4724 corpus
475 4655 504 4708 in
529 4655 621 4710 media
644 4660 732 4710 morte
756 4654 857 4709 mansit
872 4652 959 4710 Verbi
978 4659 1043 4727 jam
1060 4657 1111 4709 diu
1129 4655 1263 4709 ecclmiae
1280 4672 1349 4708 suae
1364 4671 1417 4724 per
1434 4653 1558 4723 aliquem
1571 4654 1671 4708 bonum
1681 4653 1813 4722 aneelum

129 4741 218 4796 omnia
247 4738 386 4795 vivificare
412 4741 529 4796 valentis
558 4740 693 4812 templum
721 4741 880 4812 proprium,
910 4742 958 4814 qui
983 4738 1138 4798 revelatum
1154 4749 1232 4801 esset.
1278 4742 1353 4794 Nam
1376 4741 1403 4793 si
1426 4756 1482 4809 pro
1508 4739 1590 4810 Agar
1607 4739 1716 4793 ιίιίοιιιο
1736 4740 1815 4792 Deru

129 4834 242 4881 mortam
264 4827 407 4880 moriendo
437 4827 572 4882 destruxit
600 4845 633 4883 ac
666 4828 752 4883 vitam
788 4828 958 4900 resurgendo
984 4830 1116 4898 anaetuut
1133 4828 1223 4896 misit,
1240 4834 1270 4881 ut
1290 4828 1444 4882 ostenderet
1461 4827 1568 4889 fontem
1586 4823 1759 4896 aquaeGen.
1775 4829 1814 4880 12.

129 4913 273 4984 reparavit.
318 4913 352 4966 Id
370 4929 435 4969 vero
455 4912 491 4966 de
510 4914 640 4970 membris
663 4914 692 4969 in
710 4932 824 4987 corpore
842 4918 958 4987 mystico
983 4925 1010 4970 et
1024 4934 1081 4987 pro
1100 4916 1192 4975 salute
1211 4913 1338 4970 Cornelii
1355 4912 1527 4966 centuriatis
1552 4912 1672 4967 alterurn
1691 4911 1814 4965 destina·

130 5000 181 5055 dici
200 4999 305 5072 nequit,
324 5001 398 5070 quod
417 5000 533 5056 eandem
552 5018 615 5056 cum
634 5001 726 5073 capite
743 5004 845 5074 agendi
862 4968 1023 5076 poten-luit
1040 5001 1134 5059 Actor.
1158 5006 1197 5057 10.
1214 5008 1240 5054 et
1256 5017 1312 5069 pro
1333 4999 1424 5052 Tabia
1438 4999 1562 5068 juniore,
1584 5014 1664 5066 quem
1677 4998 1815 5062 diriperet

129 5086 193 5141 tiam
213 5092 241 5142 et
261 5086 415 5141 efficaciam
433 5087 583 5144 obtineant.
633 5087 759 5142 Christus
778 5098 897 5144 mortuos
921 5091 957 5145 ad
984 5091 1014 5143 in
1032 5090 1126 5158 Raaes
1152 5088 1290 5141 sinuum
1316 5087 1468 5140 Medorum
1485 5084 1659 5154 Rapbailem
1685 5083 1815 5150 anysium

130 5173 210 5227 sitam
238 5172 390 5241 revocavit,
417 5178 447 5228 at
476 5191 542 5227 num
570 5173 699 5244 precibus
719 5176 817 5230 nostris
838 5183 958 5233 mortuos
984 5176 1149 5231 amandavit
1165 5172 1233 5230 Tob.
1252 5181 1275 5229 5.
1294 5181 1397 5245 quanto
1415 5181 1456 5226 est
1469 5170 1646 5242 probabilius
1665 5179 1691 5224 et
1708 5171 1816 5226 rationi

129 5259 245 5316 excitare
264 5259 436 5330 poterimus?
475 5264 499 5318 b.
522 5259 565 5313 Ex
591 5260 724 5315 musculo
748 5261 880 5332 singulari
902 5279 957 5318 non
984 5264 1075 5335 magis
1094 5269 1320 5329 consentaneum,
1344 5261 1421 5330 quod
1437 5277 1490 5328 pro
1509 5257 1626 5313 ecclesia
1642 5256 1815 5312 instituenda

130 5354 218 5418 potest
235 5348 310 5404 necti
330 5346 468 5419 generalis
488 5344 626 5412 quaedam
647 5347 752 5419 regula.
782 5347 870 5421 Atqui
883 5349 957 5422 quod
983 5351 1013 5402 in
1042 5365 1107 5403 uero
1126 5346 1186 5400 Dei
1216 5347 1293 5400 cuttu
1321 5354 1347 5400 et
1370 5346 1407 5399 ab
1431 5344 1508 5399 omni
1534 5360 1630 5399 errore
1654 5350 1680 5397 et
1705 5342 1817 5398 haeresi

130 5442 250 5494 mortuus
277 5434 402 5490 Elisaeus
427 5433 511 5490 assum
537 5439 674 5488 mortuum
699 5434 890 5508 suscitaverit,
915 5442 957 5494 est
981 5437 1133 5492 liberanda
1151 5452 1206 5488 non
1223 5452 1306 5487 unum
1326 5440 1375 5487 aut
1387 5435 1466 5499 duas,
1483 5431 1534 5486 sed
1552 5431 1714 5485 innumeros
1728 5446 1813 5504 anae·
