4074 6022
661 199 712 254 DE
731 194 976 256 MORTUORUM
996 193 1321 253 RESURRECTIONE.
1786 204 1846 259 435

149 347 309 422 appositum
334 352 375 404 ad
398 338 556 418 facienda,¹
581 369 653 423 quae
677 353 758 422 eald,
788 354 882 406 omnia
900 366 987 420 neque
1012 350 1163 403 interibunt
1186 351 1283 403 acilas
1306 349 1432 403 Arabiae
1450 351 1487 404 de
1506 349 1709 402 resurrectione
1734 349 1846 402 securu.

147 434 193 488 cel
211 435 379 490 dissecdone
395 439 441 491 oel
458 440 607 494 adcretione
622 439 803 511 prohibetur,
822 456 876 508 qno
895 438 987 491 minus
1012 433 1185 506 Epiphanius
1210 434 1239 488 in
1262 450 1353 488 ancos.
1380 434 1533 490 cohibito:
1560 436 1606 488 De
1620 435 1757 504 phoenice
1773 435 1847 488 Ara·

149 538 298 591 corporum
321 525 429 593 efficiat
453 527 690 584 ressurrectionem,
728 526 804 580 Nam
829 525 909 578 Deus
931 522 1074 585 nonnbs'ca
1098 521 1212 574 oricula
1236 522 1330 575 dicem
1352 522 1524 590 crepes-fluum
1547 528 1593 578 cst.
1629 522 1700 574 Jam
1718 521 1791 575 enim
1809 523 1873 604 ad.

148 608 210 676 lepe
236 616 263 662 et
286 612 415 665 &menso
438 619 560 667 natiuae
577 620 728 684 operatur,
757 614 809 664 sed
825 617 923 680 suapte
941 627 986 662 oo·
1012 623 1095 660 aures
1122 607 1272 660 multorum
1302 607 1432 675 peruenit
1462 608 1634 660 maruntium
1659 615 1687 660 et
1709 626 1764 662 nou
1789 623 1846 659 cre-

149 695 266 749 luntatis
294 696 458 766 reseditque
481 706 636 770 potestate,
670 715 742 768 qrsae
769 713 801 750 re
828 696 910 751 nulla
939 698 986 749 de-
1012 692 1141 748 dentium,
1191 692 1325 746 Historia
1349 701 1442 745 autem
1472 695 1508 746 de
1535 693 1597 762 ipso
1627 693 1694 746 talis
1720 701 1848 762 apparet.

148 782 272 834 ttiluiittr
290 785 333 836 ad
351 800 393 851 ea,
414 801 486 853 orsae
503 786 570 840 uelit
588 786 743 855 efficienda,
1015 776 1268 847 Quingentesimum
1296 796 1400 832 anserem
1430 794 1515 846 opens
1547 787 1573 832 et
1604 779 1653 831 cet
1682 779 1848 846 cognouerit,

111 898 122 907 -
185 872 225 923 32.
252 870 402 924 Animalia
419 873 553 926 sentiente
573 872 825 940 animapraedita,
843 868 986 940 inquibus
1010 872 1118 933 tompus
1141 866 1239 919 mortis
1261 883 1330 918 sesae
1356 866 1477 934 instare,
1508 884 1607 934 reptem
1624 883 1657 918 ee
1674 866 1847 918 aromatibus

130 955 359 1011 'resuncctionis
378 956 537 1026 symbolum
550 965 697 1029 quaerunt,
717 964 782 1012 sunt
795 955 839 1010 rel
851 955 987 1021 oolrures,
1010 951 1065 1006 sili
1089 954 1224 1006 construit
1246 969 1333 1020 ecesse
1357 954 1388 1005 in
1409 955 1504 1006 urbem
1528 953 1731 1022 Aeppptiorum
1750 951 1848 1004 Helio·

150 1040 194 1094 vel
213 1042 373 1096 animantia
391 1045 547 1109 terrestria,
567 1045 611 1099 vel
626 1046 728 1113 pisces.
766 1042 900 1098 Volucres
920 1046 985 1094 suut
1006 1039 1089 1108 polin
1121 1040 1296 1108 appellatam
1325 1041 1419 1102 defert
1453 1047 1479 1093 et
1510 1040 1642 1109 propriis
1666 1039 1787 1108 pedibus
1814 1056 1848 1090 ac

154 1133 175 1182 l.
198 1127 322 1196 phoeniss
349 1129 473 1185 Arabiae
496 1130 573 1199 aris,
603 1147 687 1202 quam
713 1128 846 1200 peculiari
865 1125 986 1181 carmine
1010 1125 1066 1178 alis
1080 1132 1200 1194 pectora
1220 1143 1273 1178 sua
1291 1126 1375 1178 ualde
1391 1127 1510 1194 pulsaris
1529 1125 1674 1194 ipnemque
1692 1144 1710 1178 a
1730 1141 1848 1194 corpore

149 1210 313 1267 Lactantius
329 1220 357 1270 et
369 1221 433 1269 ante
446 1231 509 1269 eum
526 1213 642 1269 Ovidius
654 1214 714 1270 libr.
733 1220 771 1270 15.
803 1211 985 1282 Metamorph.
1010 1226 1061 1263 suo
1081 1211 1234 1279 proferens
1252 1211 1404 1280 subjectam
1424 1211 1571 1263 materiam
1597 1211 1627 1263 in
1645 1211 1706 1264 loco
1724 1211 1848 1263 incendit

149 1305 179 1351 ct
198 1297 371 1354 Claudianus
396 1301 579 1356 celebrarunt.
618 1301 750 1365 Quamvis
774 1316 839 1355 vero
856 1298 986 1369 Palioge-
1010 1302 1094 1364 atque
1110 1296 1152 1350 sic
1170 1314 1199 1350 se
1216 1297 1309 1365 spuens
1330 1297 1420 1349 esurit
1438 1305 1464 1350 et
1482 1313 1575 1350 omnes
1592 1314 1693 1350 carnes
1710 1314 1776 1349 suas
1790 1314 1847 1348 una

148 1383 211 1438 nius
229 1385 258 1438 in
276 1385 377 1452 Leone,
395 1392 594 1442 commentator
611 1387 697 1443 Solini
716 1385 809 1440 etalii
829 1384 985 1455 complures
1011 1399 1073 1435 cum
1097 1382 1213 1436 cesima.
1254 1383 1355 1435 Verum
1379 1398 1411 1435 ec
1428 1382 1490 1435 Dei
1511 1382 1720 1451 dispensatione
1744 1381 1847 1434 nebulo

148 1477 288 1539 merant,
319 1477 408 1526 toturn
428 1472 471 1540 id,
505 1472 579 1545 quod
599 1473 634 1527 de
651 1471 791 1526 Phoenice
810 1476 986 1538 memoratur,
1012 1468 1182 1532 demittitur,
1207 1485 1278 1539 quae
1292 1467 1423 1537 pluviam
1443 1469 1562 1538 effrendit
1581 1477 1607 1522 et
1620 1471 1766 1538 flammam
1784 1485 1846 1521 cor-

148 1572 209 1609 esse
237 1556 400 1628 figmentum
432 1557 620 1626 Graecorum,
651 1563 744 1613 nmen
771 1562 897 1611 auctores
930 1555 985 1610 fide
1006 1570 1064 1622 pus
1082 1554 1163 1608 alitis
1176 1562 1378 1608 consumentem
1397 1555 1546 1623 ectinpuit,
1565 1572 1625 1608 uem
1643 1565 1769 1608 mortam
1782 1557 1846 1622 jam

148 1642 227 1714 digni
250 1643 392 1698 historiam
410 1644 554 1716 phoenicis
572 1662 623 1699 suo
643 1642 825 1714 comprobant
842 1641 985 1713 suffragio,
1010 1640 1048 1692 sit
1080 1639 1203 1709 phoenice
1239 1648 1264 1694 et
1296 1648 1414 1694 ectrcme
1443 1647 1539 1695 tostus.
1589 1642 1723 1694 Extincto
1754 1649 1851 1694 autem

149 1726 260 1782 Solinus
279 1729 308 1782 in
321 1729 416 1787 histor.
435 1746 496 1801 cap.
511 1734 552 1787 42.
567 1729 674 1785 Comel.
689 1728 812 1794 Tacitus,
832 1728 986 1799 Oppianus,
1006 1726 1126 1794 flamma
1151 1725 1290 1794 reliquiae
1315 1727 1412 1779 carnis
1440 1726 1530 1795 ipsius
1556 1726 1649 1779 adnue
1674 1729 1778 1780 mildae
1804 1743 1846 1778 re-

149 1812 319 1883 Pomponius
347 1815 421 1869 Mela
447 1815 495 1870 lib.
514 1822 539 1871 3.
565 1832 627 1886 cap.
646 1822 670 1870 9.
698 1815 774 1886 quod
802 1819 845 1870 est
864 1813 901 1869 de
923 1814 985 1868 sinu
1009 1818 1098 1880 stant,
1132 1828 1204 1880 quae
1242 1812 1283 1864 ad
1314 1830 1399 1865 unum
1434 1813 1510 1884 diem
1534 1812 1694 1884 dissipatae
1727 1829 1846 1865 vermem

149 1898 280 1968 Arabico,
315 1899 423 1954 Plinius
441 1900 489 1955 lib.
502 1906 540 1956 10.
559 1900 655 1955 histor.
673 1907 762 1954 nanu.
783 1917 844 1970 cap.
864 1904 887 1955 2.
906 1904 935 1955 et
951 1915 985 1953 ex
1010 1898 1135 1967 pipnunt.
1187 1897 1296 1950 Vermis
1331 1905 1422 1951 autem
1451 1914 1559 1967 pennas
1584 1899 1722 1967 producit
1748 1897 1847 1970 pullus

148 1983 313 2040 Christianis
349 1985 489 2041 Eusebius
527 1984 588 2039 libr.
621 1991 644 2041 4.
683 1985 719 2041 de
751 1985 810 2040 rita
839 1984 984 2040 Constant.
1010 1986 1139 2052 eoadem,
1155 1984 1241 2037 tertia
1257 2001 1323 2038 uero
1337 1985 1384 2038 die
1401 1986 1500 2038 crescit
1514 1992 1540 2038 et
1554 1985 1848 2054 acceptoincremento

148 2086 208 2140 esp.
234 2074 274 2125 te.
302 2069 431 2125 Ruifinus
454 2070 482 2124 in
507 2071 622 2141 exposit.
642 2070 733 2140 symb.
752 2071 876 2142 Scaliger
896 2085 986 2125 exere.
1011 2071 1064 2134 hie,
1082 2072 1132 2139 orei
1147 2070 1183 2123 in
1203 2086 1234 2123 eo
1257 2070 1320 2124 loco
1343 2077 1506 2139 serrantur,
1524 2089 1554 2123 se
1571 2072 1664 2140 ipsum
1683 2072 1804 2124 ostendit
1823 2079 1848 2124 et

149 2161 209 2212 230.
229 2156 361 2210 Lemnius
380 2155 427 2211 lib.
446 2162 469 2211 2.
491 2156 525 2211 de
551 2163 642 2212 natur.
669 2156 764 2211 mirac.
785 2173 845 2228 cap.
871 2161 908 2213 it.
933 2162 985 2210 stc.
1010 2175 1111 2211 rursus
1151 2159 1194 2209 ad
1223 2157 1376 2226 propriam
1414 2157 1540 2226 patriam
1570 2158 1700 2212 recurrit.
1747 2156 1849 2214 Confer

148 2241 313 2296 'tertulliani
348 2241 510 2297 scholiastes
540 2241 710 2297 Pammelius
739 2259 790 2313 pro
821 2240 987 2297 stabilienda
1013 2242 1130 2298 eundem
1154 2243 1183 2296 in
1208 2241 1375 2315 physiologo
1400 2260 1462 2314 cap.
1485 2250 1524 2299 ll.
1555 2242 1721 2298 Ambrosius
1740 2242 1802 2297 libr.
1824 2251 1848 2300 5.

149 2328 292 2398 phoenicis
319 2327 434 2383 historia
463 2326 569 2399 allegat
596 2327 764 2383 Clementem
793 2337 818 2382 et
846 2327 985 2398 Cyrsilum
1011 2329 1134 2383 hexaim.
1154 2345 1212 2399 cap.
1232 2333 1273 2383 3³.
1291 2335 1319 2383 et
1335 2330 1365 2382 in
1383 2337 1450 2383 orat.
1469 2329 1505 2385 de
1524 2336 1686 2387 resurrect:
1706 2332 1849 2384 Docemur

151 2414 385 2478 Alexandrinum,
405 2415 592 2479 Ambrosium,
612 2415 812 2487 Epiphanium,
832 2416 985 2484 Ruffinum,
1012 2414 1096 2484 buires
1112 2415 1173 2468 aeis
1191 2415 1315 2484 exemplo
1334 2415 1564 2469 resurrectionem
1583 2417 1711 2481 credere,
1732 2433 1804 2485 quae
1823 2423 1850 2468 et

150 2500 286 2566 Plinium,
308 2500 477 2570 Oppianum,
499 2501 677 2570 Euripidem,
696 2501 858 2555 Lucretium
876 2509 903 2554 et
917 2500 985 2553 Pin·
1011 2501 1073 2554 sine
1099 2501 1224 2570 exemplo
1249 2507 1275 2553 et
1297 2502 1357 2555 sine
1374 2503 1496 2555 rationis
1512 2503 1691 2571 perceptione
1711 2504 1776 2574 epea
1795 2502 1852 2555 sibi

147 2588 220 2639 'dari
242 2589 435 2655 interpretem,
459 2585 647 2657 subjungens,
676 2603 706 2641 se
728 2587 821 2658 paulo
843 2585 986 2657 proliaiue
1013 2587 1136 2655 insipnia
1167 2587 1383 2641 resurrectionis
1408 2588 1557 2644 instaurat.
1592 2589 1632 2641 Et
1657 2589 1753 2657 utique
1784 2605 1850 2643 aces

149 2672 202 2726 bac
222 2673 258 2725 de
274 2689 305 2724 re
325 2672 422 2739 spisse,
442 2679 473 2725 ut
486 2675 706 2742 persuadeatur,
724 2673 874 2727 historiam
890 2672 986 2742 potius
1009 2678 1129 2744 propter
1149 2673 1287 2727 hominem
1304 2681 1376 2738 suat,
1392 2691 1449 2727 non
1469 2675 1551 2730 bomo
1563 2684 1684 2747 propter
1696 2692 1770 2729 aces.
1805 2674 1850 2729 Sit

150 2774 208 2812 esse
226 2775 309 2827 marn
324 2757 469 2825 fabulam,
494 2758 577 2826 cujus
596 2765 636 2813 tot
655 2760 808 2813 orthodori
825 2765 850 2812 et
868 2759 987 2827 pentilus
1012 2758 1100 2827 icitur
1123 2761 1247 2828 exemplo
1272 2760 1363 2825 nobis,
1393 2760 1461 2828 quia
1487 2768 1585 2814 auctor
1609 2769 1636 2814 et
1654 2770 1766 2814 creator
1785 2778 1849 2814 san-

149 2845 331 2902 meminerint.
375 2843 527 2914 Epiphanii
548 2844 709 2899 scholiastes
734 2844 868 2899 samalus
894 2846 986 2899 Pence
1013 2853 1071 2900 ctos
1100 2862 1166 2898 suos
1197 2845 1228 2898 in
1254 2852 1423 2914 perpetuum
1446 2846 1545 2915 perire
1569 2865 1626 2900 non
1648 2848 1772 2917 patitur,
1800 2847 1851 2917 qui

150 2931 185 2986 de
201 2931 280 2985 Leon
304 2929 384 2984 addit
405 2930 584 2984 Theodorum
600 2931 813 2985 Heracliensem
830 2939 857 2984 et
878 2929 987 2998 Grepo·
1014 2947 1090 2984 auem
1116 2932 1230 2985 renuam
1252 2931 1351 3000 perire
1375 2949 1430 2984 non
1452 2948 1568 3000 passus,
1596 2948 1658 2985 earu
1683 2934 1730 2985 eni
1746 2933 1850 2987 semine

148 3018 223 3070 mum
259 3018 479 3079 Nazianzenum,
516 3016 657 3070 Alcimum
693 3017 822 3084 Auitum,
859 3017 988 3084 Suidam,
1012 3017 1102 3070 uoluit
1125 3017 1267 3086 reparari.
1316 3015 1383 3077 Quis
1405 3016 1493 3085 ipitur
1515 3017 1580 3071 isuic
1602 3019 1752 3072 annuntiat
1776 3000 1850 3073 diem

149 3102 249 3155 Aurei.
274 3101 417 3168 Victorem,
444 3101 657 3168 Philostratum,
684 3102 820 3168 Tacitum,
849 3102 987 3168 Saliarem,
1014 3103 1124 3169 mortis,
1151 3109 1182 3155 ut
1198 3102 1293 3169 saciat
1310 3103 1367 3155 sibi
1381 3103 1489 3156 thecam
1514 3104 1675 3172 etimpleat
1693 3104 1851 3160 cambanis

150 3188 337 3251 Herodotum,
367 3188 511 3256 Ouidium,
538 3187 708 3241 Martialem
735 3193 786 3243 etc.
812 3188 880 3258 quin
904 3192 933 3243 et
958 3187 987 3242 in
1014 3188 1148 3244 odoribus
1166 3195 1249 3256 atque
1268 3187 1447 3255 inprediatur
1465 3189 1495 3241 in
1510 3191 1763 3243 eametmoriatur
1779 3190 1850 3258 illic,

150 3274 276 3329 susiane
289 3273 372 3328 LXX
383 3274 566 3344 interpretum
580 3273 682 3328 Psalm.
704 3279 745 3342 92,
765 3292 790 3332 v.
805 3280 843 3329 13.
864 3275 928 3332 Job.
942 3280 983 3342 29,
1013 3275 1063 3328 ubi
1086 3275 1219 3328 odoribus
1242 3273 1334 3342 pratis
1355 3275 1450 3337 foetor
1470 3264 1582 3340 funerei
1602 3277 1696 3344 possit
1721 3277 1832 3330 aboleri
1838 3279 1852 3329 3

151 3379 175 3418 v.
195 3365 234 3417 18.
260 3375 359 3414 nomen
384 3366 512 3430 φοίνικος
538 3378 594 3414 non
621 3359 656 3415 dc
681 3361 787 3431 palma,
812 3361 862 3415 sed
883 3361 987 3416 dehac
1013 3368 1065 3417 etc.
1117 3360 1191 3416 Vide
1226 3359 1394 3416 Phoenicem
1425 3360 1614 3432 Gryphiandri
1653 3365 1851 3418 commentario

152 3464 204 3502 are
226 3445 340 3518 quidam
364 3446 558 3515 accipiendum
582 3461 643 3500 esse
665 3451 823 3513 autumant,
850 3447 925 3501 unde
942 3463 987 3501 ve·
1013 3450 1181 3503 illustratum
1207 3447 1274 3502 edit.
1304 3464 1348 3501 an.
1380 3453 1454 3503 1018.
1491 3454 1514 3504 2.
1542 3449 1699 3504 Pelecanus
1723 3450 1849 3521 Aegypti

152 3532 218 3588 teris
243 3531 376 3587 ecclesiae
399 3531 527 3586 doctores
545 3546 649 3601 magno
669 3548 805 3586 consensu
824 3532 987 3602 phoenicem
1013 3537 1081 3591 aris.
1108 3533 1281 3605 Epiphanius
1300 3534 1328 3586 iu
1348 3533 1466 3604 physiol.
1492 3551 1553 3604 cap.
1572 3541 1600 3590 8:
1628 3537 1704 3589 Prae
1724 3537 1850 3591 enindus

152 3635 182 3672 se
208 3620 300 3688 ipsum
316 3625 496 3687 reparantem
514 3636 548 3671 ac
565 3618 791 3687 reseminantem,
819 3625 852 3673 ut
871 3618 987 3674 Ovidius
1013 3621 1173 3676 volucribus
1188 3620 1343 3688 pelecanus
1357 3620 1451 3687 prolis
1469 3629 1510 3674 est
1529 3638 1637 3688 amans,
1656 3623 1767 3685 seusina
1779 3623 1849 3676 nido

152 3705 283 3775 loquitur,
303 3705 340 3757 ad
358 3701 567 3758 resurrectionis
585 3703 747 3772 mysterium
767 3702 897 3760 referunt
926 3704 988 3760 Cle·
1013 3707 1127 3761 incubat
1142 3706 1241 3778 pullos
1259 3723 1324 3759 suos
1343 3705 1504 3759 custodiens
1521 3708 1651 3777 ipsosque
1671 3711 1758 3779 foret,
1778 3727 1849 3762 oom-

67 3793 137 3837 -lffi
153 3804 229 3844 mens
247 3789 325 3844 Rom.
349 3787 397 3843 lib.
417 3794 441 3845 5.
463 3795 551 3843 const.
577 3793 664 3845 totam
682 3789 826 3859 phoenicis
846 3790 988 3845 historiam
1009 3794 1198 3864 plectiturquc
1218 3800 1245 3846 et
1263 3792 1461 3846 nimicosculis
1475 3795 1593 3863 sauciat,
1608 3795 1850 3864 perforatitaque

152 3881 246 3930 narrat
271 3875 425 3946 eademque
453 3891 601 3946 corporum
628 3876 856 3932 resurrectionem
881 3877 989 3947 probat,
1013 3880 1128 3934 illerum
1152 3879 1246 3932 latera
1272 3886 1298 3931 et
1323 3878 1370 3932 illi
1395 3878 1559 3935 moriuntur.
1602 3881 1671 3933 Post
1702 3888 1759 3933 tres
1784 3897 1850 3934 cero

152 3962 265 4017 tandem
282 3961 322 4015 sic
341 3959 524 4015 concludens:
554 3961 590 4015 Si
605 3979 685 4030 erpo,
710 3970 741 4016 ut
758 3964 816 4032 ipsi
835 3964 932 4031 ajunt,
959 3963 989 4016 in
1015 3966 1077 4019 dies
1102 3966 1212 4018 accedit
1236 3981 1295 4016 mas
1309 3964 1462 4033 pelecames
1479 3973 1505 4018 et
1522 3973 1646 4019 mortuos
1664 3967 1768 4018 inuenit
1786 3966 1850 4034 pul·

152 4048 340 4101 operationis
358 4050 792 4121 erperteresurrectioapparet,
809 4050 989 4117 quidnostru
1015 4052 1057 4105 loe
1083 4059 1110 4105 et
1136 4053 1220 4106 ualde
1238 4051 1354 4120 anpitur
1373 4051 1527 4120 doloreque
1544 4054 1682 4122 impulsus
1696 4056 1850 4123 proprium

152 4133 382 4187 calumniantur!
405 4131 594 4187 Tertullianus
611 4132 659 4189 lib.
681 4134 715 4189 de
732 4140 878 4189 resurrect.
897 4135 989 4189 camis
1014 4138 1090 4192 lctus
1107 4137 1229 4208 percidit
1245 4154 1280 4190 ac
1298 4138 1427 4202 terebrat,
1447 4145 1612 4207 emanatqae
1624 4141 1750 4208 saripreis,
1771 4155 1851 4209 quem

153 4237 213 4290 cap.
239 4225 278 4274 13.
303 4235 369 4288 pag.
394 4223 459 4274 ³19:
490 4220 597 4289 Accipe
618 4221 814 4292 plenissimum
841 4228 866 4274 et
883 4222 990 4288 firmis·
1014 4240 1099 4293 super
1119 4232 1290 4277 mortuorum
1308 4224 1426 4276 uulnera
1443 4223 1572 4292 instillat,
1591 4224 1641 4293 qrsi
1659 4225 1700 4276 sic
1717 4226 1791 4278 os'tae
1808 4242 1851 4279 re-

152 4306 253 4358 simam
275 4303 360 4373 liujus
379 4305 442 4374 spei
466 4304 512 4371 (de
530 4306 741 4373 resurrectione)
759 4308 904 4376 specimen.
945 4308 991 4361 Si·
1014 4311 1172 4366 etituuntur.
1227 4308 1276 4362 Sic
1306 4309 1448 4362 Dominus
1475 4317 1569 4362 noster
1599 4309 1685 4363 Jeens
1718 4310 1852 4378 Christus,

153 4392 266 4461 pridem
290 4391 424 4445 animalis
448 4399 488 4445 est
514 4408 561 4445 res
580 4400 606 4446 ct
624 4394 698 4446 sitae
719 4395 837 4448 obnoaia
857 4402 882 4448 et
899 4395 990 4460 morti,
1015 4397 1097 4462 cuins
1117 4396 1193 4448 latus
1215 4395 1315 4449 lancea
1342 4397 1455 4463 aperuit
1480 4396 1663 4464 continuoque
1687 4398 1803 4466 sanquis
1826 4405 1851 4450 et

152 4476 234 4529 illuns
252 4476 317 4541 dico
332 4477 426 4530 alitem
441 4479 565 4531 Orientis
580 4478 765 4546 prosilierant,
784 4483 820 4534 sle
837 4481 989 4549 singulari·
1015 4499 1090 4551 aquea
1108 4480 1202 4547 eriuit,
1221 4498 1305 4550 super
1324 4488 1448 4533 mortuos
1467 4482 1556 4546 filios,
1575 4482 1625 4535 lsoc
1648 4490 1687 4534 cst
1706 4485 1851 4536 Adamum

150 4569 207 4615 tate
236 4564 391 4625 fornosmn,
427 4565 462 4616 de
489 4565 659 4632 posteritate
690 4573 909 4630 momtruosum,
942 4568 992 4635 qui
1016 4577 1040 4622 et
1058 4568 1150 4621 Eram
1170 4575 1325 4637 ceterosque
1338 4566 1494 4636 propbetas
1512 4576 1538 4621 ct
1554 4585 1639 4638 snper
1661 4585 1755 4622 omnes
1777 4585 1849 4621 mor·

151 4655 237 4701 censet
256 4650 348 4717 ipsum
365 4650 492 4702 lubenter
506 4652 653 4718 funerans
669 4660 801 4716 renovat,
825 4652 920 4706 natali
930 4654 990 4722 fine
1014 4662 1084 4722 tuos,
1106 4652 1270 4720 sanguinem
1293 4670 1372 4704 suurn
1391 4653 1470 4711 fudit
1488 4653 1700 4723 uniuersumque
1716 4657 1847 4708 reundum

152 4736 289 4788 dmedens
307 4741 391 4803 atque
408 4738 559 4789 succedens
578 4738 679 4790 iterum
692 4738 823 4806 phoenix.
859 4739 911 4791 Ubi
923 4739 990 4807 jam
1014 4738 1185 4793 illuminavit
1207 4744 1233 4790 ct
1253 4753 1306 4806 per
1330 4737 1495 4791 triduanam
1517 4740 1689 4809 sepulturam
1706 4758 1740 4794 oc
1758 4757 1850 4794 resur·

152 4837 240 4890 nemo,
259 4822 360 4874 derum
378 4822 457 4891 ipse,·
482 4824 605 4891 quinon
623 4825 692 4892 jam,
710 4826 786 4878 alius
805 4827 887 4878 idem.
918 4825 993 4887 Quid
1015 4825 1165 4878 rectionem
1184 4841 1263 4877 suam
1284 4826 1325 4876 ad
1341 4823 1426 4876 sitam
1447 4823 1514 4878 illos
1532 4827 1661 4896 redusit,
1678 4834 1852 4897 quapropter

152 4907 309 4976 oppressius
327 4913 409 4974 atque
432 4909 571 4975 sipnatius
589 4911 619 4962 in
636 4911 708 4963 banc
726 4928 855 4979 oausam,
880 4917 929 4963 aut
945 4911 993 4963 cui
1013 4927 1066 4980 per
1086 4911 1250 4981 prophetam
1277 4909 1366 4962 dixit:
1391 4908 1499 4962 Similis
1521 4912 1617 4972 factus
1641 4930 1701 4964 nens
1716 4912 1853 4980 pelecano

152 4993 208 5046 alii
229 4994 275 5046 rei
299 4993 357 5047 tale
381 4995 597 5048 documentum!
627 4997 708 5049 Deus
731 4998 815 5049 etiam
834 4995 991 5065 seripturis
1014 4996 1178 5052 solitudinis
1197 4995 1299 5051 Psalm
1322 5000 1380 5067 102,
1401 5013 1427 5049 v.
1444 5002 1467 5049 7.
1494 4997 1671 5068 Augustinus
1688 5015 1765 5054 conc.
1785 5004 1808 5053 l.
1824 4999 1853 5051 in

151 5080 224 5144 suis,
248 5087 274 5132 et
287 5079 402 5147 florebit
421 5080 507 5148 enim,
530 5082 634 5150 inquit,
658 5083 733 5136 veltet
748 5084 883 5153 phoenix,
900 5084 935 5137 iol
951 5090 991 5136 est
1014 5082 1116 5135 Psalm.
1147 5087 1209 5137 101:
1249 5082 1365 5135 Dicitur
1386 5083 1539 5151 pelicanus
1568 5090 1704 5153 tanquam
1733 5085 1854 5154 colapho

154 5167 191 5218 de
208 5172 305 5231 morte,
331 5167 367 5218 de
384 5166 495 5231 funere,
513 5165 556 5218 uti
572 5169 682 5234 credas,
701 5170 737 5221 de
756 5170 866 5236 ipnibus
884 5185 991 5239 qreoqne
1014 5169 1103 5222 rostri
1122 5168 1250 5221 occidere
1269 5167 1369 5237 pullos
1388 5185 1455 5223 suos
1475 5171 1637 5239 eosdemque
1658 5189 1677 5222 a
1697 5187 1727 5223 se
1748 5160 1855 5226 occisos
1870 5184 1946 5228 xvsti.
1960 5182 2005 5225 stt.

152 5251 337 5304 eduensem
373 5253 503 5321 corporis
533 5253 611 5321 enipi
641 5271 735 5323 posse.
790 5255 894 5309 Multis
921 5273 989 5325 pas·
1011 5263 1112 5327 postea
1135 5255 1230 5322 lupere
1254 5254 1468 5323 pertriduum,
1495 5257 1672 5324 postmodum
1687 5264 1804 5311 matrem
1824 5276 1854 5311 se

152 5337 259 5391 soeibsss
277 5345 420 5391 antestare
435 5357 486 5393 nos
505 5341 647 5393 Dominus
660 5343 869 5413 pronuntiavit,
891 5343 918 5395 si
934 5360 989 5396 non
1014 5342 1105 5411 ipsam
1131 5341 1258 5409 ponder
1275 5340 1426 5394 vulnerare
1446 5344 1472 5392 et
1489 5341 1653 5408 sanquinem
1671 5360 1752 5397 mum
1769 5361 1854 5414 super

152 5431 178 5476 et
200 5422 400 5493 plomicibus,
426 5425 499 5479 nibil
525 5443 671 5496 moenum,
694 5430 746 5481 ssd
762 5428 885 5482 homines
904 5427 990 5483 semel
1009 5428 1090 5499 filios
1106 5428 1246 5497 funden,
1261 5444 1317 5496 quo
1334 5426 1383 5481 illi
1400 5426 1548 5496 superfusi
1562 5429 1737 5484 recipiscunt.
1778 5431 1853 5484 For-

1494 5529 1550 5585 28*
