4104 6014
213 248 275 304 2⁰4
805 239 928 299 Iocus
946 238 1151 297 worumnus
1171 239 1318 298 SEXTUS

213 400 272 448 stus
288 410 321 448 ex
342 393 468 463 professo
488 393 592 448 ibidem
608 394 718 458 refellit,
736 393 815 464 quasi
836 392 892 447 sint
908 394 1044 464 quaedam
1069 393 1210 460 judicium
1230 410 1333 447 causae
1356 395 1565 458 deferebantur.
1609 395 1658 448 Sic
1678 394 1761 447 etiam
1779 391 1911 447 Christus

211 486 330 551 peccata
347 496 399 533 sua
415 485 517 534 natura
542 479 677 548 venialia,
699 495 772 550 quae
788 483 846 533 tam
867 479 975 534 minuta
991 478 1047 532 sint
1074 487 1098 532 et
1116 496 1192 548 sum,
1220 480 1270 549 qui
1297 481 1446 549 irascitur,
1472 488 1499 534 et
1517 496 1594 545 eum,
1623 480 1674 549 qui
1688 481 1811 546 fratrem
1828 497 1911 533 suum

212 582 246 620 ac
263 564 344 633 lesia,
364 572 397 619 ut
416 582 471 620 non
488 571 696 636 promereantur
715 582 818 636 poenas
837 571 977 632 aeternas,
996 563 1045 619 sed
1073 565 1168 633 leuem,
1187 573 1213 620 et
1231 582 1299 629 eum,
1317 567 1367 634 qui
1382 566 1497 620 stultum
1516 567 1659 636 appellat,
1679 568 1776 620 wderu
1795 565 1907 627 inferni

214 652 349 706 duntaxat
368 651 535 722 temporales
551 652 596 707 vel
612 651 642 706 in
661 652 714 706 hac
736 653 809 719 vita,
836 652 880 706 vel
901 652 931 706 in
951 652 1046 706 futura
1070 668 1163 720 poena
1178 670 1233 706 non
1251 653 1349 705 eadem
1359 668 1469 720 poenus
1480 653 1748 721 praaitatedipnum
1761 653 1906 707 docetetc.

213 739 418 809 persolvendas.
472 739 561 810 Atqui
596 737 721 793 Christus
757 738 925 794 monadum
956 738 1044 807 docet,
1074 736 1147 793 Vide
1167 737 1234 792 ibid.
1252 738 1334 808 plura
1350 737 1379 790 in
1397 738 1469 791 hanc
1488 737 1661 792 senmntiam.
1691 737 1805 793 Falsum
1823 738 1908 794 etiam
1922 733 1986 806 mla
1999 734 2049 777 ³¹⁸⁴

212 840 293 879 omne
312 830 339 878 et
369 824 486 896 quodvis
514 831 672 894 peccatum,
705 824 787 878 etiam
817 823 960 877 minimum
990 822 1046 893 legi
1073 823 1158 890 illud,
1185 823 1259 893 quod
1287 823 1471 879 Bellarminus
1496 841 1529 878 ex
1552 823 1605 877 hoc
1629 823 1690 878 loco
1715 823 1808 895 colligi
1826 840 1909 894 posse

214 908 324 964 divinae
351 909 491 964 adversari
520 915 550 963 et
572 926 624 979 per
647 925 819 980 consequens
844 908 898 963 Dei
919 909 988 962 iram
1013 924 1046 961 ac
1072 909 1184 977 statuit,
1210 911 1351 978 quaedam
1369 917 1491 978 peccata
1511 927 1568 963 non
1586 910 1690 962 mereri
1713 910 1771 962 nisi
1783 927 1908 979 paenam

212 1000 339 1049 aeternas
358 1011 461 1064 poenas
480 996 637 1065 promereri.
673 994 728 1048 Pro
745 994 873 1064 peccatis
881 991 1045 1048 mortalibus
1072 996 1266 1066 temporalem,
1291 1012 1354 1049 cum
1374 994 1485 1066 Moyses
1511 994 1621 1050 disertis
1636 1002 1665 1050 et
1684 995 1797 1050 exsertis
1816 995 1908 1050 verbis

212 1097 267 1135 non
287 1087 379 1151 potest
397 1098 430 1135 ex
455 1081 676 1136 adversariorum
702 1079 851 1151 hypothesi
869 1078 996 1134 satisfieri
1016 1077 1044 1131 in
1072 1080 1251 1134 maledictum
1269 1081 1432 1151 pronuntiat
1444 1097 1515 1149 eum,
1534 1081 1584 1150 qui
1595 1099 1653 1134 non
1667 1082 1859 1149 permanserit
1878 1082 1908 1135 in

212 1166 380 1236 purgatorio.
424 1165 512 1237 Atqui
537 1167 577 1221 ira
602 1167 734 1221 adversus
752 1166 906 1237 proximum
926 1171 969 1220 est
982 1181 1045 1234 pec·
1072 1165 1210 1232 amnibus,
1239 1183 1311 1234 quae
1339 1165 1447 1234 scripta
1476 1175 1541 1219 sarit
1578 1167 1608 1218 in
1642 1166 1716 1220 libro
1742 1167 1821 1235 lepis.
1868 1166 1910 1220 At

211 1255 305 1304 catum
335 1252 458 1307 mortale.
504 1251 579 1322 Ergo
611 1251 640 1304 in
669 1251 830 1323 purgatorio
859 1267 914 1305 non
945 1248 1045 1304 satisfit
1073 1251 1140 1305 haec
1159 1250 1318 1306 maledictio
1341 1267 1397 1305 nou
1424 1251 1513 1305 solum
1533 1252 1712 1321 temporales,
1743 1252 1792 1307 sed
1819 1252 1903 1307 etiam

211 1337 405 1406 propeccatis
430 1338 607 1407 mortalibus,
634 1338 684 1392 sed
711 1338 846 1391 duntaxat
871 1353 921 1406 pro
948 1335 1044 1405 poenis
1073 1343 1199 1391 aeternas
1233 1352 1337 1407 poenas
1373 1336 1581 1408 complectitur,
1616 1337 1669 1391 nisi
1699 1336 1749 1392 fiat
1784 1339 1909 1410 gratuita

211 1438 305 1477 eorum
324 1422 415 1476 adhuc
434 1422 553 1495 reliquis.
597 1422 661 1478 dam
682 1439 746 1477 vero
768 1421 895 1476 Christus
912 1420 964 1474 hoc
982 1421 1043 1474 loco
1072 1429 1185 1492 propter
1202 1421 1342 1477 Christum
1364 1423 1497 1478 remissio.
1514 1423 1629 1477 Falsum
1645 1423 1759 1492 insuper
1777 1430 1806 1478 et
1824 1423 1906 1492 illud,

211 1507 246 1561 de
264 1507 347 1577 culpa
365 1507 432 1578 agit.
475 1506 504 1562 Si
528 1508 736 1578 perjudicium
753 1508 909 1577 intelligere
927 1507 1043 1560 velimus
1072 1511 1149 1578 quari
1171 1509 1316 1562 damnatio
1340 1516 1457 1563 aeterna
1481 1509 1572 1562 salum
1595 1509 1735 1562 tribuatur
1756 1509 1839 1563 tertio
1858 1524 1905 1577 pe·

210 1594 409 1665 purgatorium,
427 1593 500 1648 idern
513 1611 568 1647 non
581 1593 684 1664 poterit
696 1592 815 1664 intelligi
827 1609 877 1663 per
887 1592 1043 1660 seruilium,
1072 1595 1134 1646 neri
1154 1602 1350 1665 peccatorum,
1377 1595 1411 1648 id
1437 1602 1478 1648 est
1505 1595 1681 1662 criminibus,
1713 1611 1778 1648 cum
1805 1594 1840 1648 de
1864 1612 1908 1663 eo,-

211 1679 278 1750 quia
307 1679 453 1734 concilium
480 1695 499 1733 a
526 1678 634 1747 judicio
662 1678 852 1749 distinguitur.
901 1677 948 1731 Sic
976 1694 1044 1747 ergo
1072 1679 1119 1749 qui
1148 1680 1277 1734 irascitur
1299 1679 1379 1734 fratri
1403 1684 1432 1734 et
1449 1679 1489 1733 sic
1516 1696 1550 1732 ex
1568 1679 1716 1749 hypothesi
1745 1679 1904 1736 Bellarmini

210 1771 320 1836 praeter
338 1765 504 1834 pelicanum,
522 1764 551 1818 id
569 1767 612 1817 est
628 1762 782 1828 iufemum,
802 1770 831 1818 et
841 1764 993 1832 judicium,
1013 1762 1042 1816 id
1071 1765 1157 1820 levius
1191 1764 1332 1836 quoddam
1379 1769 1523 1835 peccatum
1565 1765 1724 1834 committit,
1761 1765 1904 1820 lohannes

210 1855 252 1905 est
269 1851 467 1920 purgatorium,
486 1849 633 1920 fingendus
648 1848 701 1903 erit
714 1849 792 1904 locus
810 1849 915 1918 tertius,
935 1849 982 1920 qui
1000 1865 1041 1904 re·
1070 1851 1171 1905 diserte
1188 1849 1349 1920 pronuntiet
1381 1856 1402 1904 l.
1427 1849 1508 1920 epist.
1529 1855 1560 1916 3,
1593 1867 1618 1903 v.
1651 1856 1699 1904 15:
1729 1852 1826 1905 Omnis
1854 1852 1905 1920 qui

208 1937 346 2007 spondeat
365 1937 491 1991 concilio.
532 1942 557 1993 3.
579 1936 724 1993 Vocubula
736 1937 859 2005 judicii,
884 1936 999 1991 cenaui
1015 1944 1041 1988 et
1069 1937 1129 1992 adit
1156 1938 1285 2004 fratrem
1326 1954 1420 2004 suum,
1463 1935 1607 1990 burnice-'da
1647 1944 1700 2000 est,
1744 1944 1770 1990 et
1813 1937 1901 2002 εοίιίι,

209 2023 364 2091 prienaee,
401 2022 504 2094 quibus
535 2040 568 2077 ex
600 2022 699 2093 politia
715 2023 836 2078 trauca
865 2021 1041 2078 transsumtis
1069 2022 1200 2090 quoniam
1231 2021 1321 2077 omnis
1356 2022 1498 2075 tamidda
1526 2039 1582 2075 non
1610 2022 1691 2076 babet
1724 2022 1812 2075 citam
1829 2041 1901 2075 mu·

211 2107 337 2163 Christus
375 2109 596 2179 magnitudinem
638 2116 666 2164 et
706 2126 825 2179 poenam
863 2114 1039 2180 peccatorum
1068 2115 1183 2163 nentem.

208 2208 301 2248 coram
318 2195 372 2249 Dei
388 2194 496 2265 judicio
515 2194 647 2260 declarat,
668 2195 794 2250 hocloco
811 2213 867 2250 non
883 2194 1041 2267 significant
1103 2197 1161 2248 271.
1196 2199 1221 2248 6.
1242 2191 1311 2246 Luc.
1336 2196 1380 2260 16,
1409 2209 1432 2246 v.
1457 2198 1487 2247 9:
1517 2192 1616 2245 Facite
1645 2192 1723 2245 caba
1741 2192 1847 2246 amiam
1864 2195 1901 2246 de
1914 2190 2009 2283 ῗυξῐω

207 2296 311 2349 poenas
336 2280 444 2351 civiles,
472 2280 519 2336 sed
547 2281 679 2351 capitalia
705 2280 857 2352 supplicia,
887 2296 959 2352 quae
989 2298 1040 2351 pro
1069 2297 1225 2333 manrmona
1234 2278 1514 2347 iniquitatis,utcam
1522 2279 1901 2348 defeceritrb,recspiantoos
1915 2305 1936 2333 v.
1950 2272 1976 2334 s':
2010 2272 2017 2289 '

208 2365 316 2420 ratione
353 2366 516 2421 delictorum
550 2367 777 2438 aggravabantur
806 2365 919 2437 quidem
939 2372 967 2422 et
995 2383 1040 2421 ex·
1067 2367 1098 2419 s'n
1131 2373 1247 2419 aeterna
1275 2365 1468 2421 tabernacula.
1506 2366 1564 2419 Per
1592 2366 1711 2430 deficere
1740 2365 1900 2433 intellipunt
1914 2347 1993 2437 ¹:ssss2?

209 2449 419 2521 asperabantur,
438 2453 634 2506 omuiatamen
655 2458 734 2506 erant
751 2452 885 2521 capitalia
899 2459 927 2506 et
941 2450 1039 2523 judicii
1068 2468 1162 2507 omnes
1190 2451 1275 2518 mari,
1301 2467 1358 2519 per
1385 2450 1490 2504 amicos
1514 2451 1674 2518 inteliiprmt
1699 2459 1824 2520 sanctos,
1851 2450 1902 2520 qui
1914 2450 2002 2489 ΜΟ·

210 2541 238 2591 et
258 2536 380 2606 synedrii
398 2543 427 2590 et
445 2536 598 2606 gehennae.
630 2537 663 2590 Iu
682 2537 934 2593 accommodatione
954 2536 1041 2607 igitur
1067 2555 1128 2592 eum
1147 2536 1258 2591 Christo
1275 2544 1409 2605 repnant,
1433 2553 1466 2590 ea
1485 2537 1584 2605 quibua
1608 2537 1748 2605 repetitam,
1775 2537 1900 2591 homiues
1912 2503 2032 2592 mam

209 2619 307 2675 horum
329 2621 525 2676 vocabulorum
546 2622 582 2675 ad
601 2620 815 2692 descriptionem
834 2622 935 2693 judicii
954 2621 1041 2676 divini
1065 2631 1264 2693 postmortem
1291 2622 1390 2691 juvari
1413 2623 1545 2691 precibrrs
1567 2628 1737 2679 sanctarum.
1777 2623 1899 2693 Respon-
1912 2605 1998 2696 {fllffll

209 2706 344 2760 adversus
369 2713 486 2778 peccata
510 2706 636 2763 Christus
661 2707 801 2777 concedit,
828 2708 902 2762 sicut
926 2715 1042 2780 peccata
1068 2710 1178 2766 demus:
1207 2715 1229 2764 1.
1254 2708 1283 2763 in
1306 2707 1446 2779 parabolis
1471 2723 1527 2761 non
1552 2706 1654 2762 debent
1677 2708 1770 2779 urgeri
1790 2709 1901 2780 singula

210 2793 302 2847 omnia
334 2808 390 2847 non
420 2798 486 2846 suut
514 2792 607 2863 paria,
637 2792 677 2848 ita
708 2795 791 2849 etiam
820 2811 924 2865 poenas
949 2811 1041 2849 coram
1069 2795 1205 2861 membra,
1235 2794 1285 2849 sed
1312 2793 1501 2864 respiciendus
1531 2798 1574 2847 est
1600 2793 1761 2864 principalis
1792 2811 1901 2867 scapus.

209 2879 263 2933 Dei
278 2879 386 2948 judicio
404 2894 459 2932 non
478 2895 539 2935 esse
551 2880 705 2950 peremnia
720 2881 860 2952 aequales,
880 2881 931 2936 sed
949 2888 1042 2937 tamen
1069 2882 1280 2953 chrysostomus
1298 2880 1326 2934 in
1345 2897 1407 2951 cap.
1423 2886 1464 2935 20.
1483 2879 1582 2934 Matth.
1603 2886 1632 2935 et
1650 2897 1683 2935 ex
1703 2896 1736 2934 eo
1752 2881 1902 2953 Theophy·

210 2970 306 3020 conus
325 2963 489 3019 Pharisaeos
512 2965 645 3032 ostendit,
669 2965 821 3037 injudicio
845 2967 912 3033 Dei,
940 2967 964 3021 si
987 2982 1042 3020 non
1068 2969 1157 3024 lactus
1179 2967 1208 3028 in
1240 2983 1300 3037 cup.
1325 2972 1365 3023 16.
1392 2966 1477 3021 Luc:
1506 2966 1603 3020 Omnis
1624 2968 1770 3036 parabola
1792 2968 1903 3038 obliqua

209 3051 294 3106 fuerit
311 3051 577 3121 iactapeccatorum
591 3053 732 3117 remissio,
751 3053 850 3123 omnia,
870 3053 954 3108 etiam
970 3069 1042 3125 quae
1069 3062 1095 3109 et
1116 3056 1242 3125 fipurato
1270 3055 1353 3107 modo
1377 3070 1471 3106 rerum
1499 3054 1680 3121 quarundam
1703 3062 1836 3108 naturum
1858 3072 1901 3109 re·

208 3137 391 3192 minutissima
404 3154 422 3192 a
437 3137 516 3191 nohis
534 3143 689 3203 censentur,
709 3143 838 3194 aeternae
857 3138 1042 3194 damnationis
1067 3148 1231 3210 praesentat
1254 3157 1311 3193 nan
1332 3155 1389 3207 per
1416 3138 1510 3192 omniu
1541 3139 1621 3191 retus
1647 3139 1707 3194 illas
1731 3141 1902 3208 assimilata,

204 3223 312 3293 judicio
330 3221 450 3278 obnoxia
466 3239 543 3293 esse,
570 3240 635 3278 nam
659 3224 695 3278 de
720 3224 896 3279 interioribus
920 3225 1042 3280 motibus
1066 3235 1184 3297 propter
1211 3243 1283 3295 quus
1311 3233 1436 3280 assumta
1471 3233 1524 3289 est,
1564 3225 1673 3279 idcirco
1704 3245 1761 3280 non
1791 3236 1902 3297 oportet

207 3328 262 3365 non
279 3311 498 3382 congruentibus
518 3326 581 3364 cum
604 3310 668 3382 lege
684 3309 768 3381 dicit,
796 3313 846 3380 qui
872 3313 967 3376 fratri
983 3313 1041 3366 ira·
1069 3330 1162 3367 omnes
1175 3313 1383 3382 parabolarum
1397 3319 1497 3380 partes
1517 3312 1656 3365 eumerius
1673 3313 1830 3381 inquirere,
1850 3317 1904 3369 seri

208 3399 305 3464 scitur,
325 3398 459 3451 abnaaius
479 3404 521 3450 eat
532 3396 648 3465 judicio
667 3398 741 3459 Dei,
764 3396 795 3450 id
814 3403 858 3452 est
876 3415 982 3468 poenae
996 3400 1041 3468 ju·
1069 3409 1203 3469 quatenus
1224 3405 1365 3470 appareat
1382 3398 1531 3469 proposito
1547 3398 1645 3464 utiles,
1676 3400 1804 3470 reliquae
1828 3402 1902 3454 enim

209 3483 274 3538 dicii
293 3483 381 3538 divini
395 3484 431 3538 ad
452 3489 592 3539 aeternam
609 3483 868 3539 condemnationem
888 3502 944 3539 non
962 3501 1041 3540 secus
1069 3487 1205 3540 sinendos
1224 3492 1290 3539 sunt
1308 3485 1392 3553 quasi
1405 3484 1578 3555 parabolam
1595 3487 1769 3540 carracenses
1785 3493 1812 3539 et
1830 3488 1903 3542 nibil

208 3576 292 3642 atque
314 3570 351 3640 is,
383 3571 431 3642 qui
452 3576 565 3626 externo
592 3586 676 3640 opere
693 3569 873 3625 homicidium
889 3569 1043 3635 committit,
1068 3574 1109 3626 ad
1131 3572 1308 3643 propositum
1328 3572 1519 3627 conducentes.
1572 3576 1597 3626 2.
1623 3569 1729 3640 Scopus
1752 3571 1903 3641 parabolae

208 3661 240 3710 ut
259 3657 400 3727 colligitur
418 3674 451 3712 ex
484 3656 586 3710 Psalm.
609 3662 674 3726 143,
703 3674 730 3710 v.
756 3662 780 3712 2.
812 3655 875 3713 Gal.
897 3663 927 3726 t,
954 3675 980 3711 v.
1000 3662 1042 3712 20.
1069 3657 1151 3730 hujus
1170 3658 1200 3711 in
1222 3673 1255 3712 eo
1281 3655 1424 3725 consistit,
1452 3654 1528 3726 quod
1559 3656 1684 3727 exempla
1710 3656 1799 3728 iniqui
1828 3658 1903 3714 illius

210 3748 233 3799 1.
251 3742 314 3798 lob
333 3748 363 3808 3,
381 3759 408 3797 v.
430 3749 573 3814 lantque
593 3759 627 3797 ex
645 3742 874 3812 interpretatione
892 3760 910 3798 a
931 3741 1041 3798 Christo
1068 3742 1208 3798 oeconomi
1227 3743 1352 3798 Christus
1374 3757 1485 3796 monere
1509 3757 1560 3795 nas
1580 3741 1682 3808 voluit,
1705 3745 1737 3796 ut
1762 3757 1796 3796 ea
1816 3761 1902 3797 marn·

208 3827 270 3898 ipso
287 3827 383 3882 addita
399 3845 425 3883 v,
447 3833 493 3883 25:
520 3830 565 3881 Ne
589 3829 666 3891 forte
689 3830 872 3882 aduersarius
895 3831 994 3883 tradat
1014 3837 1040 3882 ta
1068 3847 1151 3882 mona
1172 3828 1344 3897 iniquitatis,
1368 3826 1397 3880 id
1421 3832 1464 3881 est
1481 3844 1514 3883 ex
1533 3827 1637 3882 divitiis
1655 3826 1738 3898 hujus
1754 3828 1855 3898 seculi,
1872 3830 1901 3884 in

207 3914 309 3982 judici,
328 3915 417 3982 judea
430 3913 717 3982 tradatterninistro,
730 3923 756 3968 et
769 3915 799 3967 in
817 3931 958 3969 carcerem
978 3933 1039 3970 con·
1069 3932 1203 3985 pauperes
1231 3914 1317 3967 simus
1348 3911 1478 3978 benefici,
1513 3920 1545 3967 ut
1569 3912 1654 3967 iidem
1681 3930 1732 3967 nos
1759 3913 1900 3984 dispeusa-

203 4000 328 4069 jiciuris.
356 4018 381 4054 v.
405 4005 447 4054 rt.
474 4000 563 4052 Amen
590 3999 654 4052 dico
680 4000 744 4068 tibi,
776 4019 831 4053 non
858 4002 943 4054 scibis
966 4003 1040 4055 inde.
1067 4001 1142 4056 tione
1161 4004 1255 4054 nostra
1273 3997 1433 4069 perfunctos
1451 3999 1481 4052 in
1500 4007 1616 4052 aeterna
1635 4000 1818 4052 tabernacula
1831 4001 1900 4054 reci-

209 4084 341 4142 (lonviuio
357 4086 494 4141 fatuitatis
505 4085 603 4140 tribuit
617 4102 754 4139 summum
765 4087 884 4157 gradum
904 4087 1040 4158 supplicii,
1067 4089 1156 4157 piant.
1206 4084 1354 4155 Recipiunt
1384 4091 1477 4139 autem
1506 4101 1556 4138 nos
1589 4084 1618 4138 iu
1649 4084 1734 4139 vitam
1760 4091 1902 4142 aeternam

209 4171 364 4243 gebennam
383 4172 488 4227 scilicet
507 4172 592 4242 ignis,
611 4178 641 4226 et
658 4188 691 4226 ex
703 4187 736 4226 eo
748 4172 959 4243 intelligendum
978 4173 1038 4229 reli·
1068 4191 1123 4229 non
1136 4178 1169 4226 ut
1185 4178 1312 4227 auctores
1328 4169 1372 4225 vel
1394 4187 1493 4226 causae
1505 4170 1672 4241 principales
1691 4187 1724 4226 ac
1736 4173 1901 4244 meritoriae,

212 4257 281 4328 quit,
301 4274 372 4328 quse
391 4258 528 4329 supplicia
553 4258 692 4313 destinata
715 4258 770 4313 sint
794 4259 948 4314 maledictis
967 4266 1040 4316 atro-
1066 4258 1112 4314 hic
1134 4257 1206 4312 enim
1231 4257 1319 4311 honor
1337 4256 1388 4312 soli
1407 4256 1469 4311 Deo
1491 4261 1520 4312 et
1537 4255 1647 4311 Christo
1673 4258 1817 4329 competit,
1851 4259 1901 4315 sed

207 4342 329 4399 oloribus
352 4352 380 4399 et
406 4344 578 4416 gravioribus
601 4344 691 4416 quinti
717 4346 860 4416 praecepti
888 4351 1039 4419 transgres-
1067 4351 1100 4399 ut
1137 4349 1221 4400 testes
1265 4341 1475 4398 beneficientiae
1511 4348 1623 4397 nocuae
1660 4342 1713 4399 sibi
1748 4344 1900 4415 exhibitae,

206 4428 338 4485 sionibus.
377 4430 448 4486 Vide
462 4429 548 4484 herm.
569 4446 667 4503 evang.
687 4448 710 4485 c.
731 4436 771 4488 51.
785 4448 817 4501 p.
839 4436 897 4488 342.
934 4439 959 4489 4.
977 4433 1040 4488 Fal·
1066 4430 1205 4501 recipiunt
1229 4445 1279 4483 nos
1313 4444 1368 4483 non
1399 4434 1513 4500 propter
1538 4444 1623 4500 opera
1648 4434 1743 4485 nostra
1766 4437 1899 4504 tanquam

205 4532 266 4570 sum
284 4516 370 4587 igitur
396 4523 454 4586 est,
480 4518 555 4588 quod
582 4516 766 4573 Bellarminus
792 4523 929 4588 nugatur,
955 4520 1039 4573 rerba
1066 4533 1179 4572 causam
1198 4515 1295 4570 salutis
1313 4514 1496 4583 meritoriam,
1522 4514 1572 4570 sed
1594 4515 1759 4586 proferenda
1785 4534 1820 4573 ea
1839 4524 1899 4574 tan·

206 4600 326 4671 turult,
354 4603 404 4671 qui
420 4604 554 4657 irascatur
570 4605 664 4669 fratri
681 4622 746 4672 suo,
765 4619 832 4657 rsus
851 4605 904 4658 erit
915 4606 1039 4674 judicio,
1066 4620 1149 4673 quam
1177 4600 1322 4667 effectum,
1352 4601 1475 4657 fructum
1503 4617 1537 4656 ac
1560 4600 1748 4657 testimonium
1767 4619 1850 4660 verae
1869 4605 1898 4659 in

204 4687 276 4741 buna
293 4687 394 4741 labere
411 4703 529 4753 sensum,
542 4690 679 4769 punietur
693 4706 789 4758 poena
805 4688 916 4758 quidem
936 4698 1038 4759 tempa-
1064 4687 1204 4743 Christum
1227 4687 1309 4757 fidei,
1340 4704 1395 4759 qua
1418 4686 1504 4742 vitam
1528 4692 1667 4742 aeternam
1690 4688 1719 4743 in
1737 4688 1846 4745 Christo
1864 4707 1897 4745 er

204 4773 278 4844 ruli,
307 4775 359 4827 sed
380 4789 452 4842 quus
483 4782 616 4842 aequetur
645 4775 729 4828 marti
757 4776 921 4846 temporali,
948 4793 1038 4848 neque
1064 4775 1157 4847 gratia
1183 4774 1353 4845 obtinemus,
1388 4773 1526 4844 recipiunt
1550 4790 1601 4828 nos
1626 4781 1687 4829 tum
1710 4776 1840 4846 precibus
1868 4778 1897 4832 in

206 4859 279 4915 enim
298 4859 334 4915 de
359 4859 575 4930 temporalibus,
600 4860 649 4916 sed
674 4860 793 4915 aeternis
815 4862 913 4931 poenis
935 4863 964 4916 in
983 4862 1038 4918 Dei
1063 4861 1116 4917 huc
1135 4861 1201 4928 vita,
1220 4865 1280 4914 tum
1299 4859 1454 4916 tmnmanio
1473 4875 1507 4912 ac
1526 4859 1659 4932 suffragio
1677 4861 1706 4915 in
1728 4860 1774 4915 die
1789 4862 1897 4932 judicii.

200 4945 308 5016 judicio
338 4944 605 5018 nmsgressionibus
635 4945 724 5016 quinti
756 4949 899 5019 praecepti
937 4948 1038 5004 debitis
1063 4947 1232 5018 Cumprimis
1249 4963 1314 5002 vera
1332 4946 1404 5001 inter
1421 4945 1539 5014 amicos,
1557 4948 1606 5018 qui
1625 4947 1654 5001 iu
1672 4952 1785 5003 aeterna
1804 4949 1896 5004 taber·

203 5029 330 5086 Christus
348 5031 479 5102 loquitur.
519 5030 554 5084 Id
573 5031 647 5100 quod
672 5032 800 5102 agnoscit
815 5032 877 5103 ipse
894 5022 1165 5156 widona-'nacula
1189 5050 1239 5087 uos
1264 5032 1418 5103 recipiunt,
1445 5030 1534 5100 primo
1559 5032 1619 5088 loco
1643 5033 1830 5088 numerandus
1855 5038 1898 5089 est

204 5120 249 5171 tus
267 5116 296 5170 in
313 5132 410 5172 comm
448 5117 506 5170 Per
524 5117 670 5186 judicium
700 5116 810 5188 (inquit)
838 5126 865 5172 et
887 5120 1037 5175 concdium
1064 5120 1193 5174 Christm
1209 5123 1327 5182 πίστεως
1345 5121 1391 5171 καὶ
1412 5124 1546 5192 σωτηρίας
1562 5117 1695 5195 ἀρχηγός,
1718 5118 1796 5173 illum
1816 5120 1897 5175 nobis

203 5204 312 5270 aradus
331 5219 442 5272 paenae
473 5202 698 5272 distr'npuuntur,
732 5221 788 5258 nan
819 5221 913 5274 penus.
959 5210 1034 5263 Nam
1062 5222 1161 5277 parare
1179 5221 1326 5276 possumus
1341 5203 1459 5257 amisum
1477 5221 1528 5275 per
1545 5221 1639 5259 veram
1651 5204 1849 5274 poenitentiam
1863 5222 1896 5259 ac

203 5295 319 5358 utraque
338 5289 499 5358 captatam,
517 5291 569 5343 sed
587 5289 743 5358 injudicio
761 5290 907 5356 leuiorem,
925 5293 956 5346 in
973 5310 1036 5348 con·
1061 5291 1159 5357 iidem,
1183 5308 1234 5362 per
1258 5286 1468 5345 beneficentiam
1495 5290 1525 5344 in
1542 5305 1678 5359 pauperes
1708 5296 1832 5358 sanctos,
1861 5291 1896 5346 de

203 5373 270 5427 cilio
314 5375 473 5442 praviorem
507 5374 624 5444 judiees
663 5391 786 5444 poenam
826 5379 1035 5443 canuituebant,
1062 5377 1163 5449 quibus
1180 5377 1298 5448 ipsemet
1315 5375 1477 5443 pronuntiat
1495 5374 1596 5429 Matth.
1618 5379 1664 5441 25,
1683 5393 1709 5430 v.
1730 5382 1779 5432 110:
1806 5377 1894 5438 Quid-

103 5542 108 5551 ·
202 5461 436 5537 quemadmodum
460 5460 606 5536 proniores
633 5461 675 5516 ad
703 5460 851 5520 amatium
881 5480 966 5536 pum
994 5457 1132 5537 adlquid
1160 5465 1211 5520 uni
1240 5478 1273 5517 cn
1304 5460 1425 5518 minimis
1453 5461 1497 5515 iis
1519 5461 1649 5531 fecistis,
1681 5462 1751 5517 milri
1770 5462 1894 5534 scentia
