4104 6014
879 352 931 410 nn
951 350 1093 409 noane.
1780 367 1839 428 225

141 514 356 586 supplicandum
381 531 442 571 esse
467 516 569 570 sanctis
594 514 701 586 angelis
721 519 750 569 et
769 513 909 569 defimctis
927 508 975 563 bc
1002 516 1135 567 naturam
1153 531 1234 568 suam
1253 530 1389 582 prcesem
1407 521 1448 568 eet
1471 523 1498 569 et
1525 516 1560 580 ei,
1585 516 1683 586 quiin
1704 533 1765 571 eum
1782 535 1838 572 cre-

140 601 278 670 miuibus,
306 601 355 657 sed
381 602 514 658 ecclesiae
538 601 623 656 iidem
649 607 678 657 ct
702 599 844 671 publicam
870 599 976 657 conses-
1002 598 1060 666 dit,
1086 600 1203 655 assisti
1239 599 1476 656 InPsalm.129:
1508 605 1552 656 De
1570 605 1727 672 profundis
1748 606 1790 658 aol
1809 613 1836 659 te

140 687 246 742 monem
277 686 358 743 (leisc
387 688 524 759 opposuit.
568 688 601 722 *⁴*
612 687 673 743 libr.
707 693 729 742 t.
758 692 856 741 contra
890 685 974 743 Cels:
1001 685 1124 740 clamavi
1149 686 1280 743 Domine.
1326 688 1407 741 Deus
1437 704 1514 759 erqo,
1541 688 1640 759 inquit,
1669 691 1768 760 ulique
1798 700 1838 746 est

143 771 287 836 Quomodo
309 790 366 826 non
383 775 553 828 credendum
571 774 669 843 potius
687 790 792 826 mmmo
805 775 868 827 Deo
887 773 975 842 eique,
1002 777 1028 823 et
1046 772 1147 842 ubique
1164 774 1253 840 adest,
1279 773 1370 843 audit,
1387 773 1472 839 ridet,
1498 776 1590 845 efficit,
1608 779 1661 830 sed
1676 779 1803 831 orandus
1818 796 1839 831 a

141 860 192 929 qui
210 861 298 925 docet
313 861 386 914 iuna
406 860 498 915 solum
516 861 704 928 adorandum,
724 860 837 928 reliqua
848 859 892 914 cel
907 860 976 930 quio
1001 858 1080 911 nobis
1090 866 1138 925 est,
1157 861 1349 912 mercandum
1361 876 1474 928 precem
1489 869 1614 916 nostram
1628 862 1714 933 adsit,
1727 864 1837 927 audiat,

141 964 198 1001 non
216 947 285 1013 sint,
309 947 353 1001 cel
372 947 440 1017 quia
458 947 515 1001 sint
532 947 659 1016 quidem,
679 964 714 1001 ac
726 946 851 1018 proinde
870 946 974 1000 tenore
1000 944 1106 1014 videat,
1128 945 1242 1015 efficiat.
1277 947 1408 1000 Naturae
1428 963 1499 1000 suae
1519 955 1567 1014 est,
1591 956 1622 1001 ut
1642 949 1759 1012 audiat,¹
1786 952 1839 1004 sed

141 1033 241 1103 diqna,
259 1040 290 1086 at
308 1050 365 1085 non
382 1032 552 1087 adoratione
571 1040 597 1086 et
612 1032 689 1086 cuba
700 1033 975 1102 praetermittenda!
1001 1031 1072 1094 riam
1087 1039 1203 1086 nostrae
1221 1037 1268 1098 est,
1287 1039 1320 1085 ut
1331 1046 1481 1100 precemur
1500 1034 1601 1088 audiri
1618 1040 1669 1090 etc.
1690 1033 1751 1104 (Sic
1768 1050 1836 1107 ergo

141 1119 190 1176 lib.
204 1126 227 1175 5.
247 1119 282 1175 de
300 1118 477 1174 Christianis:
519 1118 629 1183 Quodsi
644 1136 701 1190 pro
720 1119 800 1173 nobis
816 1121 975 1186 dicendum,
1002 1117 1263 1189 omnipraesentium
1287 1118 1387 1173 statuit
1410 1118 1592 1175 invocationis
1615 1120 1835 1191 fundamentum,

141 1206 193 1277 qui
208 1206 368 1277 aequaliter
381 1210 456 1275 (cum
468 1206 596 1272 ludaeis)
614 1223 701 1276 neqrm
721 1207 837 1277 cnqelos
850 1206 975 1270 colimus,
1002 1221 1074 1276 quae
1093 1204 1143 1259 soli
1160 1204 1221 1259 Deo
1240 1206 1390 1276 competit.)
1427 1206 1628 1262 “Lactantius
1645 1207 1694 1263 lib.
1710 1214 1732 1264 1.
1751 1226 1775 1263 c.
1790 1214 1839 1264 20:

141 1292 453 1364 nequssoiem,neque
473 1294 689 1364 tenemurque
705 1300 792 1349 cetra.
819 1292 882 1347 libr.
905 1298 927 1349 i.
946 1293 975 1348 iu
1001 1291 1116 1360 Reliqio
1140 1298 1167 1344 et
1194 1293 1336 1346 veneratio
1355 1294 1438 1347 nulla
1466 1296 1525 1347 nisi
1541 1296 1625 1349 unius
1643 1295 1703 1349 Dei
1718 1297 1839 1349 tenenda

142 1380 230 1449 Epist.
251 1378 347 1434 Rom:
372 1380 407 1434 Ut
425 1380 544 1434 breviter
563 1388 590 1434 et
614 1381 691 1434 omni
708 1381 739 1433 in
756 1397 841 1432 unum
857 1379 976 1434 collecta
1003 1379 1096 1431 erist*
1137 1376 1308 1433 Athanasius
1334 1386 1353 1433 t
1387 1385 1407 1435 1.
1437 1379 1508 1451 disp.
1540 1387 1563 1436 1.
1595 1387 1692 1436 cauma
1720 1381 1839 1437 Arianm

142 1465 304 1530 &indicae
345 1465 489 1531 dicamus,
532 1467 656 1520 odorare
693 1465 781 1520 alium
817 1465 976 1535 quempiam
1002 1479 1065 1534 pag.
1086 1468 1148 1520 126:
1167 1465 1322 1534 Apostolus
1339 1467 1452 1534 quidem.
1462 1468 1592 1539 increpat
1605 1467 1737 1532 moises,
1759 1469 1838 1538 quod

141 1559 257 1622 praeter
282 1552 400 1606 Patrem
426 1560 453 1605 et
479 1552 586 1606 Filium
613 1560 639 1605 et
665 1552 805 1622 Spiritum
830 1572 851 1608 s.
878 1552 976 1621 impie·
1002 1566 1047 1603 res
1069 1551 1198 1605 conditas
1217 1559 1380 1622 assumentur
1397 1561 1424 1606 et
1443 1554 1521 1622 quod
1533 1554 1688 1622 praeterito
1706 1560 1833 1609 creatore

144 1639 213 1693 tatis
235 1646 277 1692 est
299 1637 453 1692 sanast*
486 1637 535 1691 lib.
561 1643 587 1694 8.
612 1643 710 1693 contra
736 1635 809 1693 (leis.
835 1637 865 1692 in
890 1637 976 1708 princ.
1004 1638 1067 1690 Deo
1085 1637 1222 1691 creaturis
1241 1637 1402 1695 inserviant.
1439 1639 1497 1693 Isti
1515 1648 1607 1693 autem
1637 1640 1754 1711 [Ariani]
1774 1658 1836 1695 cum

144 1725 216 1794 Ipsi,
228 1723 328 1796 inquit,
341 1726 404 1779 Deo
418 1725 545 1778 omnibus
555 1725 733 1794 praesidenti
736 1741 794 1794 per
804 1725 976 1796 uniqenitum
1005 1723 1145 1777 Cirristum
1177 1732 1203 1776 st
1235 1731 1394 1778 creaturam
1427 1726 1633 1795 pronuntiant,
1671 1727 1720 1782 sili
1747 1735 1839 1783 tamen

143 1812 233 1884 ipsius
258 1811 367 1866 illium
393 1811 536 1881 supplices
564 1819 629 1865 rota
653 1811 811 1881 offerimus,
839 1812 887 1865 cui
912 1830 976 1883 sup·
1004 1827 1164 1881 quanquam
1187 1820 1335 1865 creaturae
1359 1812 1507 1881 reiiqionis
1530 1813 1607 1867 cuitu
1624 1815 1840 1884 ceremoniisque

140 1899 296 1972 plicamus,
342 1898 571 1967 quandoquidem
606 1905 766 1952 nostrornm
797 1906 977 1966 peccatorum
1004 1897 1181 1952 inserviunt!
1214 1899 1290 1961 Quid
1315 1899 1402 1967 iqitur
1435 1917 1539 1969 measse
1569 1902 1604 1954 ab
1636 1901 1752 1956 ethnicis
1779 1903 1838 1967 dis·

144 1986 194 2041 ille
221 1987 258 2039 sit
281 1985 467 2055 propitiatio,
497 1991 528 2038 ut
553 1993 688 2054 tanquam
710 1985 841 2058 pontisera
865 1994 977 2040 nameus
1002 1983 1121 2046 ferunt?
1151 1985 1201 2053 qui
1218 1985 1287 2055 fieri
1303 1992 1410 2054 potest,
1440 1985 1469 2039 ei
1489 1986 1533 2040 ita
1557 1987 1704 2055 sentirent,
1734 1995 1765 2041 ut
1783 2005 1839 2041 non

145 2075 209 2128 Deo
233 2074 335 2144 offerat
356 2089 464 2143 preces.
499 2071 583 2127 Item:
607 2073 690 2125 Deus
712 2088 831 2142 namque
857 2080 883 2126 et
900 2072 978 2126 solur
1003 2070 1088 2123 ceria
1110 2071 1175 2139 jam
1202 2071 1331 2124 ePcnlo
1353 2071 1475 2125 recitata
1506 2071 1622 2142 eiusque
1639 2072 1779 2128 incusatio
1797 2076 1840 2128 ad

143 2167 184 2214 eet
229 2160 397 2213 adoramus
445 2159 658 2228 uniqenitusque
702 2166 727 2212 et
772 2158 978 2228 primoqenitus
1003 2156 1080 2225 specs
1093 2157 1259 2226 pertineat!
1284 2164 1353 2212 orat.
1380 2163 1403 2214 2.
1433 2163 1530 2213 conus
1556 2159 1651 2216 Arium
1677 2176 1742 2231 pag.
1775 2164 1839 2216 184:

146 2246 236 2301 omnir
259 2252 407 2299 creaturae
424 2247 514 2310 Deus,
539 2244 664 2309 Verium,
693 2246 861 2316 suppliciter
892 2252 919 2299 et
948 2252 977 2298 ut
1005 2243 1106 2298 Sancti
1128 2262 1184 2298 non
1201 2244 1347 2313 postulant
1367 2261 1386 2298 a
1406 2252 1502 2299 creato
1519 2245 1631 2316 aliquo,
1657 2254 1687 2299 ut
1706 2247 1743 2299 sit
1759 2247 1838 2301 auai-

141 2333 273 2403 pontifea
298 2339 337 2386 est
363 2333 572 2402 deprecandus,
599 2339 630 2385 ut
647 2340 770 2400 nostros,
797 2334 977 2400 quaraclae
1004 2330 1101 2385 tiator.
1140 2331 1269 2386 Ciristses
1297 2347 1373 2401 erqo,
1399 2332 1481 2401 cujus
1511 2332 1650 2385 auasiium
1677 2335 1770 2387 sancti
1796 2334 1838 2388 in·

143 2420 333 2490 pervenerint,
361 2434 461 2490 preces
493 2420 535 2472 ad
564 2420 658 2472 Deum
689 2419 808 2484 reserat.
853 2418 978 2490 Cumque
1003 2424 1116 2484 oocmu,
1148 2426 1190 2472 est
1220 2434 1305 2471 cerus
1336 2419 1424 2472 Deus.
1456 2425 1525 2474 orat.
1553 2424 1577 2476 3.
1608 2424 1706 2474 contm
1728 2419 1838 2477 Ariana

144 2505 242 2563 Celsus
269 2504 382 2561 afferret
400 2504 628 2560 consuetudinem
644 2504 745 2570 seculi,
772 2521 828 2577 qua
850 2522 906 2560 uon
924 2505 977 2576 ipsi
1005 2502 1144 2559 Oreatma
1163 2521 1220 2559 non
1238 2506 1343 2558 adorat
1361 2511 1530 2574 creaturam,
1556 2507 1608 2559 sed
1625 2507 1727 2576 Deum,
1758 2505 1839 2562 Ciri-

143 2599 253 2649 tantum
280 2607 361 2664 reges
385 2597 415 2647 et
436 2591 591 2663 principes,
620 2591 669 2648 sed
695 2591 785 2662 primo
810 2592 978 2664 potentiores
1003 2598 1063 2644 stus
1092 2607 1172 2661 erqo,
1200 2592 1251 2662 qui
1274 2592 1428 2655 adoratur,
1456 2593 1537 2646 Deus
1562 2600 1611 2647 est.
1635 2597 1704 2647 orat.
1723 2599 1748 2649 4.
1765 2600 1838 2650 cout

144 2687 173 2737 et
198 2678 351 2735 secundum
382 2677 432 2732 bos
461 2694 541 2750 reges
570 2678 626 2734 sint
656 2677 797 2749 placandi,
842 2678 978 2750 Origenes
1005 2677 1099 2734 Arian.
1119 2695 1185 2750 pag.
1205 2682 1268 2734 263:
1291 2677 1348 2733 Cur
1369 2678 1457 2746 iqitar
1474 2679 1585 2744 Ariani,
1605 2696 1668 2732 cum
1686 2680 1738 2734 loc
1755 2697 1840 2736 sensu

143 2767 219 2822 bisce
237 2765 387 2837 respondet
407 2781 471 2836 pag.
490 2770 556 2821 494:
581 2766 660 2819 Licet
672 2766 763 2834 plena
780 2765 817 2819 sit
833 2765 902 2820 ilaec
919 2767 979 2821 vita
1003 2766 1068 2835 sint,
1084 2781 1143 2819 sese
1162 2782 1218 2819 non
1230 2771 1417 2819 annumerant
1428 2765 1598 2833 perturbor!
1616 2766 1755 2834 siquidem
1768 2768 1838 2822 utri·

144 2854 346 2924 exemplorum,
381 2853 458 2922 quod
482 2852 607 2922 primum
631 2852 805 2924 potentiores
826 2854 980 2923 placentur
1004 2869 1057 2923 qne
1074 2852 1177 2907 amiam
1195 2859 1323 2906 creatore
1342 2853 1408 2906 Deo
1430 2859 1579 2905 creatserae
1597 2851 1740 2908 inserviat.
1774 2854 1838 2922 (Po-

144 2951 170 2996 et
195 2942 349 2995 semndum
367 2939 419 2993 isos
436 2954 531 3008 repes,
562 2955 636 2992 unus
654 2946 745 2992 tamen
763 2940 845 2992 nols's
857 2939 977 3008 placen·
1004 2938 1125 2994 tuissent
1145 2937 1243 2992 Ariani
1268 2936 1365 2993 eedem
1390 2954 1453 2992 cum
1480 2936 1635 2992 Pontificiis
1662 2939 1839 2996 excusatione

145 3030 199 3082 dus
218 3034 259 3081 est
275 3029 364 3092 Deus,
389 3032 415 3080 et
431 3033 462 3079 ut
476 3024 620 3095 propitius
639 3025 685 3094 sit,
712 3026 911 3094 exoptandum,
930 3025 981 3095 qui
1004 3025 1054 3090 uti,
1073 3024 1203 3081 videlicet
1222 3041 1252 3080 se
1268 3041 1324 3080 non
1342 3023 1499 3095 relinquere
1518 3030 1683 3096 creatorem,
1701 3041 1753 3080 nec
1764 3025 1836 3081 Filio

144 3116 238 3186 utique
260 3113 368 3183 pietate
392 3118 420 3166 st
445 3111 549 3166 virtute
582 3111 727 3180 placatur.
782 3112 891 3174 Quodn
915 3112 978 3182 quis
1005 3112 1123 3167 eundem
1149 3110 1310 3182 religiosum
1337 3111 1442 3166 cultum
1473 3109 1593 3179 deferre,
1623 3127 1706 3183 quem
1731 3128 1837 3166 summo

145 3202 221 3256 alios
246 3199 314 3254 ccii
336 3205 452 3269 praeter
472 3199 565 3252 Deum
595 3198 809 3267 omnipotentem
829 3199 978 3268 placatum
1005 3197 1073 3263 Deo,
1106 3197 1155 3253 sed
1184 3199 1262 3252 cultu
1289 3197 1411 3252 humano
1437 3198 1569 3269 majorem
1597 3202 1626 3253 et
1649 3196 1743 3253 divino
1768 3197 1837 3252 infe-

143 3290 184 3343 iri
203 3287 301 3342 Celsus
319 3285 472 3355 inteiiiqat,
495 3285 567 3338 aaut
585 3302 689 3354 corpus
706 3284 757 3339 loc
775 3302 836 3339 oum
854 3292 978 3339 moretur
1003 3286 1110 3340 riorem.
1148 3283 1252 3339 Verum
1264 3283 1435 3338 Athanasius
1452 3284 1543 3338 nullos
1560 3284 1590 3338 in
1609 3282 1739 3354 religioso
1760 3285 1837 3339 cultu

144 3383 169 3430 et
194 3375 320 3428 nmirum
343 3373 426 3426 tabet
444 3388 474 3426 se
492 3372 713 3442 subsequentem,
738 3372 780 3424 eie
799 3372 865 3426 iem
884 3380 910 3425 et
929 3373 979 3444 qni
1004 3371 1130 3442 agnoscit
1154 3369 1271 3440 gradus,
1299 3370 1347 3424 sed
1373 3370 1534 3441 simpliciter
1557 3369 1735 3441 pronuntiat,
1764 3387 1837 3436 eum,

143 3478 277 3516 summum
297 3460 390 3513 Deum
411 3458 540 3527 placarit
559 3466 585 3512 et
611 3457 692 3512 illius
718 3458 831 3524 amicos,
857 3465 889 3511 ut
909 3475 978 3528 pro·
1003 3457 1051 3528 qui
1086 3462 1196 3527 praeter
1231 3473 1369 3510 summum
1397 3456 1489 3511 Deum
1522 3460 1678 3512 creaturam
1705 3455 1835 3528 religioso

139 3550 228 3620 pitics
247 3547 362 3616 tabeat,
387 3545 526 3618 sequitur,
552 3544 670 3614 anqelcs
688 3544 749 3599 scil.
768 3546 934 3614 animasque
952 3552 978 3599 et
1004 3545 1079 3598 cultu
1104 3542 1235 3611 honorat,
1264 3541 1390 3597 ethnicae
1418 3541 1591 3598 idololatriae
1619 3542 1732 3598 affinem
1756 3542 1835 3614 esse.)

143 3636 262 3706 spiritns
285 3639 391 3688 eeterm
422 3632 574 3694 beatiores,
603 3631 708 3702 quippe
729 3632 779 3700 qui
804 3631 891 3686 simul
914 3647 977 3686 sen-
1003 3628 1050 3684 iib.
1072 3629 1107 3684 de
1124 3628 1226 3685 incarn.
1246 3626 1333 3684 Verbi
1352 3645 1416 3699 pag.
1436 3632 1500 3684 528:
1521 3629 1556 3683 Si
1572 3631 1679 3684 adoras
1699 3629 1837 3684 bominem

144 3724 230 3791 tium,
266 3721 381 3790 quinam
410 3719 470 3772 Dei
497 3718 553 3771 sint
591 3719 787 3789 beniqnitatem
816 3718 976 3788 promeriti.
1005 3716 1145 3771 Uiriatum
1164 3731 1205 3781 eo,
1225 3717 1301 3785 quod
1316 3704 1360 3768 viii
1368 3715 1503 3768 inhabitet
1518 3716 1578 3768 Dei
1594 3715 1718 3784 Verbum,
1737 3717 1836 3770 eadem

144 3813 205 3865 Nec
227 3808 318 3862 solnm
340 3822 370 3860 se
387 3805 419 3858 iii
434 3821 504 3875 erpa
518 3805 661 3874 dipniores
679 3821 821 3876 quousque
835 3805 978 3877 propitios
1004 3820 1093 3873 opero
1120 3805 1214 3856 adora
1242 3818 1350 3871 quoque
1383 3807 1495 3856 sanctos
1526 3803 1560 3855 ob
1584 3804 1688 3868 Deum,
1720 3803 1770 3874 qui
1799 3803 1839 3856 iii

144 3897 283 3963 reddant,
308 3895 361 3948 sed
387 3900 413 3946 et
439 3894 502 3946 Deo
529 3892 689 3962 prolificari
711 3893 864 3948 colentem
888 3893 979 3962 opitu·
1005 3889 1178 3944 domicilium
1207 3888 1298 3942 latet.
1349 3887 1486 3944 Eusebius
1515 3888 1551 3942 de
1580 3905 1706 3959 praepar.
1738 3905 1837 3961 evang.

147 3983 259 4050 lentur,
300 3981 397 4049 lisqree
433 3986 459 4032 et
495 3979 715 4049 placabiliorem
749 3979 822 4033 lunc
853 3979 980 4049 faciem,
1007 3974 1053 4030 lib.
1073 3981 1098 4031 4.
1122 3991 1184 4045 cap.
1206 3980 1235 4031 5:
1263 3976 1325 4028 Nos
1343 3974 1434 4029 solnm
1453 3974 1574 4028 cronium
1593 3977 1686 4028 Deum
1705 3974 1837 4045 reliqiose

145 4085 256 4138 unaque
275 4074 302 4121 ct
319 4066 482 4136 supplicant
499 4073 526 4119 et
539 4074 705 4135 precantur.
739 4065 813 4122 Vide
831 4066 923 4120 locum
938 4065 979 4118 in·
1005 4064 1112 4132 colere,
1137 4063 1239 4130 σέβειν,
1269 4061 1361 4115 edocti
1383 4077 1484 4114 sumus.
1510 4076 1571 4131 cap.
1598 4066 1637 4115 10.
1658 4061 1706 4116 illi
1730 4061 1786 4115 soli
1806 4059 1837 4115 rei

146 4152 425 4228 septimanarius
451 4151 500 4209 lib.
520 4157 544 4209 3.
565 4152 629 4209 adv.
647 4159 744 4223 gentes
762 4170 828 4224 pag.
847 4159 911 4209 101:
929 4153 981 4208 Aa
1006 4152 1146 4225 προσῆκον
1170 4149 1265 4217 σέβας,
1298 4147 1421 4201 debitum
1444 4148 1658 4219 venerationem,
1682 4148 1837 4202 tribuimus.

10 4244 251 4310 minimulum
275 4240 432 4295 diuinitatis
457 4241 614 4294 obeundum
636 4240 707 4294 satis
731 4248 772 4294 est
796 4240 875 4294 nobis
900 4243 979 4294 Deus
1005 4235 1053 4293 lib.
1073 4242 1096 4291 7.
1113 4235 1178 4291 hist.
1198 4249 1258 4304 cap.
1281 4238 1319 4290 10,
1352 4233 1521 4301 Dionysium
1538 4234 1698 4303 episcopum
1716 4235 1838 4290 Alexan-

142 4331 269 4400 primus,
300 4329 389 4382 Pater
412 4344 506 4380 rernm
533 4345 568 4381 ac
588 4326 742 4394 Dominus,
774 4325 803 4379 in
822 4327 873 4380 loe
892 4344 979 4394 omne,
1005 4324 1118 4378 drinum
1144 4321 1249 4376 <immas
1277 4325 1425 4376 memorat:
1461 4320 1562 4386 Ilium,
1588 4322 1638 4390 qui
1658 4321 1736 4376 solus
1757 4324 1839 4376 Deus

146 4419 223 4486 qaod
241 4397 388 4470 colendum
406 4421 454 4479 est,
474 4414 600 4483 colimus,
619 4414 697 4482 quod
711 4412 834 4466 adorari
845 4413 980 4481 convenit,
1004 4417 1058 4478 cst,
1084 4416 1110 4464 st
1132 4409 1240 4463 nudum
1264 4407 1353 4461 alium
1371 4414 1508 4471 'ornnem
1531 4403 1580 4461 riu
1604 4406 1672 4461 teir
1698 4407 1748 4462 τὸν
1768 4404 1835 4463 irre

146 4506 301 4558 adoram
319 4506 371 4556 etc.
410 4502 503 4569 Atque
521 4507 552 4553 ut
569 4499 600 4553 in
619 4499 800 4554 terrestribus
819 4501 915 4569 reqnie
933 4517 978 4553 ne·
1003 4493 1093 4570 μόνον
1120 4498 1166 4550 καὶ
1194 4493 1245 4563 οὐχ
1273 4489 1368 4566 ἕτερόν
1395 4513 1454 4548 τινα
1484 4495 1564 4563 σέβω.
1602 4492 1753 4566 Gregorius
1781 4495 1837 4552 Na·

145 4591 273 4646 caritate
294 4588 376 4643 nulla
400 4586 606 4656 compellimur,
631 4585 775 4654 reqalibus
797 4587 828 4639 in
854 4587 978 4650 familiis
1004 4583 1090 4638 siuns.
1114 4588 1184 4637 orat.
1212 4586 1236 4636 3.
1260 4580 1294 4637 de
1319 4596 1403 4651 pace:
1430 4580 1519 4634 Unum
1537 4583 1631 4635 Deum
1648 4582 1678 4635 in
1699 4582 1837 4637 Trinitate

144 4676 308 4730 conmiutos
339 4672 506 4728 mminatim
541 4690 603 4727 oum
632 4672 810 4743 principilia
845 4675 979 4741 admare,
1003 4670 1134 4724 venerari
1161 4669 1304 4732 debemus,
1331 4668 1421 4739 μηδὲν
1442 4665 1650 4739 ὑπερσέβοντες,
1677 4670 1743 4743 μηδ’
1769 4669 1838 4724 ino-

144 4764 197 4817 sed
226 4763 257 4815 in
283 4776 381 4832 repam
406 4761 531 4830 ipsorum
562 4759 640 4813 cuitu
668 4759 811 4828 quidquid
839 4758 900 4814 illis
928 4777 978 4813 an·
1004 4759 1139 4824 aiteram,
1164 4754 1196 4809 τὸ
1220 4755 1274 4829 μὲν
1297 4754 1352 4826 γὰρ
1378 4748 1529 4822 ἀδύνατον,
1553 4753 1584 4808 τὸ
1609 4755 1640 4809 δὲ
1664 4753 1759 4825 ἀσεβές
1782 4758 1837 4822 (ex-

145 4865 256 4916 necum,
288 4847 376 4902 tacito
402 4847 433 4900 in
456 4862 486 4899 se
512 4845 595 4899 sentit
617 4845 830 4910 honorificentia
855 4862 977 4916 compre-
1004 4843 1092 4914 spirat
1114 4858 1181 4914 ergo
1201 4841 1340 4896 distinctio
1359 4839 1482 4912 religiosi
1500 4840 1592 4895 cultus
1608 4841 1637 4896 in
1655 4845 1784 4914 tarpeiae
1802 4859 1836 4896 ac

145 4937 244 5005 tendi,
275 4952 331 4989 non
359 4932 421 4987 alia
445 4931 557 4986 ratione
588 4932 752 5000 qssicumqne
786 4932 818 4985 li
847 4933 892 4986 elii
914 4933 978 5002 sint,
1005 4931 1152 4997 devietur.)
1189 4927 1310 4983 Basilius
1329 4927 1466 4982 referente
1480 4925 1656 4984 Naaiauseuo
1675 4927 1705 4981 in
1720 4933 1786 4983 crat.
1807 4926 1836 4981 in

145 5041 215 5094 qnos
233 5038 294 5076 esse
311 5020 391 5075 nobis
404 5017 585 5090 proponitis,
610 5019 638 5072 ei
653 5027 717 5073 sunt
729 5019 880 5088 propenies
899 5020 978 5088 reqia
1005 5016 1138 5071 Basiliam
1156 5016 1291 5088 Magnum
1308 5029 1374 5086 pag.
1394 5019 1452 5071 269.
1472 5015 1547 5083 [edit.
1566 5013 1667 5071 Graec.
1693 5031 1758 5085 pag.
1784 5014 1836 5083 89.]

146 5119 171 5165 et
184 5108 369 5180 principalis,
389 5107 519 5161 minatur
540 5104 672 5174 ecapite,
690 5104 803 5158 etiamsi
820 5104 916 5158 nullos
933 5122 979 5159 ae·
1011 5103 1121 5158 Valenti
1148 5102 1316 5172 imperatori
1348 5107 1443 5172 aperte
1470 5099 1554 5155 dixit:
1573 5097 1606 5154 ci
1635 5098 1667 5153 eli
1696 5105 1797 5173 κτίσμα
1810 5120 1837 5153 rs

146 5198 255 5267 cpiam
273 5213 292 5250 a
310 5194 391 5248 noim
407 5191 572 5248 nmninctim
592 5190 692 5255 muas,
711 5190 873 5259 intelliqunt
892 5208 922 5245 se
939 5199 980 5246 ta-
1005 5197 1170 5264 npoasvrsir
1190 5185 1334 5259 ἂνέχομαι,
1353 5194 1513 5242 creaturum
1532 5204 1588 5241 non
1607 5185 1730 5240 mestineo
1747 5187 1837 5241 ullam

146 5301 208 5338 men
231 5281 370 5338 honorari
395 5278 574 5336 communiter
596 5294 658 5331 cum
683 5295 734 5332 suo
757 5292 823 5347 reqe
848 5285 931 5346 atque
949 5279 979 5332 in
1005 5279 1136 5332 adorare.
1172 5274 1251 5330 Idem
1263 5273 1457 5331 Nazianzenus
1473 5277 1542 5328 orat.
1562 5271 1597 5327 de
1617 5271 1723 5344 Spiritu
1740 5278 1836 5328 sancto

147 5373 227 5427 illius
250 5369 475 5424 emerctionibus
499 5364 647 5422 contineri.
683 5362 807 5418 Hilarius
829 5363 857 5417 in
877 5363 979 5418 Psalm.
1005 5363 1071 5418 edit.
1086 5359 1183 5416 Graec.
1201 5377 1267 5433 pag.
1287 5366 1351 5416 215:
1382 5365 1407 5414 el
1425 5355 1623 5432 προσκυνηιόν,
1642 5361 1700 5420 πῶς
1720 5359 1753 5414 oi
1773 5377 1835 5415 aen·

150 5464 206 5515 124.
234 5453 415 5510 invocationis
448 5452 580 5509 bonorem
613 5450 678 5506 ideo
705 5449 890 5504 communicat
916 5467 979 5505 cum
1005 5449 1071 5517 rim·
1091 5453 1116 5502 ei
1131 5448 1162 5500 δὲ
1177 5445 1287 5516 censis,
1304 5449 1363 5508 πῶς
1380 5445 1414 5501 ov'
1432 5446 1513 5510 esea·
1531 5446 1836 5518 moderandumque-

147 5543 266 5606 Christo,
287 5539 354 5611 quia
366 5537 462 5607 credit,
480 5539 571 5610 ipsum
586 5553 647 5594 esse
658 5551 753 5591 verum
767 5534 867 5603 Deum,
883 5536 981 5592 addita
1005 5537 1089 5590 modo
1106 5551 1163 5587 non
1184 5541 1210 5586 et
1225 5534 1359 5602 reliqioee
1376 5533 1545 5588 colendum?
1562 5541 1589 5587 et
1606 5533 1634 5586 si
1645 5532 1775 5601 reliqiose
1791 5552 1836 5589 ca·

146 5631 266 5688 mfionm
285 5625 377 5682 Adest
396 5621 469 5679 enisi
486 5632 593 5706 stqeam
607 5623 732 5692 additor
749 5622 910 5695 invocatur,
924 5640 980 5695 per
1005 5621 1133 5686 lendum
1162 5621 1298 5691 quomodo
1327 5637 1384 5675 non
1414 5627 1441 5676 et
1469 5619 1571 5675 Deus
1621 5616 1777 5676 ”Basilius
1807 5620 1837 5679 iu
