4104 6014
864 216 915 273 DE
934 215 1073 273 MORTE.
1768 224 1826 283 177

130 373 229 428 aaut
249 379 321 427 esset
338 373 425 428 αἰοοι
441 372 583 428 »leonthos
596 375 705 443 φὀοοοο,
729 391 786 428 aaa
809 380 891 427 sraat
916 372 965 424 da·
993 368 1133 426 defunctis
1154 379 1295 425 exstruere
1319 369 1502 425 Bellarmlaus
1528 368 1673 424 allaborat.
1713 374 1753 425 12.
1772 369 1826 425 Pa·

128 459 256 512 sseasari
273 459 315 512 ad
333 461 450 512 eandem
469 459 562 513 locam
578 457 651 513 Saul
670 465 698 512 et
716 458 865 514 Jonatlas.
898 463 923 511 t.
936 456 966 509 Si
993 454 1128 511 triarchas
1146 456 1209 512 ideo
1223 458 1255 510 iss
1266 465 1346 511 terra
1355 455 1556 526 promissionis
1568 455 1688 525 sepeliri
1697 455 1828 520 columae,
1841 457 1904 502 xm
1916 457 1963 501 ²7⁷·

128 543 317 600 irrationabile
337 551 380 600 est
400 540 433 599 in
459 544 570 616 signum
596 544 698 600 doloris
721 550 827 615 septem
848 543 907 598 dies
923 543 965 613 je
992 550 1022 596 at
1038 560 1156 611 precam
1174 551 1200 597 et
1218 544 1439 612 comitatos-am,
1458 542 1537 611 'guae
1554 541 1595 594 ibi
1611 544 1721 612 fierent,
1738 543 1828 611 parti·

127 630 244 700 jurare,
268 639 375 702 quanto
392 631 482 702 magis
500 630 688 686 irrationabile
708 630 856 686 dicendum
874 628 965 696 fuerit,
993 629 1071 697 ospes
1084 631 1294 696 redderentur,
1317 627 1479 700 figmentum
1498 633 1541 682 est
1557 627 1749 698 Pontificium,
1772 644 1828 684 nou

130 717 204 788 quod
223 716 327 771 Daniel
353 719 440 772 trium
464 718 707 771 hebdomadarum
731 718 829 770 diebus
852 716 965 779 lacesse,
992 714 1082 769 solum
1111 715 1272 786 Scripturas
1296 732 1392 771 sacrae
1423 716 1467 782 (ut
1496 715 1622 784 superius
1639 715 1830 783 ostendimus),

126 821 230 874 paoem
248 805 466 858 desiderabilem
485 823 541 858 aon
562 806 715 858 comedisse
743 812 769 858 et
790 822 808 857 a
828 819 913 857 carae
931 819 966 854 ac
992 801 1043 855 sed
1060 801 1113 874 ipsi
1144 803 1227 856 etiam
1257 800 1467 857 Pontificiorum
1498 800 1647 871 hypothesi
1673 801 1829 857 adversum.

129 891 193 944 oiao
221 890 390 944 abstinuisse
415 899 588 946 memoratur
615 890 688 946 Dan.
712 896 756 960 10,
790 907 817 945 v.
833 893 856 944 3.
909 887 965 942 Sed
992 886 1171 943 Patriarchae
1189 887 1262 942 enim
1286 894 1485 959 postmortem
1504 904 1560 941 non
1578 887 1782 942 descenderunt
1798 889 1828 941 ia

130 991 302 1047 consequeus
331 975 441 1030 disertis
473 975 565 1031 verbis
592 975 742 1046 prophetae
774 975 965 1029 contrariatur.
989 975 1203 1043 purgatorium,
1240 992 1275 1029 ex
1312 991 1367 1045 quo
1407 990 1457 1043 per
1494 988 1591 1044 preces
1627 978 1656 1027 et
1695 971 1832 1027 sacrificia
1867 981 1869 986 ’

131 1060 291 1116 Notandum
309 1077 388 1128 vero,
409 1061 482 1131 quod
501 1060 542 1132 pii
560 1060 595 1115 V.
614 1060 646 1119 T.
661 1077 712 1131 per
731 1061 790 1116 dies
810 1059 966 1131 complures
992 1067 1073 1115 erant
1110 1060 1265 1130 liberandi,
1300 1060 1349 1114 sed
1384 1061 1414 1114 ia
1452 1059 1582 1127 limbum,
1618 1076 1651 1113 ex
1684 1075 1739 1129 quo
1773 1075 1831 1113 non

128 1147 266 1216 jejunium
285 1146 481 1201 coadunantes
498 1165 552 1201 non
573 1147 609 1200 ab
629 1147 704 1201 omni
723 1147 806 1216 plane
821 1145 898 1209 cibo,
917 1145 965 1201 sed
992 1145 1045 1199 nisi
1061 1162 1112 1217 por
1128 1144 1231 1200 Christi
1258 1146 1294 1200 ad
1321 1144 1423 1200 inferos
1451 1144 1615 1199 descenmm
1644 1143 1756 1199 liberari
1780 1160 1830 1214 po·

132 1232 326 1287 adelicatiore
356 1238 384 1287 et
401 1232 519 1288 lautiore
549 1250 638 1304 usque
664 1233 700 1287 ad
720 1248 863 1302 vesperam
882 1231 966 1287 absti-
992 1237 1114 1287 tuerunt.

131 1317 255 1386 suerint,
282 1326 338 1388 qua
363 1319 469 1373 ratione
489 1336 540 1389 per
557 1326 663 1389 septem
682 1335 715 1373 ac
734 1319 828 1389 plures
848 1318 908 1372 dies
923 1317 965 1387 je·
1028 1322 1087 1374 233.
1123 1316 1260 1374 tPsalm.
1274 1321 1315 1385 38,
1333 1334 1359 1370 v.
1381 1323 1408 1372 ²:
1431 1317 1763 1384 Dominames'my‘urore
1780 1325 1859 1370 asoa
1874 1331 1906 1370 ax
1921 1331 1958 1371 aa.

127 1403 200 1472 junii
216 1407 326 1473 tempus
338 1404 460 1473 protrahi
475 1404 573 1475 potuit.
604 1409 628 1462 8.
641 1403 670 1458 Si
689 1422 721 1459 ax
737 1403 845 1475 jejunio
859 1410 965 1472 septem
992 1421 1099 1471 ‹rr-gaas
1124 1420 1166 1455 me
1196 1420 1283 1471 aeque
1304 1403 1334 1455 ia
1358 1403 1405 1456 ira
1433 1410 1482 1455 tua
1500 1403 1644 1470 corripias
1672 1419 1728 1470 me,
1755 1419 1828 1473 quse
1839 1379 1949 1482 ξὸζωῖζ

131 1488 238 1542 dierum
265 1505 283 1542 a
306 1488 415 1543 civibus
442 1489 530 1544 debes
559 1488 733 1544 Gileaditicis
760 1494 824 1559 post
849 1496 965 1543 mortem
992 1489 1078 1544 rerba
1093 1489 1268 1560 Augustinus
1285 1489 1326 1543 sic
1346 1488 1474 1558 exponit,
1504 1498 1533 1543 at
1564 1489 1595 1541 ia
1622 1490 1725 1555 [irrora
1744 1489 1829 1556 arpas'
1842 1495 1870 1575 ¹¹⁰⁸
1885 1485 1959 1576 ΙΨ

131 1573 221 1628 Saulis
245 1591 278 1628 ac
296 1574 434 1630 Jonatbas
453 1581 583 1644 suscepto
606 1575 701 1647 colligi
723 1580 829 1645 potest,
858 1575 965 1630 animas
993 1594 1012 1629 a
1030 1576 1095 1628 Deo
1115 1577 1152 1627 sit
1170 1576 1200 1628 ia
1221 1582 1364 1628 ammaum
1379 1575 1528 1643 dummari,
1548 1575 1578 1628 ia
1598 1575 1645 1628 ira
1665 1576 1774 1643 corripi
1790 1576 1828 1628 sit
1840 1546 1922 1636 :filu
1934 1547 1948 1576 ⁰

133 1677 227 1714 aarum
247 1660 276 1715 iu
296 1661 488 1732 purgatorium
506 1661 692 1730 descendisse,
712 1662 810 1733 utique
827 1663 912 1716 etiam
933 1678 967 1716 ox
993 1677 1086 1714 severe
1110 1661 1214 1729 puniri
1236 1668 1303 1729 post
1331 1661 1403 1713 bane
1432 1662 1533 1727 udam,
1562 1662 1604 1715 ad
1629 1662 1828 1715 comestionem
1842 1650 1935 1740 dulli-
2038 1717 2040 1720 ,

136 1746 248 1817 planctu
260 1746 375 1802 totidem
396 1747 503 1802 dierum
521 1765 556 1802 ac
567 1747 635 1802 fletu
654 1748 833 1820 septuaginta
851 1748 968 1811 dierum,
994 1753 1085 1802 tamea
1103 1755 1130 1800 et
1147 1746 1381 1815 emendationem,
1403 1748 1479 1800 ande
1504 1746 1616 1813 eschetii:¹
1638 1748 1675 1800 Ia
1699 1747 1752 1801 leae
1768 1748 1828 1800 vita
1841 1744 1954 1834 ffirjflfu

134 1849 188 1903 quo
203 1831 254 1886 tilii
274 1832 362 1887 Israiil
381 1850 414 1887 ac
428 1833 562 1904 Aegyptii
577 1833 722 1906 exsequias
739 1834 838 1890 Jacobi
851 1835 968 1904 patriar·
991 1851 1099 1903 parpes
1119 1849 1169 1898 me,
1187 1833 1271 1886 talem
1288 1849 1331 1884 me
1348 1834 1467 1900 reddas,
1492 1834 1539 1885 οπο·
1550 1833 1616 1916 jam
1634 1832 1828 1887 mandatorio
1842 1805 1917 1885 mal

134 1917 201 1972 chae
221 1919 361 1989 prosecuti
378 1918 508 1989 leguntur
527 1918 627 1975 Genea.
647 1926 693 1986 50,
713 1937 739 1975 r,
762 1925 784 1974 3.
807 1927 835 1974 et
853 1927 891 1975 10.
912 1918 968 1974 col·
994 1920 1058 1988 ipae
1076 1936 1133 1971 nors
1151 1918 1189 1972 sit
1217 1935 1295 1987 opus.
1339 1918 1448 1970 Eodem
1473 1918 1556 1970 modo
1580 1927 1719 1986 exponunt
1737 1920 1830 1984 Beda,

134 2003 182 2075 ligi
208 2005 323 2075 poterit,
355 2005 476 2058 animam
502 2003 601 2059 Jacobi
632 2004 729 2058 itidem
753 2005 781 2059 in
806 2004 969 2076 purgatorio
997 2008 1123 2074 Hapmo,
1156 2005 1313 2071 Dionysius
1347 2002 1561 2058 Carthasianas.
1605 2003 1831 2074 Respondemus:

133 2089 218 2144 fnisse
246 2090 389 2144 detentam
410 2107 442 2144 ac
471 2107 522 2160 per
547 2090 682 2160 suffragia
708 2091 859 2145 viventium
884 2108 917 2144 ex
936 2107 968 2145 eo
1000 2096 1020 2147 1.
1040 2088 1227 2144 Bellarminus
1245 2088 1323 2151 dicit,
1341 2088 1409 2140 baec
1424 2089 1509 2140 cerba
1527 2089 1606 2141 varie
1623 2090 1726 2158 eapoas'
1737 2107 1833 2159 posse,

133 2173 313 2232 liberandam.
358 2174 534 2230 Contrarium
560 2175 658 2230 statuit
686 2177 746 2247 ipse
774 2175 969 2243 Bellarminus,
999 2193 1065 2249 ergo
1097 2175 1133 2230 ad
1170 2174 1362 2246 purgatorium
1393 2173 1563 2228 fulciendum
1597 2192 1694 2245 parum
1726 2176 1833 2232 roboris

134 2261 200 2332 quia
231 2262 250 2315 l.
283 2268 304 2318 1.
332 2262 368 2316 (1ο
398 2259 508 2316 Christo
538 2279 560 2318 c.
587 2268 626 2318 11.
657 2263 688 2315 ia
718 2263 832 2316 limbum
855 2272 971 2333 patrum
998 2264 1153 2332 habebunt,
1172 2263 1237 2333 quia
1256 2261 1390 2331 dogmata
1408 2259 1474 2314 fidei
1492 2277 1525 2316 ex
1538 2261 1620 2315 claris
1636 2267 1664 2316 et
1680 2263 1833 2334 perspicuis

135 2348 251 2402 eandem
282 2347 412 2413 collocat,
440 2348 489 2417 qui
520 2366 538 2403 a
566 2349 728 2419 purgatorio
754 2356 797 2403 est
824 2348 971 2405 distinctus
999 2351 1158 2420 Scripturas
1179 2348 1261 2402 dictis
1287 2346 1400 2417 probari
1423 2351 1540 2417 oportet.
1583 2353 1605 2403 2.
1624 2347 1679 2403 Ubi
1697 2348 1833 2420 Augusti·

134 2432 247 2503 quidam
278 2433 369 2499 sinus,
399 2439 427 2489 et
455 2450 488 2488 ex
517 2450 572 2505 quo
603 2441 669 2489 ante
699 2433 800 2489 Christi
829 2436 865 2489 ad
901 2436 970 2491 infe·
999 2454 1051 2491 nus
1077 2441 1189 2491 secunus
1213 2431 1296 2486 LXX
1329 2432 1492 2502 interpretes
1522 2433 1592 2504 legit
1614 2436 1763 2505 furorem,
1794 2435 1834 2490 ibi

135 2535 179 2572 ros
199 2519 362 2573 descensum
387 2517 561 2589 patriarchae
591 2536 647 2573 non
677 2526 828 2590 potuerunt
852 2521 971 2578 liberari.
998 2522 1185 2592 Hieronymus
1229 2518 1368 2574 Hebraice
1415 2518 1527 2583 doctus,
1568 2520 1643 2592 quod
1684 2536 1740 2574 non
1774 2528 1835 2576 erat

134 2609 157 2660 9.
179 2604 255 2659 ldem
276 2604 454 2659 statuendum
482 2604 518 2658 de
535 2604 648 2675 Moyse,
676 2622 759 2676 quem
777 2606 920 2662 Isradlitae
937 2613 970 2662 30
998 2607 1183 2679 Augustinus,
1201 2602 1315 2674 exponit
1331 2604 1420 2672 iram,
1441 2608 1469 2658 et
1487 2604 1536 2657 ubi
1554 2604 1600 2659 ille
1619 2606 1707 2670 iram,
1725 2605 1771 2660 hic
1786 2607 1833 2670 fu-

136 2690 234 2745 diebus
268 2689 371 2744 luxisse
401 2689 531 2745 dicuntur
563 2691 647 2746 Dent.
677 2696 724 2761 31,
757 2709 783 2746 v.
811 2698 835 2748 8.
869 2709 903 2747 ac
935 2693 970 2748 de
997 2711 1096 2749 rorem.
1148 2690 1278 2756 Quinimo
1306 2706 1342 2744 ne
1379 2688 1438 2760 ipse
1465 2689 1641 2761 Augustinus
1669 2691 1833 2760 dissimulat,

135 2775 263 2844 Aaroue,
293 2793 375 2846 quem
394 2776 510 2830 totidem
540 2776 640 2831 diebus
665 2775 795 2832 luxerunt
821 2776 903 2834 Num.
928 2785 970 2842 20,
997 2780 1048 2834 has
1075 2779 1145 2833 duas
1167 2792 1249 2831 voces
1269 2773 1364 2848 θυμόν
1388 2780 1417 2828 et
1443 2773 1531 2848 ὀργήν
1553 2792 1636 2828 unam
1657 2777 1776 2847 censori,
1800 2793 1833 2832 ac

136 2880 162 2918 v.
183 2868 226 2918 29.
246 2880 313 2916 num
331 2880 397 2918 vero
415 2862 498 2917 etiam
518 2862 636 2932 Moysen
656 2868 685 2916 et
702 2863 843 2917 Aaronem
861 2863 889 2917 in
905 2882 969 2934 pur·
998 2870 1106 2930 monet,
1124 2861 1292 2932 exemplaria
1308 2861 1428 2930 sanare,
1446 2860 1486 2914 ita
1502 2867 1534 2914 ut
1553 2861 1582 2914 iu
1602 2861 1769 2931 quibusdam
1787 2865 1834 2917 ira

137 2948 275 3018 gatorium
300 2947 486 3019 relegabant?
535 2954 573 3005 10.
594 2947 636 3000 Ex
654 2966 701 3012 eo,
726 2948 801 3018 quod
819 2949 911 3003 David
929 2951 969 3004 vi·
999 2951 1161 3024 praecedat,
1178 2950 1209 3003 in
1228 2947 1395 3020 quibusdam
1409 2950 1507 3016 farer.
1551 2948 1606 3003 Sed
1628 2955 1657 3005 et
1672 2965 1755 3004 voces
1771 2949 1834 3004 illas

136 3039 218 3088 rente
241 3034 334 3088 adhuc
351 3033 436 3088 filiolo
460 3033 539 3105 luget
559 3050 592 3088 ac
614 3035 741 3103 jejunat,
764 3051 797 3089 eo
816 3052 881 3090 vero
901 3054 970 3091 mor·
998 3040 1116 3094 invicem
1124 3035 1288 3106 transponit
1312 3033 1492 3088 Citansouim
1511 3034 1652 3089 Psalmum
1667 3042 1834 3105 sextumms,

136 3127 184 3174 tuo
213 3137 231 3175 a
260 3120 328 3175 fletu
358 3120 480 3174 abstinet
512 3128 540 3174 et
565 3119 621 3175 cibi
640 3120 809 3175 assumtione
832 3123 970 3192 jejunium
997 3125 1101 3195 inquit,
1134 3125 1164 3176 in
1194 3123 1241 3175 ira
1258 3129 1307 3174 ma
1327 3137 1434 3187 arpaas
1458 3136 1500 3172 me
1535 3137 1584 3173 aec
1610 3122 1640 3173 ia
1662 3123 1763 3186 yisrore
1785 3130 1833 3176 tao

136 3206 225 3272 solvit,
243 3212 339 3260 contra
358 3205 559 3260 Bellarminum
576 3205 748 3277 colligimus,
768 3208 843 3278 quod
862 3209 970 3263 nullum
998 3210 1142 3280 corripias
1161 3225 1212 3262 me.
1257 3206 1298 3260 At
1315 3204 1485 3259 tricesimum
1503 3211 1632 3258 octavum
1658 3205 1764 3278 allegat
1780 3206 1834 3264 hoc

135 3291 282 3347 crediderit
310 3290 510 3362 purgatorium.
566 3291 671 3357 Quodsi
701 3294 773 3346 enim
807 3293 971 3363 judicasset,
997 3297 1090 3351 modo:
1123 3297 1166 3349 Ne
1189 3295 1219 3347 ia
1242 3291 1436 3361 indipaats'oae
1469 3300 1518 3343 tau
1543 3310 1650 3360 arguas
1678 3308 1721 3347 me
1748 3311 1835 3363 aegas

137 3378 256 3458 animam
286 3376 416 3430 infantuli
444 3383 507 3447 post
534 3385 649 3433 mortem
677 3379 706 3432 in
731 3381 894 3450 purgatorio
913 3386 972 3436 tor-
998 3383 1027 3434 s'a
1044 3383 1092 3434 ira
1109 3389 1159 3434 tao
1177 3380 1306 3433 emendes
1326 3394 1377 3430 me.
1419 3376 1497 3440 Quae
1523 3377 1703 3446 transpositio
1719 3378 1833 3448 iudicat,

137 3464 228 3536 queri,
249 3465 346 3534 utique
369 3461 480 3516 fletibus
499 3479 532 3516 ac
545 3464 660 3534 jejuniis
680 3481 713 3519 eo
732 3465 822 3536 magis
840 3465 970 3521 indulsis·
998 3468 1103 3522 nullam
1134 3467 1163 3520 in
1200 3464 1315 3519 vocibus
1350 3463 1405 3517 illis
1441 3462 1629 3517 diversitatem
1666 3481 1836 3536 magnopere

136 3556 179 3605 set
197 3566 231 3604 ac
251 3549 322 3603 votis
339 3547 542 3603 ardentioribus
558 3549 682 3620 proipso
696 3551 771 3620 apud
784 3552 874 3608 Deum
887 3553 970 3609 inter·
998 3554 1152 3627 quaesitam
1171 3551 1207 3606 ab
1226 3549 1386 3620 Augustino
1410 3548 1510 3612 fuisse,
1541 3548 1570 3602 id
1599 3550 1674 3619 quod
1692 3568 1726 3605 ex
1744 3550 1835 3607 verbis

137 3637 278 3703 cessisset,
309 3642 341 3689 ut
373 3651 406 3689 eo
436 3634 518 3689 citius
547 3635 677 3689 liberatio
718 3637 772 3707 ipsi
809 3639 970 3710 contingere
997 3641 1085 3713 ipsius
1104 3638 1251 3694 manifeste
1269 3641 1354 3707 patet.
1386 3635 1433 3690 Sic
1446 3634 1518 3689 enim
1532 3634 1631 3689 scribit
1648 3636 1791 3692 inPsalm
1804 3644 1836 3695 6:

137 3724 282 3793 potuisset.
318 3720 347 3775 si
367 3720 459 3775 dicere
477 3721 579 3789 velint,
597 3721 717 3775 animam
737 3723 820 3793 hujus
840 3724 970 3779 infantuli
998 3730 1062 3797 Ego
1083 3733 1172 3795 puto,
1200 3741 1284 3777 anem
1307 3738 1365 3774 rem
1390 3721 1498 3774 duobus
1525 3723 1616 3774 verbis
1637 3724 1835 3792 significatam.

137 3798 314 3864 descendisie
339 3823 394 3860 non
427 3805 456 3860 in
482 3807 687 3877 purgatorium,
720 3808 769 3862 sed
796 3810 826 3864 in
854 3810 970 3865 limbum
998 3816 1074 3868 Nam
1093 3813 1123 3864 ἑο
1155 3809 1267 3864 Graeco
1286 3806 1396 3879 θυμός,
1419 3809 1497 3876 meod
1521 3815 1562 3860 est
1588 3809 1618 3861 ia
1635 3827 1717 3862 versa
1730 3811 1835 3881 primo,

139 3911 284 3964 puerorum
303 3910 337 3947 ac
357 3891 473 3963 proinde
499 3893 641 3964 suffragiis
661 3910 717 3947 nou
736 3894 902 3966 indiguisse,
923 3897 970 3951 ob·
998 3901 1049 3953 hoc
1067 3897 1218 3965 significat,
1234 3895 1310 3962 quod
1321 3890 1400 3966 ὀργή,
1420 3893 1497 3962 quod
1511 3901 1551 3946 est
1566 3893 1596 3947 in
1609 3911 1691 3949 versa
1703 3897 1834 3950 seeundo.

136 3979 270 4035 vertimus
289 3978 344 4033 illis
363 3977 448 4033 rerba
462 3978 582 4034 Davidis
602 3985 626 4035 2.
648 3978 971 4053 Sam12‚v.23:Epo
1000 3986 1142 4039 Sericum
1165 3981 1264 4034 Latini
1287 3980 1391 4033 vellent
1412 3980 1497 4032 etiam
1523 3980 1582 4050 ipsi
1608 3982 1665 4034 duo
1680 3983 1765 4034 cerba
1783 3999 1834 4050 po·

136 4069 240 4119 cadam
266 4068 308 4118 ael
331 4082 406 4130 eam,
435 4064 486 4118 ille
510 4082 576 4119 aero
607 4083 663 4119 moa
687 4075 837 4120 revertetur
863 4071 971 4123 adme.
998 4087 1079 4134 aere,
1106 4069 1262 4138 quaesitam
1287 4075 1341 4132 est,
1373 4065 1444 4134 qaid
1471 4073 1542 4119 esset
1565 4066 1686 4118 viciam
1702 4067 1778 4135 irae,
1807 4075 1834 4120 et

137 4152 226 4223 Atqui
244 4150 335 4205 David
362 4167 417 4205 non
445 4151 588 4206 descendit
616 4151 645 4205 in
669 4153 785 4207 limbum
814 4172 971 4225 puerorum,
996 4159 1121 4229 positrem
1137 4162 1177 4209 est
1197 4154 1290 4217 furor,
1310 4154 1375 4206 ideo
1392 4152 1473 4205 varie
1492 4152 1602 4205 codices
1622 4152 1728 4207 babeat.
1758 4156 1835 4208 Nam

140 4238 236 4293 sedin
254 4237 369 4291 limbum
387 4244 498 4307 patrum
515 4237 600 4292 salin
617 4239 807 4309 purgatorium
827 4258 861 4297 ex
878 4241 971 4295 Ponti·
1001 4246 1031 4298 ia
1046 4242 1115 4296 aliis
1129 4241 1214 4310 prius
1232 4239 1372 4292 inuenitur
1389 4237 1448 4300 ira,
1476 4238 1579 4290 deinde
1595 4239 1697 4306 νὀνονς
1717 4239 1748 4292 ia
1766 4240 1834 4293 aliis

116 4320 266 4378 ·ticiorum
297 4322 454 4393 hypothesi.
499 4324 574 4395 Ergo
603 4341 655 4379 uec
682 4325 835 4379 infantulus
865 4326 912 4382 ille
944 4328 972 4381 in
995 4331 1081 4400 prius
1097 4329 1198 4395 saror,
1215 4325 1317 4378 damete
1338 4324 1398 4390 ira,
1419 4322 1448 4374 in
1465 4321 1534 4375 aliis
1548 4339 1604 4391 pro
1616 4324 1723 4389 farore
1741 4325 1834 4394 iadip·

140 4409 254 4464 limbum
272 4426 419 4480 puerorum
438 4409 588 4465 descendit.
631 4416 669 4466 11.
684 4411 827 4480 Jejunium
847 4413 973 4469 adhiberi
1000 4417 1079 4470 matio
1105 4413 1223 4483 ponitur
1248 4417 1297 4463 aat
1326 4408 1406 4476 bilis,
1434 4409 1487 4460 sed
1512 4408 1652 4477 quidquid
1682 4411 1760 4464 illud
1786 4419 1836 4482 est,

141 4495 213 4550 solet
245 4513 301 4549 non
327 4494 416 4550 solum
443 4495 471 4548 iu
498 4496 571 4550 seria
587 4496 725 4561 oratione,
754 4502 786 4550 ut
810 4500 919 4552 animus
938 4499 974 4553 ad
1001 4510 1091 4556 motus
1121 4508 1162 4553 est
1191 4497 1281 4550 animi
1308 4510 1469 4564 ρνοοοοανιο
1499 4495 1541 4547 ad
1563 4511 1686 4565 poenam
1710 4497 1836 4562 inferem-

142 4580 232 4636 Deum
251 4581 279 4635 in
307 4579 436 4651 precibus
466 4581 555 4652 magis
580 4582 704 4637 elevetur
728 4600 761 4638 ac
789 4584 903 4654 spiritus
921 4584 973 4639 fer·
1002 4591 1068 4642 dam
1087 4590 1139 4642 etc.
1167 4586 1195 4637 s'a
1216 4601 1272 4653 aaa
1296 4584 1343 4635 ira
1367 4599 1424 4634 moa
1444 4580 1533 4633 solam
1553 4581 1639 4648 arpai
1656 4600 1686 4636 se
1704 4602 1761 4638 aaa
1778 4585 1838 4638 malt

141 4667 249 4723 vendor
272 4667 420 4734 reddatur,
444 4668 519 4738 quod
545 4685 644 4724 vocam
671 4687 817 4741 possumus
834 4672 973 4738 jejuniam
1002 4674 1110 4740 anima,
1130 4688 1201 4740 puae
1215 4676 1287 4730 orat,
1306 4669 1358 4719 ted
1375 4683 1425 4719 two
1444 4667 1561 4735 corripi,
1580 4667 1614 4720 id
1631 4676 1673 4722 est
1691 4670 1839 4725 emendari

141 4755 292 4818 orationis,
321 4752 370 4807 ssd
394 4750 478 4805 etiam
503 4754 531 4808 in
556 4771 624 4809 vera
649 4773 683 4810 ac
703 4757 776 4812 seria
794 4757 974 4827 poenitentia,
1000 4760 1044 4813 vel
1061 4756 1186 4823 erudiri,
1211 4771 1277 4808 aam
1293 4753 1323 4805 in
1344 4751 1456 4806 Graeco
1481 4759 1521 4805 est
1539 4751 1698 4826 παιδεύσῃς,
1735 4761 1759 4810 3.
1778 4757 1838 4810 Au·

141 4840 253 4912 quando
272 4855 340 4910 prae
359 4838 453 4894 doloro
470 4854 504 4891 ac
523 4838 601 4895 luctu
622 4841 811 4895 obliviscimur
830 4845 975 4897 consedere
1001 4843 1129 4917 gustinus
1146 4841 1177 4895 ri
1198 4841 1228 4894 ia
1247 4841 1294 4894 ira
1312 4837 1421 4908 corripi
1439 4837 1476 4893 ad
1493 4838 1585 4909 iguem
1607 4839 1636 4892 in
1656 4839 1702 4893 dio
1722 4841 1838 4896 extremi

136 4943 242 4998 panem
259 4933 385 4979 nostram
403 4922 506 4978 Psalm.
528 4930 589 4995 102,
612 4944 637 4980 r.
656 4934 679 4983 5.
698 4929 773 4998 quod
794 4945 894 4983 vocare
911 4947 974 4999 pos·
998 4930 1112 5002 judicii,
1139 4944 1195 4983 non
1218 4927 1253 4981 sd
1273 4923 1464 4997 purgatorium
1482 4923 1660 4980 Pontificium
1680 4925 1709 4979 in
1730 4926 1838 4996 judicio

141 5030 235 5067 sumus
259 5011 403 5081 jejuniam
435 5010 622 5066 contritionis.
671 5012 719 5067 Ad
751 5012 805 5068 hoc
838 4988 990 5084 posteriasl
1004 5013 1237 5087 exstinguendum
1255 5011 1453 5067 accommodat
1489 5012 1666 5081 Λνοοονιοον,
1684 5010 1790 5081 iuquit,
1807 5013 1839 5067 ia

141 5117 229 5173 ςεοοο
242 5098 382 5170 pertinent
396 5096 505 5168 jeJunia
522 5097 550 5150 in
570 5097 646 5151 luctu
660 5107 797 5170 suscepta,
816 5101 883 5170 quia
901 5101 974 5155 enim
1002 5103 1049 5156 etia
1069 5100 1174 5171 indicii
1199 5115 1305 5167 ommes,
1337 5097 1388 5166 qai
1410 5115 1466 5151 aaa
1491 5097 1591 5151 lrabeat
1615 5097 1838 5168 fundamentum,

140 5189 240 5242 funera
259 5186 409 5240 amicorum
427 5189 456 5238 ct
473 5189 654 5254 cognatorum
673 5191 739 5239 sunt
756 5187 848 5239 reales
866 5187 975 5240 οονιοίο-
1003 5190 1081 5258 guod
1100 5195 1140 5240 est
1159 5185 1302 5248 Christus,
1327 5185 1509 5237 emendantur
1524 5189 1629 5244 autem,
1653 5183 1687 5235 ia
1708 5190 1748 5235 eat
1767 5201 1838 5252 par·

140 5275 190 5326 aes
206 5275 242 5325 de
254 5273 303 5326 ira
315 5271 374 5324 Dei
385 5279 411 5324 at
423 5269 604 5338 mortalitate,
622 5268 686 5324 ideo
698 5279 862 5341 conspectus
881 5290 976 5328 sorum
1002 5282 1114 5344 paritur,
1133 5273 1184 5341 qus·
1193 5271 1258 5325 laic
1268 5271 1457 5336 fundamento
1469 5267 1712 5336 superaedificant
1724 5267 1840 5340 ligassa,

142 5360 177 5414 ad
196 5356 393 5429 poenitentiam
419 5362 448 5412 et
466 5355 567 5410 serium
588 5355 623 5409 ds
644 5357 765 5426 peccatb
784 5357 906 5412 dolorem
926 5375 976 5413 nos
1002 5360 1144 5430 stipulam,
1161 5359 1293 5424 foemam,
1313 5355 1507 5409 detrimentum
1524 5353 1597 5406 emim
1610 5353 1769 5421 patientur,
1788 5358 1840 5410 sed

141 5446 254 5501 excitat.
295 5443 412 5497 annua
437 5440 553 5511 proinde
576 5457 610 5497 ex
624 5442 733 5513 jejunio
758 5443 909 5499 orationem
925 5460 975 5515 pro
1004 5446 1177 5501 saisiscant
1196 5441 1516 5511 tanquampsripnem.
1551 5437 1649 5508 Addo,
1670 5441 1744 5509 quod
1765 5440 1839 5512 iguis

193 5537 296 5581 aurun
309 5535 358 5578 rsa.
373 5533 429 5576 nn
1478 5548 1511 5599 12
