4104 6014
950 342 1002 397 Dr:
1020 341 1159 397 MORTE.
1841 349 1899 407 183

197 491 270 550 hom.
289 495 365 565 quod
384 493 510 549 Christus
527 496 613 562 Deus,
634 495 763 550 Rnffinus
781 497 810 550 in
830 512 923 567 expos.
944 493 1034 566 symb.
1063 495 1129 549 tatis
1148 496 1184 551 ad
1210 495 1281 550 hanc
1301 495 1386 550 vitam
1420 497 1464 551 sel
1490 496 1699 551 resuscitatione
1724 512 1756 551 ex
1775 496 1901 566 sepulcro

197 579 247 633 sed
274 597 307 635 ex
327 580 375 634 illa
398 580 523 636 vivorum
550 599 601 652 per
628 582 721 653 ignem
746 582 846 652 judicii
870 581 1036 652 purgatione
1062 581 1100 635 ad
1118 581 1240 637 futuram
1266 581 1351 636 vitam
1369 582 1591 653 interpretantur.
1638 581 1828 638 Tertullianus
1852 580 1898 639 lib.

197 664 271 736 ignis
297 667 476 740 purgatorius
494 675 665 723 mortuorum
691 669 799 723 animas
816 668 976 723 excrucians
995 667 1035 720 in·
1061 667 1097 722 de
1113 674 1259 723 resurrect.
1283 668 1374 723 carnis
1397 685 1420 724 c.
1445 674 1484 725 18.
1511 685 1544 723 ex
1560 668 1613 723 hoc
1638 668 1699 723 loco
1719 668 1759 722 sic
1778 667 1899 738 colligit:

196 750 263 804 ferri
281 752 392 822 nequit,
422 759 454 807 ut
478 754 650 808 ostendimus
675 755 811 825 superine.
858 761 880 811 6.
901 754 1035 825 Origenes
1063 753 1139 809 Caro
1157 765 1210 821 est,
1239 773 1311 826 quae
1329 757 1470 810 occiditur
1487 773 1541 826 per
1560 764 1689 823 mortem,
1717 772 1786 809 caro
1804 755 1900 824 itaque

198 842 228 891 ct
244 835 409 893 Ambrosius
436 839 471 893 de
499 840 548 894 tuli
574 841 737 911 purgatorio
766 841 932 910 loquuntur,
961 839 1035 910 quod
1063 849 1089 894 et
1118 842 1305 907 vivificabitur
1330 859 1386 910 per
1415 843 1654 898 resrnrectionem.
1704 841 1834 912 Lyranus
1870 840 1899 896 in

198 939 293 977 omnm
310 924 436 989 omnino,
463 924 547 980 etiam
573 925 725 995 prophetae
752 932 780 980 at
800 925 918 996 apostoli
943 924 1037 979 subire
1062 943 1177 983 comm:
1208 928 1333 982 Deducit
1358 929 1399 979 ad
1417 928 1536 991 inferos,
1576 930 1613 981 In
1630 928 1762 982 Hebraeo
1781 926 1899 981 habetur

198 1012 342 1079 coguntur.
378 1008 434 1065 Sed
453 1010 525 1064 hanc
551 1011 716 1065 sententiam
736 1010 921 1064 Bellarminus
941 1011 990 1067 lib.
1012 1017 1035 1065 2.
1062 1014 1104 1066 ad
1118 1015 1241 1078 fossum,
1267 1015 1360 1067 idest
1379 1014 1554 1082 sepulcrum,
1573 1021 1598 1066 et
1618 1013 1738 1076 reducit,
1759 1012 1826 1082 quia
1845 1012 1898 1065 ali·

199 1092 234 1147 de
252 1110 334 1165 purg.
353 1111 414 1165 cap.
431 1102 452 1150 1.
467 1097 540 1149 iuter
553 1113 664 1150 errores
685 1096 780 1166 refert,
800 1111 932 1167 quorsum
951 1095 1036 1167 igitur
1062 1102 1180 1167 quando
1200 1100 1344 1169 continpit,
1365 1101 1442 1168 quod
1459 1100 1558 1167 alr'qni,
1577 1100 1613 1152 de
1627 1097 1899 1167 qrmrumsepultura

200 1193 296 1233 eorum
314 1181 514 1251 expositionem
533 1183 635 1237 affert?
1061 1185 1123 1252 ium
1153 1193 1308 1254 tractatur,
1342 1187 1383 1239 ad
1411 1186 1499 1238 uitam
1529 1192 1724 1252 reservantur,
1758 1185 1831 1237 sicut
1862 1184 1898 1236 de

57 1278 135 1318 nima
235 1269 294 1322 140.
329 1267 423 1338 Atque
442 1269 510 1323 haec
525 1273 597 1336 sunt,
616 1285 688 1339 quae
700 1269 893 1322 Bellarmr'nus
913 1286 945 1322 ex
958 1267 991 1322 V.
1002 1267 1035 1322 Τ.
1062 1271 1186 1326 Euechia
1199 1273 1325 1326 hahetur.
1362 1270 1520 1327 Chaldaeus
1539 1271 1749 1343 paraphrastes:
1775 1272 1898 1324 Descen-

58 1330 186 1428 fffflss,
199 1367 251 1420 pro
281 1353 443 1424 purgatorio
473 1354 640 1410 stabiliendo
670 1354 792 1410 adducit.
848 1353 905 1410 Ubi
937 1355 1034 1409 merito
1062 1359 1129 1411 dere
1147 1359 1221 1423 facit
1246 1361 1287 1412 ad
1308 1359 1451 1420 infensum
1476 1358 1561 1411 etiam
1582 1360 1698 1423 futurus
1721 1360 1762 1410 ad
1779 1359 1898 1411 educere

61 1434 109 1471 ⁸¹¹¹
124 1433 184 1472 ¹'⁰¹¹·
200 1436 263 1506 quis
284 1438 398 1493 miretur
421 1446 450 1494 et
467 1440 612 1495 miseretur
635 1440 698 1495 illas
719 1440 853 1510 ambages
881 1447 910 1494 et
929 1440 1036 1495 viarum
1060 1444 1224 1508 faciendum
1253 1446 1295 1497 ad
1319 1445 1393 1499 uitas
1419 1444 1515 1500 seculi.
1559 1449 1583 1502 2.
1608 1443 1729 1508 Quidam
1756 1446 1899 1513 exponunt

61 1483 185 1584 miii-⁰
200 1521 356 1593 anfractus,
388 1542 438 1595 per
467 1543 536 1596 quos
563 1527 617 1595 piis
645 1527 680 1583 V.
705 1527 739 1582 T.
765 1526 820 1581 fnit
843 1525 1036 1590 oberrandum,
1062 1532 1097 1582 de
1115 1530 1286 1585 redemtione
1305 1548 1338 1584 ec
1356 1532 1470 1601 inferno
1486 1547 1537 1600 per
1549 1529 1688 1584 Christum
1707 1529 1786 1583 nobis
1805 1533 1895 1599 parta

12 1618 15 1622 '
60 1587 179 1678 223,
200 1614 349 1681 antequam
369 1611 398 1663 in
425 1612 532 1666 eoelum
557 1611 701 1681 pervenire
722 1612 870 1684 potuerint.
913 1611 1036 1665 Primum
1062 1615 1231 1686 Sophronias
1246 1615 1483 1687 Constantinopol.
1505 1615 1553 1670 lib.
1578 1615 1613 1671 de
1641 1614 1801 1670 monarchia
1826 1613 1895 1669 Dei:

61 1689 187 1790 aff·
202 1693 274 1749 enim
296 1695 325 1750 in
343 1697 537 1768 purgatorium
564 1697 631 1768 ipsis
661 1697 717 1752 fuit
736 1697 971 1766 descendendum,
1008 1698 1036 1751 in
1062 1703 1215 1756 Redemtor
1233 1711 1326 1756 noster
1341 1702 1566 1756 maledictionem
1580 1702 1757 1755 Adaeeertit
1772 1701 1801 1754 in
1819 1700 1897 1753 bene·

63 1797 131 1832 euna
201 1797 256 1851 quo
274 1799 391 1852 posnam
413 1783 507 1837 damni
525 1789 554 1838 et
575 1800 671 1838 sensus
691 1784 797 1854 experti
816 1784 902 1849 fuere,
921 1801 955 1839 ex
972 1801 1036 1853 pur·
1063 1786 1225 1848 dictionem,
1251 1795 1368 1840 mortem
1387 1789 1417 1840 in
1437 1788 1538 1854 uitam,
1556 1805 1652 1840 casum
1669 1787 1699 1840 s'n
1718 1785 1898 1840 resurrectio·

63 1841 125 1935 {J
127 1854 174 1941 ¹12,
200 1867 308 1938 gaterio
331 1869 453 1924 traducti
485 1870 563 1925 fuere
592 1871 620 1925 in
652 1871 783 1938 limbum,
809 1871 837 1924 in
861 1888 916 1941 qno
930 1886 1036 1940 poenae
1061 1887 1131 1924 nem.
1193 1870 1295 1926 Glossa
1338 1872 1491 1926 ordinaria:
1534 1874 1661 1926 Deducit
1700 1875 1742 1926 ad
1778 1873 1898 1941 inferos,

63 1946 181 2048 xij
200 1955 312 2018 domm,
334 1962 502 2010 nontamen
524 1956 715 2011 sensusiuere
736 1956 827 2010 adhuc
851 1956 977 2020 obnoxii,
1004 1973 1035 2009 ex
1062 1958 1192 2011 Judaeos
1211 1959 1361 2012 absumtos
1382 1959 1607 2012 dimittendocos
1620 1959 1730 2022 deduci,
1750 1966 1776 2011 et
1789 1957 1900 2013 reducit

64 2060 114 2089 nun
132 2051 167 2088 tn·
200 2040 285 2096 limbo
304 2041 335 2096 in
356 2041 457 2097 Christi
484 2043 520 2097 ad
539 2042 641 2098 int'eros
668 2043 802 2098 descensu
825 2042 938 2096 tandem
956 2041 1036 2096 fuere
1061 2043 1179 2111 pentiles
1215 2044 1251 2096 ab
1287 2045 1472 2110 idololatria,
1509 2061 1562 2113 per
1593 2062 1678 2113 quam
1706 2045 1789 2114 dipui
1817 2051 1898 2098 111111

65 2100 188 2197 ffisslffif
199 2126 309 2182 liberati
329 2133 358 2182 et
382 2128 418 2183 ad
444 2128 570 2183 coelestis
595 2129 668 2184 vitae
689 2128 792 2199 gaudia
821 2127 983 2191 introducti,
1012 2128 1035 2181 si
1062 2129 1173 2195 inferni
1185 2146 1294 2198 poena,
1321 2131 1491 2186 reuocando.
1534 2135 1559 2183 3.
1583 2129 1759 2200 Augustinus
1782 2129 1830 2184 lib.
1857 2135 1896 2184 l‘l.

65 2205 144 2294 ἓξὲξ
201 2211 354 2269 Pontificiis
371 2213 510 2286 figmentis
535 2214 605 2270 fides
632 2224 674 2270 est
701 2215 838 2271 habenda.
883 2214 1036 2270 Videamus
1063 2214 1098 2269 dc
1117 2214 1169 2271 civ.
1190 2213 1243 2269 Dei
1263 2231 1326 2285 cap.
1344 2223 1369 2272 4.
1395 2214 1586 2269 accommodat
1604 2215 1641 2269 ad
1660 2213 1763 2269 Christi
1783 2214 1897 2270 descen·

64 2307 174 2355 pte-ntur
200 2298 284 2353 etiam
311 2299 420 2372 reliqua
440 2301 474 2354 V.
494 2301 527 2356 Τ.
548 2301 638 2371 dicta,
659 2318 730 2372 quae
756 2301 803 2355 alii
830 2317 864 2355 ex
884 2299 1038 2355 Pontificiis
1062 2318 1123 2354 snm
1158 2301 1194 2355 ad
1218 2300 1334 2356 inferos:
1370 2301 1497 2355 Deducit
1525 2304 1566 2354 ad
1591 2302 1703 2365 inferos
1726 2309 1751 2354 et
1777 2300 1897 2356 reducit.

65 2357 185 2458 wolff
200 2402 251 2456 pro
280 2386 441 2459 purgatorio
469 2387 617 2442 asserendo
646 2386 797 2442 adducunt.
844 2393 865 2441 1.
882 2386 973 2441 Levit.
997 2391 1036 2454 12,
1063 2387 1125 2439 Hoc
1145 2396 1292 2456 utrumque
1317 2388 1443 2441 uidemus
1466 2388 1609 2456 incapite
1631 2393 1728 2441 nostro
1746 2385 1897 2455 impletum,

199 2488 223 2526 v.
244 2478 274 2527 t:
299 2474 387 2526 Omne
406 2481 533 2527 sanctum
556 2492 613 2526 non
631 2481 727 2541 turpet
746 2476 905 2543 (puerpera)
928 2490 977 2525 nec
995 2474 1036 2525 in·
1061 2474 1129 2541 quia
1147 2475 1176 2526 in
1192 2475 1333 2543 propheta
1351 2475 1484 2543 nunejus
1504 2472 1680 2542 agnoscitur,
1698 2490 1754 2526 non
1775 2472 1896 2527 derelin-

197 2559 344 2626 predictur
371 2560 401 2611 in
423 2560 630 2626 sanctuarium,
662 2561 751 2613 donec
777 2560 950 2628 impleantur
974 2560 1035 2612 dies
1061 2575 1127 2629 ques
1144 2560 1268 2613 animam
1289 2577 1379 2613 meam
1397 2560 1428 2613 in
1445 2560 1568 2631 inferno,
1586 2561 1704 2613 eundem
1722 2559 1841 2612 deducit
1857 2559 1899 2612 ad

195 2645 379 2716 purgationis
394 2663 477 2710 suas,
506 2662 613 2716 exque
640 2645 792 2718 colligunt,
817 2647 964 2700 animabus
987 2648 1033 2699 de·
1061 2646 1171 2711 inferos
1187 2654 1215 2700 et
1235 2646 1354 2700 reducit.
1392 2652 1416 2701 t.
1436 2644 1589 2717 Cajetauus
1606 2645 1635 2699 in
1657 2661 1755 2702 comm.
1776 2644 1811 2700 de
1829 2643 1898 2700 libe·

195 2732 359 2795 functerum
388 2749 445 2786 non
470 2739 574 2800 patere
605 2733 646 2784 ud
670 2732 808 2803 paradisi
839 2732 1035 2784 sanctuarium
1060 2731 1166 2787 ratione
1185 2748 1218 2785 ex
1238 2747 1349 2786 carcere
1369 2730 1481 2800 accipit.
1516 2731 1564 2784 Es
1580 2748 1630 2796 11,
1646 2730 1753 2801 inquit,
1774 2733 1852 2800 guod
1868 2730 1898 2785 in

197 2818 306 2871 aditum
341 2816 400 2870 nisi
425 2826 493 2885 post
517 2817 647 2888 impletas
674 2819 704 2871 in
730 2819 901 2887 purgatorio
931 2819 1035 2874 suncti·
1060 2820 1190 2873 Hebraeo
1220 2818 1298 2872 verbi
1322 2819 1476 2886 praeteriti
1505 2819 1639 2888 temporis
1670 2817 1740 2870 dicit
1770 2824 1796 2870 et
1825 2816 1898 2881 fecit

197 2903 350 2965 ficationes.
386 2902 611 2973 Respondemus:
640 2909 660 2958 l.
677 2902 720 2955 Ex
740 2903 880 2973 allegoriis
897 2919 952 2956 non
971 2920 1033 2972 pos·
1059 2907 1241 2973 adscendere,
1259 2921 1344 2972 caper
1362 2905 1472 2957 nominc
1490 2905 1592 2968 foveae
1605 2919 1656 2958 nec
1673 2903 1826 2969 infernum,
1845 2918 1895 2956 nec

197 2996 263 3044 sunt
279 2988 392 3060 probari
407 2989 473 3043 fidei
491 2988 639 3060 dogmata,
667 2988 719 3042 nisi
745 2988 805 3057 ipse
825 2988 945 3058 Spiritus
963 3005 984 3043 s.
1004 2988 1032 3042 in
1058 2992 1230 3060 sepulcrum,
1257 2994 1309 3044 sed
1332 3007 1472 3044 carcerem
1492 2991 1659 3058 intellipere.
1704 2989 1730 3041 Α
1748 2987 1894 3060 principio

198 3075 348 3147 Scripturis
372 3074 587 3146 applicationem
612 3080 753 3129 monstret.
798 3080 820 3128 2.
840 3075 870 3128 Si
896 3075 969 3128 hunc
993 3075 1032 3129 lo·
1059 3095 1177 3148 reamque
1197 3079 1297 3131 mundi
1309 3094 1396 3146 usquc
1414 3078 1455 3131 ad
1471 3085 1578 3146 tempus
1590 3077 1711 3129 Harenas
1729 3073 1824 3128 nullus
1844 3074 1895 3126 ad·

197 3178 260 3216 cum
282 3159 469 3235 itlnpopssuir
486 3162 521 3215 ad
543 3161 734 3232 purgatorium
764 3160 911 3215 transferre
937 3161 1031 3229 velint,
1059 3165 1207 3219 scanderet
1229 3180 1262 3217 ec
1279 3163 1409 3227 inferno,
1433 3163 1531 3217 nullus
1551 3168 1713 3216 surrexerat
1732 3178 1751 3212 a
1768 3159 1895 3227 mortuis,

198 3247 337 3319 quomodo
356 3263 459 3319 quaeso
483 3247 552 3302 illud
573 3246 765 3317 explicabunt,
794 3247 867 3316 quod
887 3265 933 3315 ea,
960 3265 1032 3318 quae
1058 3252 1111 3303 sed
1127 3250 1230 3303 multos
1252 3249 1357 3303 lr'beros
1384 3256 1410 3303 ct
1437 3249 1595 3301 innocentes
1614 3249 1724 3312 fecerat
1748 3246 1828 3299 Deus
1847 3245 1894 3298 dc·

196 3333 329 3388 seminam
357 3334 481 3406 peperit,
510 3333 628 3405 longiori
652 3339 774 3402 tempore
796 3332 831 3386 ab
857 3333 984 3404 ingressu
1003 3334 1031 3388 in
1058 3338 1191 3389 accudere
1210 3336 1240 3388 iu
1258 3351 1400 3388 carcerem
1418 3341 1444 3386 et
1459 3333 1566 3387 uinctos
1585 3332 1685 3386 multos
1696 3333 1808 3396 fecerat
1826 3331 1893 3383 inde

196 3418 384 3474 sanctuarium
409 3419 549 3473 abstinere
574 3418 686 3485 debuit,
718 3437 800 3488 quarn
827 3436 899 3488 qnae
929 3437 1030 3474 marem
1059 3424 1241 3475 adscendere.
1268 3426 1292 3476 5.
1307 3417 1516 3489 simplicissime
1526 3418 1674 3488 exponitur
1687 3418 1722 3470 de
1739 3417 1895 3470 terroribus

198 3505 279 3559 enixa
301 3504 362 3559 est?
411 3510 434 3557 3.
459 3503 559 3558 Nullus
579 3521 611 3557 ex
642 3505 780 3559 veteribus
807 3505 836 3558 in
868 3503 950 3573 hujus
978 3506 1030 3560 loci
1059 3506 1403 3568 ethorroribusinferni,
1424 3504 1540 3575 quaein
1561 3502 1692 3556 haesita
1713 3501 1895 3573 piiquando·

196 3590 380 3661 explicatione
399 3587 549 3660 allegorica
567 3589 602 3643 de
616 3589 775 3659 purgatorio
789 3590 940 3660 quidquam
960 3608 1030 3645 som·
1059 3610 1114 3664 que
1133 3591 1266 3654 sentiunt,
1285 3591 1334 3646 sed
1350 3589 1483 3644 divinitus
1497 3606 1531 3643 ex
1545 3589 1600 3643 illis
1615 3588 1714 3643 iterum
1733 3589 1895 3643 liberantur.

198 3676 292 3732 niavit.
336 3674 417 3730 (loni.
442 3675 643 3745 paraphrasten
671 3674 856 3743 Chaldaeum,
883 3675 1030 3746 Origeuem
1059 3680 1137 3744 Quae
1155 3677 1347 3748 interpretatio
1374 3693 1406 3731 ex
1431 3684 1560 3731 contestu
1581 3681 1609 3729 et
1634 3691 1666 3729 ex
1687 3675 1748 3730 aliis
1773 3673 1895 3744 Scriptu-

197 3762 290 3819 homil.
311 3766 337 3817 8.
355 3760 492 3827 inLevit.,
511 3760 712 3830 Hieronymum
732 3761 761 3815 in
778 3778 840 3832 cap.
860 3767 900 3816 tr.
923 3762 1031 3831 Erech,
1058 3782 1106 3819 rae
1123 3764 1191 3819 locis
1216 3762 1327 3833 probari
1353 3769 1452 3832 potest.
1487 3761 1633 3815 „Dominus
1661 3761 1763 3832 (inquit
1780 3760 1893 3828 Henna)

197 3848 416 3911 Theodoretum,
445 3847 552 3901 Bedam
585 3852 613 3902 et
638 3849 706 3901 alios
736 3848 764 3901 in
792 3865 852 3917 cap.
874 3854 913 3903 lt.
943 3849 1031 3905 Lavit.
1060 3852 1207 3914 mortificat
1225 3857 1251 3902 et
1268 3851 1400 3918 vindicat,
1420 3848 1535 3901 deducit
1551 3849 1592 3899 ad
1605 3847 1713 3911 inferos
1734 3855 1758 3898 ct
1776 3847 1893 3908 reducit,

197 3942 222 3991 t.
250 3934 417 4005 l’roponitur
439 3933 467 3986 iu
495 3933 547 3987 hac
575 3934 637 4004 lege
663 3933 814 3987 admonitio
844 3934 880 3986 de
914 3940 1030 4003 peccata
1057 3951 1212 4005 pauperem
1230 3934 1303 3996 facit
1322 3941 1348 3986 et
1367 3934 1454 3996 ditur,
1482 3932 1614 3986 humiliat
1634 3940 1659 3983 et
1676 3933 1816 4000 sublevat,
1840 3929 1893 3985 hoc

197 4019 325 4092 originali
345 4037 395 4091 per
414 4020 554 4074 carnalem
579 4020 785 4090 generationem
805 4020 833 4074 in
853 4020 954 4074 liberos
969 4038 1031 4089 pro·
1058 4026 1107 4089 est,
1127 4037 1196 4091 quos
1218 4020 1294 4074 Deus
1313 4019 1372 4072 vult
1389 4017 1529 4072 vivificare
1548 4023 1576 4072 et
1590 4032 1722 4081 recreare,
1740 4016 1801 4069 illos
1815 4016 1892 4086 prius

199 4115 311 4177 pagato,
330 4121 348 4158 a
367 4112 635 4177 quopostexactum
653 4104 737 4176 hujus
753 4107 826 4160 vitae
844 4107 1030 4175 septenarium
1058 4108 1086 4160 in
1106 4108 1244 4162 extremas
1277 4106 1421 4176 angustias
1442 4112 1471 4159 et
1498 4105 1593 4157 mortis
1620 4103 1745 4172 pericula
1763 4101 1891 4171 conjicit3
1953 4174 1957 4182 ,

200 4193 246 4246 die
265 4200 371 4256 octauo,
390 4192 443 4246 hoc
460 4198 503 4246 est
516 4192 545 4246 in
563 4193 763 4248 resurrectione
777 4193 932 4257 universali,
951 4193 1032 4261 plene
1058 4210 1128 4263 quos
1154 4193 1214 4246 vult
1242 4190 1369 4246 coelestis
1390 4190 1486 4259 gaudii
1516 4205 1600 4243 sensu
1623 4187 1804 4258 perfundere,
1830 4186 1893 4240 illos

199 4277 386 4333 liberabimur.
422 4278 545 4348 Duplum
564 4288 673 4350 tempus
691 4277 877 4333 immundiciei
896 4285 959 4348 post
977 4279 1032 4332 edi·
1059 4280 1135 4349 prius
1162 4277 1262 4334 inferni
1282 4277 1407 4330 horrores
1436 4275 1538 4329 sentire
1562 4274 1711 4344 permittit,
1739 4288 1807 4343 quos
1832 4272 1893 4327 v'ult

201 4370 258 4418 tam
276 4364 305 4418 in
323 4364 414 4418 lucem
434 4364 564 4419 feminam
584 4381 601 4417 a
624 4370 710 4419 matre
728 4364 930 4418 observandum
948 4364 1032 4418 moui·
1058 4366 1246 4436 locupletare,
1276 4364 1337 4418 illos
1370 4363 1447 4433 prius
1477 4363 1512 4417 ad
1543 4369 1692 4416 extremam
1720 4358 1893 4430 paupertatis

198 4451 299 4505 torium
327 4456 401 4518 erat,
427 4467 476 4520 per
498 4449 628 4504 feminam
646 4458 710 4505 estu
741 4450 860 4506 Satanae
886 4450 1032 4520 deceptum
1059 4452 1160 4507 lineam
1183 4451 1298 4522 redigit3
1326 4466 1397 4521 quos
1419 4449 1479 4502 vult
1502 4447 1632 4514 evehere,
1657 4447 1719 4500 illos
1743 4445 1820 4517 prius
1845 4445 1892 4499 de·

197 4540 342 4605 peccatum
362 4535 391 4588 in
409 4535 542 4588 mundum
563 4551 623 4589 esse
648 4536 843 4590 introductum.
886 4537 916 4588 lu
935 4535 977 4590 his
1005 4543 1033 4590 et
1059 4537 1161 4608 primit.
1197 4537 1302 4591 Psalm.
1322 4543 1364 4600 ³0,
1386 4553 1411 4593 v.
1430 4541 1460 4590 4:
1488 4533 1624 4586 Eduxisti
1641 4533 1676 4585 ab
1693 4533 1807 4597 inferno
1825 4533 1889 4585 ani-

198 4621 333 4676 similihus
356 4621 496 4693 allegoriis
515 4619 581 4675 fidei
608 4621 754 4693 analogiae
773 4621 904 4691 congruis
923 4622 1032 4692 acquie-
1059 4641 1131 4677 mam
1150 4640 1248 4691 meam,
1272 4623 1421 4691 vivificasti
1445 4637 1487 4673 me
1512 4639 1529 4672 a
1550 4619 1780 4671 descendentibus
1804 4618 1834 4670 in
1851 4634 1893 4671 sc·

199 4708 342 4773 scendum,
360 4723 416 4761 non
429 4714 523 4760 autem
542 4714 661 4776 praeter,
679 4708 733 4762 iuro
752 4707 1030 4777 contraScripturam
1057 4709 1194 4777 pulcrum.
1226 4708 1444 4774 Ρ11111.19,1.
1467 4707 1608 4761 16111111
1632 4705 1750 4757 redimet
1767 4704 1892 4758 animam

197 4792 391 4863 purgatorium
419 4810 451 4847 cx
478 4792 531 4846 hac
559 4792 685 4848 levitica
706 4794 903 4848 constitutione
926 4795 1031 4848 1111111-
1058 4813 1147 4849 meam
1168 4797 1203 4846 de
1219 4812 1304 4846 rnanu
1319 4795 1437 4858 inferni,
1454 4810 1516 4845 cum
1535 4791 1689 4860 susceperit
1706 4807 1756 4845 me.
1788 4788 1891 4844 Psalm.

196 4879 327 4949 pandum.
1059 4887 1106 4948 71,
1137 4898 1161 4935 v.
1190 4888 1235 4935 20:
1271 4879 1428 4934 Ostendisti
1457 4877 1526 4931 mili
1554 4877 1701 4945 anpustias
1733 4876 1837 4929 multas
1866 4882 1891 4928 et

52 4973 124 5014 11111.
137 4972 183 5013 186.
232 4969 292 5021 atr.
328 4968 353 5018 2.
381 4970 401 5019 l.
426 4964 499 5020 Sam.
528 4970 557 5031 t,
582 4978 607 5016 v.
628 4971 658 5020 6:
684 4965 811 5018 Jelrorelr
837 4968 985 5024 mortificat
1007 4974 1032 5019 ct
1058 4984 1191 5035 mapnas,
1210 4983 1356 5019 conrrersus
1375 4964 1539 5029 vivificatas
1557 4980 1599 5017 me
1617 4971 1643 5017 et
1661 4980 1693 5015 cs
1711 4960 1892 5035 vorapiuibus

63 5043 86 5085 ²·
100 5043 133 5082 ΕΣ
197 5051 329 5120 vivificat,
347 5052 475 5104 detonat
496 5052 573 5102 ducit
588 5053 627 5101 nd
641 5052 750 5120 inferos
764 5060 789 5104 ct
806 5053 924 5105 redemit.
963 5053 1032 5106 Jam
1058 5063 1151 5106 terrac
1177 5055 1350 5106 adscendere
1367 5068 1410 5104 me
1427 5051 1564 5116 [metas.
1606 5048 1824 5117 Ρ111111.86,1.
1847 5052 1892 5103 131

64 5093 84 5135 1.
99 5093 160 5134 Sam.

62 5145 93 5191 a.
109 5155 129 5185 v.
143 5144 168 5184 e:
196 5153 262 5190 uero
288 5154 320 5189 eu
343 5138 458 5202 inferno
485 5136 624 5200 interiore
656 5138 854 5190 clementorum
887 5139 949 5192 loco
976 5158 1032 5192 nors
1058 5140 1173 5194 Ermsti
1190 5141 1314 5193 enimam
1333 5154 1423 5190 ursam
1441 5157 1474 5192 cs
1491 5138 1604 5200 inferno
1619 5135 1760 5200 infcriori.
1792 5134 1892 5188 Psalm.

62 5197 184 5290 intimi
198 5225 286 5276 datur
311 5240 469 5292 repressus,
491 5239 557 5289 erpo
581 5224 616 5274 de
639 5221 786 5291 superiore
811 5223 920 5288 inferni
938 5235 1031 5294 parte,
1063 5234 1124 5295 116,
1154 5246 1179 5279 v.
1202 5230 1231 5279 3:
1261 5223 1418 5293 Angustiae
1435 5223 1544 5286 inferni
1561 5223 1722 5275 inuenerunt
1740 5237 1795 5288 me,
1823 5236 1848 5275 1.
1868 5226 1892 5275 4.

64 5298 181 5391 will·
196 5309 326 5362 ur'delicet
344 5310 379 5362 de
407 5310 590 5376 purputurio,
612 5309 646 5360 id
667 5307 870 5375 accipiendum,
907 5308 972 5364 Huc
990 5327 1030 5364 re·
1058 5330 1124 5367 erue
1144 5313 1266 5365 animam
1283 5326 1379 5364 meana
1428 5307 1580 5379 Gregorius
1606 5304 1653 5360 lib.
1676 5310 1699 5360 2.
1731 5305 1845 5375 exposit
1864 5304 1893 5359 in

196 5394 311 5449 ferenda
327 5393 428 5448 similia
449 5392 608 5462 Scripturas
627 5393 710 5459 dicta,
728 5410 800 5463 quae
821 5394 1032 5451 deliberatione
1061 5405 1082 5455 1.
1101 5398 1223 5468 Regum:
1247 5397 1280 5449 Ut
1299 5395 1448 5464 mortificet
1469 5397 1557 5459 Deus,
1576 5392 1654 5445 ducit
1674 5393 1715 5445 ad
1729 5391 1848 5459 inferos,
1867 5399 1894 5444 et

196 5495 229 5532 ex
248 5480 355 5534 inferno
376 5480 533 5549 loquuntur.
563 5479 789 5548 Respondemus:
814 5487 833 5536 1.
847 5480 967 5545 Quidam
979 5501 1029 5552 per
1057 5492 1088 5537 ut
1107 5485 1235 5550 vivificet,
1254 5482 1365 5535 reducit
1384 5483 1420 5534 ab
1439 5479 1550 5545 inferis.
1588 5476 1779 5547 Omnipotenti
1795 5477 1894 5531 etenim

195 5551 276 5641 bisai,
306 5565 466 5636 intelligunt
482 5564 640 5635 sepulcrum
658 5583 691 5621 ac
705 5566 740 5620 de
763 5565 935 5622 restitutione
954 5569 1027 5624 sani·
1061 5573 1124 5626 Deo
1143 5571 1184 5623 ad
1203 5568 1313 5637 inferos
1327 5569 1430 5622 ducere
1448 5576 1488 5620 est
1507 5573 1686 5636 peccatorum
1704 5567 1793 5619 corda
1804 5572 1893 5619 acter-
