4104 6014
217 279 279 340 498
840 262 1069 326 TBAOTATUS
1089 262 1289 326 SECUNDUS

215 445 327 498 pomus,
357 433 409 480 aut
434 441 528 480 omnes
552 424 735 489 dormiemus,
766 426 835 495 quic
858 441 910 478 nec
928 424 977 479 sili
994 424 1063 515 pert
1111 426 1168 479 117.
1204 425 1229 477 2.
1248 421 1360 486 lectio,
1393 437 1465 493 orme
1487 421 1529 475 sic
1552 421 1652 487 tate,
1684 420 1864 495 ninsrpts
1882 416 1918 475 osi

217 513 454 569 immortalitatem
464 513 687 582 deificabuntur,
704 512 762 566 nisi
772 505 1321 582 peromlibstpuuiumtrospntnuo‘psto,
1351 504 1455 571 πάντες
1476 508 1509 563 di
1533 504 1770 583 ἂλλογησόμεθοι,
1795 508 1918 578 pruefe-

217 609 311 654 tumsn
330 606 394 654 unm
413 600 580 668 moriantur,
598 616 633 652 cc
645 598 764 668 perior
776 606 802 652 ct
815 597 1051 652 oresurrectione
1074 595 1166 648 rencia
1186 602 1226 648 est
1243 594 1345 665 alteri,
1370 611 1453 664 pisce.
1462 611 1518 664 per
1538 596 1733 664 traiectionens
1746 593 1918 666 pmimslae

218 704 274 740 ηομ
293 692 373 739 erunt
389 685 491 753 aliem,
510 702 595 753 pssum
614 684 746 738 dormmo
762 685 913 757 praecedit
933 682 992 753 [alii
1011 682 1049 736 le
1076 681 1223 750 repetiens
1252 681 1294 735 sic
1328 681 1424 748 iubet,
1455 680 1557 745 πάντες
1585 683 1639 756 μὲν
1669 679 1916 757 κοιμηθησόμεθα,
1930 695 1996 738 ιιι.

218 777 300 843 gunt:
316 770 478 827 dormitione
486 769 670 841 praecedunt]
681 770 806 839 ομοομοίο
816 769 1051 839 irmiseimo,non
1076 763 1136 821 ἀλλ’
1167 765 1200 823 oi
1222 763 1326 830 πάντες
1350 764 1576 841 ἀλλαγησόμεθα.
1610 767 1672 822 Hoc
1689 767 1835 824 theorema
1852 783 1917 838 pro·

220 865 310 910 tamon
335 856 424 912 nulio.
461 854 495 910 In
521 871 603 924 quem
626 855 779 927 Augustini
805 855 898 910 locum
915 855 956 910 sic
975 871 1050 910 com-
1076 850 1175 907 barnas
1191 851 1372 925 sequentibus
1388 852 1577 909 fundamentis
1599 859 1621 909 1.
1641 854 1709 926 quia
1726 852 1915 926 antiquissimi

218 949 357 998 mentatur
372 941 506 997 Ludoric.
527 940 626 997 Vives:
649 940 1051 996 Graccieodieesnonomnes
1077 954 1111 992 ac
1136 937 1323 1007 probatissimi
1351 939 1461 994 codices
1490 940 1530 997 sic
1554 940 1664 1012 legunt,
1691 944 1725 995 ut
1750 942 1865 997 comtst
1881 955 1917 996 ex

218 1030 264 1083 hio
281 1030 456 1084 consortium
479 1036 546 1083 teste
563 1029 751 1096 Hieronymo,
774 1044 841 1082 nam
863 1028 919 1081 aiii
944 1028 1053 1092 iubent,
1077 1040 1161 1095 opere
1181 1024 1259 1096 regio
1279 1031 1309 1080 et
1325 1023 1441 1089 Roberti
1460 1025 1595 1097 Stephani
1615 1025 1767 1083 codicibus.
1805 1025 1917 1082 Eodem

218 1131 313 1171 omnes
338 1116 449 1186 quidem
474 1133 531 1169 ηομ
557 1115 743 1178 dormiemus,
774 1130 867 1168 omnes
892 1122 984 1168 autem
1001 1114 1051 1167 im·
1077 1111 1160 1166 modo
1188 1109 1290 1182 legitur
1319 1111 1349 1166 in
1380 1112 1502 1168 editione
1530 1112 1649 1183 Aldine,
1677 1111 1862 1185 Hervegiana
1886 1120 1919 1168 et

218 1201 401 1271 mutabimur,
431 1208 462 1254 ut
495 1202 635 1254 Errssmus
663 1200 804 1269 copiosius
830 1201 952 1255 ostendit
977 1206 1003 1253 et
1021 1200 1052 1253 s'n
1078 1197 1267 1254 Wechelisua
1306 1204 1328 1254 1.
1349 1198 1436 1273 Syrus
1463 1204 1492 1254 et
1510 1200 1603 1257 Arabs
1625 1200 1792 1272 interpretes
1815 1200 1917 1256 eodem

219 1286 448 1341 annotationibus
476 1293 502 1339 et
526 1287 558 1339 in
582 1287 731 1356 apoiops'a,
761 1304 817 1356 qua
838 1303 925 1358 οημοο
948 1287 1002 1339 hac
1020 1302 1052 1338 re
1079 1283 1162 1339 modo
1181 1290 1300 1341 vertunt.
1319 1283 1440 1341 Anneius
1458 1285 1534 1356 apud
1546 1284 1748 1358 Hieronymum
1757 1287 1916 1358 plerosque

219 1374 422 1428 calumniatori
444 1373 598 1443 respondit.
647 1375 693 1427 Eu
718 1373 771 1427 isac
799 1373 937 1427 librorum
963 1373 1053 1426 disso-
1079 1372 1189 1425 codices
1214 1372 1256 1425 sic
1282 1372 1375 1441 tepere
1400 1372 1507 1429 mserit.
1546 1378 1571 1429 3.
1589 1372 1697 1428 Eodem
1722 1380 1821 1430 tenore
1840 1373 1918 1431 hunc

219 1460 321 1515 nontin
349 1462 436 1515 credo
463 1467 560 1512 natam
591 1460 811 1513 controuersiam
835 1459 931 1524 ἰίἰοοη,
961 1460 1054 1512 sintne
1079 1457 1170 1513 locum
1195 1458 1284 1513 citant
1307 1458 1469 1517 Theodorus
1487 1458 1657 1531 Heracleae,
1685 1460 1827 1516 Diodorus
1846 1460 1918 1517 Tar·

221 1564 314 1600 omnes
331 1545 476 1613 morituri,
508 1563 546 1599 on
565 1546 670 1613 air'qui,
693 1563 763 1614 quos
790 1546 852 1599 (tiss
870 1546 921 1600 ille
938 1547 1054 1600 ultimas
1080 1544 1167 1598 sensis
1190 1550 1219 1600 et
1243 1545 1433 1616 Apollinarius
1456 1546 1613 1603 Laodiceae
1634 1547 1758 1619 episcopi
1776 1547 1919 1604 referente

222 1633 439 1702 deprehenderit
468 1632 602 1700 mermes,
632 1632 692 1686 sine
727 1640 815 1686 morte
846 1632 997 1687 marmari
1014 1633 1056 1686 oei
1081 1630 1251 1702 Hieronymo
1275 1631 1303 1688 d.
1329 1632 1347 1688 l
1376 1631 1511 1704 Origenes
1532 1633 1594 1693 libr.
1621 1641 1644 1690 2.
1669 1641 1770 1690 eontra
1792 1633 1918 1701 Ochum,

222 1719 467 1774 immortalitatem.
503 1719 680 1773 Lombrmtus
705 1736 767 1772 cum
781 1734 913 1788 pupnars
931 1719 1005 1774 inter
1024 1736 1053 1773 se
1082 1713 1309 1787 Chrysostomua,
1336 1717 1469 1786 Basilius,
1496 1719 1703 1790 Theodoretus,
1727 1719 1919 1776 oecumenius

222 1806 425 1874 Hieronymum
444 1813 471 1859 et
487 1805 664 1859 Ambrosium
681 1806 832 1870 demisset,
863 1807 936 1860 inter
961 1814 1054 1861 tantos
1080 1810 1108 1858 et
1132 1801 1366 1873 Theophylsetua.
1413 1804 1447 1859 In
1480 1806 1712 1862 commentariolis
1740 1805 1919 1879 Hiuonymo

221 1893 298 1946 siros
310 1894 501 1962 pronuntiare
520 1910 576 1948 ηομ
593 1891 733 1945 munnio.
771 1892 846 1954 Quid
862 1895 939 1961 quod
956 1894 1053 1963 Aepu-
1080 1890 1226 1960 adscriptis
1244 1889 1341 1944 eadem
1362 1891 1443 1946 lectio
1462 1901 1495 1948 ut
1514 1893 1668 1964 apostolico
1688 1893 1781 1950 sensui
1794 1893 1919 1950 marine

220 1978 310 2031 atinus
328 1979 477 2032 Ambrosio
496 1979 618 2044 accedit,
635 1979 688 2032 ssd
705 1979 895 2047 Hieronymus
906 1980 1055 2048 frequenti
1079 1992 1202 2047 congrua
1221 1977 1337 2049 reliquis
1354 1977 1516 2049 praefertur.
1551 1979 1725 2048 Ambrosius,
1744 1981 1873 2051 quamvis
1885 1981 1917 2037 iu

224 2063 400 2119 Graecorum
416 2084 501 2119 manu
519 2066 657 2134 stipatur,
685 2064 820 2135 Oripene,
848 2065 1052 2135 Ctrpsostomo,
1079 2062 1249 2133 expositione
1268 2068 1360 2119 textus
1380 2064 1495 2120 alteram
1511 2064 1667 2131 lectionem,
1685 2083 1780 2121 omnes
1797 2067 1918 2136 marus

223 2151 448 2221 theophylacto,
476 2153 526 2221 qui
553 2152 680 2220 leperunt
708 2153 789 2221 apud
819 2152 961 2230 Bauium,
996 2171 1052 2207 non
1077 2165 1261 2220 resurpemus,
1279 2151 1332 2203 sed
1351 2168 1407 2206 μοη
1424 2168 1518 2206 omnes
1535 2140 1750 2218 immutationum
1770 2158 1916 2225 sequitu,

221 2255 315 2292 omnes
332 2239 511 2308 dormiemus,
530 2246 557 2292 et
576 2237 756 2292 Ambrosium
773 2239 895 2293 ostendit
913 2241 1052 2294 Erasmm
1078 2240 1171 2290 tantm
1188 2235 1271 2290 etiam
1285 2235 1403 2292 alteram
1419 2235 1515 2293 subdit
1528 2236 1792 2309 interpretationem,
1812 2240 1843 2296 in
1855 2257 1917 2313 qua

220 2333 328 2384 nutare.
1077 2320 1225 2393 significat,
1245 2323 1322 2390 fore,
1340 2324 1391 2395 qui
1408 2341 1464 2379 non
1481 2325 1640 2379 morionum
1659 2333 1743 2395 omas
1757 2327 1793 2381 od
1811 2326 1845 2381 s'd
1854 2345 1914 2382 nors

256 2416 315 2468 116.
352 2409 437 2465 Hisce
454 2416 577 2466 ueterum
595 2409 721 2481 vestigiis
740 2409 899 2465 insistentes
923 2415 1052 2465 notamus
1077 2418 1231 2479 recurrant.
1266 2409 1346 2466 idem
1371 2409 1440 2466 iacit
1464 2410 1512 2466 lib.
1540 2412 1575 2468 de
1600 2411 1648 2468 lid.
1673 2418 1820 2470 resument
1843 2430 1869 2470 c.
1889 2420 1914 2471 s.

220 2498 295 2553 circa
317 2502 408 2553 locum
433 2496 614 2567 apostolicum
640 2502 661 2551 1.
680 2495 743 2552 Cor.
772 2501 817 2566 15,
843 2514 870 2554 v.
891 2502 932 2552 51.
971 2500 996 2554 1.
1015 2497 1052 2551 In
1078 2495 1265 2567 Augustinus,
1302 2497 1427 2564 quamvis
1452 2497 1572 2554 alteram
1598 2497 1747 2556 lectionem
1770 2505 1917 2573 μοιμοι,

224 2584 334 2639 Graeco
362 2591 438 2638 tecta
464 2584 522 2637 sice
549 2584 579 2636 in
604 2583 667 2652 ipso
686 2581 904 2651 fontenellam
928 2583 973 2637 iic
993 2600 1051 2638 esse
1078 2588 1172 2639 umen
1192 2583 1221 2637 iu
1239 2589 1347 2655 quaest.
1365 2583 1402 2638 ad
1418 2582 1523 2640 Dulcit
1539 2590 1647 2656 quaest.
1665 2590 1689 2643 3.
1714 2586 1827 2656 statuit,
1856 2605 1916 2642 ηομ

222 2672 436 2740 corruptionem,
479 2667 645 2740 Oppositum
674 2674 717 2724 est
743 2668 795 2723 hoc
817 2668 960 2724 theorema
984 2669 1052 2726 Mol·
1080 2686 1173 2724 omme
1191 2670 1316 2724 homines
1332 2672 1498 2742 morituros,
1515 2671 1646 2728 videlicet
1666 2689 1721 2729 non
1740 2689 1796 2743 eos,
1814 2674 1865 2744 qui
1885 2675 1915 2729 in

221 2756 307 2812 chiori
335 2755 412 2812 Cano
442 2761 470 2811 et
497 2755 621 2811 'lbomae
654 2755 828 2826 Staplstono,
862 2772 979 2826 quorum
1006 2757 1053 2812 ille
1078 2755 1134 2810 fine
1149 2756 1245 2810 muudi
1264 2756 1374 2811 obviem
1393 2755 1504 2812 Christo
1522 2757 1674 2829 rapientur.
1710 2758 1751 2814 Ae
1766 2759 1916 2816 hamsen·

222 2844 282 2899 libr.
301 2852 326 2901 t.
349 2845 433 2899 locor.
456 2841 576 2913 theolog.
602 2859 663 2913 cap.
682 2847 721 2898 13.
746 2842 791 2898 hic
815 2859 880 2898 vero
904 2842 932 2896 in
960 2843 1051 2899 relect.
1078 2843 1166 2897 tentia
1184 2858 1239 2897 non
1259 2841 1328 2897 satis
1346 2838 1476 2913 congruit
1493 2859 1556 2897 cum
1572 2843 1662 2899 altera
1679 2843 1797 2902 lectione
1817 2863 1916 2901 omnes

222 2930 336 3001 princip.
361 2928 409 2986 tid.
433 2934 520 2984 contr.
538 2934 645 2999 quaest.
665 2933 691 2988 3.
715 2936 768 2985 art
786 2935 811 2986 2·
833 2936 862 2985 et
885 2929 915 2983 in
934 2930 1051 2989 antidot.
1078 2929 1255 2985 dormiemus.
1292 2935 1316 2984 4.
1342 2927 1474 2983 Erasmus
1499 2926 1529 2983 in
1552 2936 1645 2985 annot
1671 2930 1697 2984 h.
1721 2930 1739 2986 1
1765 2947 1832 3004 pag.
1853 2937 1914 2989 ³⁵6.

187 3086 192 3095 ⁵
224 3024 246 3073 1.
264 3016 326 3072 Cor.
347 3022 387 3074 15.
423 3015 562 3071 Graecum
580 3015 652 3071 Novi
670 3015 842 3071 Testamenti
868 3022 975 3072 textum
993 3035 1051 3074 cor-
1078 3015 1158 3086 ponit
1177 3014 1397 3086 hancrsgulam:
1420 3014 1535 3077 Quoties
1546 3023 1652 3070 cetum
1657 3019 1801 3088 satsatrsr,
1813 3019 1913 3074 iectio-

221 3103 355 3174 ruptionis
371 3110 484 3174 propter
499 3102 573 3158 hunc
592 3102 682 3172 ipsum
701 3102 793 3157 locum
810 3108 932 3159 accusat.
965 3103 1051 3176 Atqui
1077 3117 1140 3156 aem
1169 3118 1229 3156 erse
1256 3101 1411 3170 diversam,
1442 3118 1551 3173 semper
1575 3103 1647 3156 mibi
1667 3105 1825 3176 mspectior
1854 3122 1915 3160 esse

223 3198 245 3247 1.
264 3191 339 3246 aliud
356 3197 399 3246 est
418 3190 564 3245 diversitas
583 3189 715 3256 lectionis,
735 3192 812 3246 aliud
829 3209 895 3248 vero
910 3191 1050 3264 corruptio
1077 3189 1149 3243 solet
1167 3204 1216 3257 ca,
1240 3203 1311 3258 puae
1328 3186 1425 3256 prima
1444 3188 1536 3257 specis
1554 3189 1668 3243 uidetur
1687 3191 1855 3259 absurdior,
1881 3200 1914 3246 ut

220 3282 319 3334 textus.
360 3276 465 3341 Quodsi
497 3292 617 3349 namque
644 3277 680 3333 ob
708 3277 835 3333 lectionis
862 3278 1049 3334 diversitatem
1076 3283 1289 3329 commodum
1307 3275 1352 3338 ⁸⁸¹2.
1372 3273 1504 3328 lwwtem
1519 3275 1564 3329 vd
1579 3292 1683 3344 parum
1698 3277 1851 3347 eruditum,
1868 3280 1914 3333 usi

219 3363 361 3436 corruptio
381 3365 475 3419 statim
498 3364 656 3429 inferenda,
679 3381 731 3419 uec
748 3364 893 3421 Hebraeus
910 3371 1001 3422 textus
1020 3367 1049 3421 in
1072 3380 1176 3432 porum
1201 3369 1337 3417 omentum
1354 3363 1490 3432 offensum
1507 3362 1696 3417 absurditatis
1710 3364 1833 3431 imops'ne
1850 3382 1913 3421 mu·

219 3450 321 3506 Vetere
337 3467 389 3506 nec
407 3450 532 3506 Graecus
549 3451 578 3505 in
595 3450 674 3507 Novo
694 3450 881 3520 Testamento,
900 3453 1048 3507 necversio
1075 3456 1149 3504 tasse
1178 3449 1363 3519 Smipmrom.
1407 3447 1484 3505 idem
1510 3448 1596 3504 etiam
1619 3449 1694 3504 circa
1717 3449 1792 3504 hunc
1817 3449 1913 3507 losum

220 3536 320 3592 Latina
336 3537 497 3609 incorrupte
515 3537 575 3605 erit,
593 3542 833 3607 etconsequeuter
847 3537 952 3592 nullam
965 3538 1048 3594 habe·
1075 3552 1129 3591 usu
1143 3534 1251 3590 venisse
1266 3534 1383 3591 ridetur.
1419 3542 1442 3589 5.
1463 3533 1563 3591 Lectio
1585 3534 1634 3590 illa
1661 3534 1751 3606 magis
1778 3537 1915 3608 congrus

218 3622 307 3678 bimus
326 3624 496 3695 Scripturam
516 3624 651 3696 integrum
671 3632 700 3679 et
717 3624 913 3695 incorruptam.
944 3625 1049 3682 avol-
1076 3629 1214 3697 curcrpstp
1232 3628 1331 3677 textus.
1364 3621 1448 3690 Ecce,
1466 3620 1558 3692 inquit
1575 3620 1727 3692 apostolus,
1746 3624 1914 3690 mystes-iuss

218 3716 285 3782 gata
314 3711 403 3767 versio
439 3728 495 3767 nou
532 3716 640 3765 tantum
669 3726 800 3780 magnam
830 3712 993 3767 varietatem
1021 3720 1051 3768 et
1075 3711 1152 3764 οοοὶο
1169 3711 1241 3764 dico.
1273 3707 1361 3779 Atqui
1378 3722 1474 3762 omnes
1491 3706 1659 3764 dormituros
1675 3708 1734 3764 sive
1752 3710 1914 3782 moriturus,

217 3798 364 3853 lectionum
388 3797 576 3853 diversitatem
601 3796 726 3864 admisit,
760 3802 791 3850 ut
817 3798 911 3851 multis
928 3798 1049 3869 probent
1075 3813 1130 3851 non
1161 3802 1254 3851 autem
1284 3810 1380 3851 omues
1409 3793 1608 3864 immutandos,
1639 3810 1695 3850 non
1719 3801 1780 3852 erat
1799 3804 1915 3854 tantum

218 3883 384 3939 Benedictus
402 3884 487 3938 Arias
506 3882 672 3951 Montanus,
690 3882 789 3937 Franc.
809 3882 902 3938 Lucas
921 3884 1049 3957 Bur-gen·
1075 3882 1252 3954 mysterium,
1287 3881 1354 3952 quia
1383 3881 1443 3951 jam
1475 3888 1540 3936 ante
1571 3881 1718 3937 constabat
1749 3881 1914 3953 Corinthiis,

217 3970 255 4025 sis
272 3975 301 4026 et
317 3969 378 4040 alii,
408 3970 458 4025 sed
482 3970 566 4024 etiam
584 3968 777 4033 vitiositatem,
806 3986 878 4040 quse
902 3976 995 4027 tamen
1019 3973 1048 4027 in
1075 3987 1169 4025 omnes
1192 3985 1251 4025 esse
1275 3967 1356 4024 morti
1375 3967 1523 4033 obnoxios,
1549 3984 1645 4024 omnes
1664 3986 1725 4026 cese
1742 3970 1914 4028 remseitam

216 4056 333 4112 concilio
356 4055 519 4112 'Tridentino
542 4053 595 4109 sub
614 4070 706 4126 poena
729 4055 912 4111 anathematis
931 4075 982 4129 pro
1000 4075 1047 4114 uu·
1075 4057 1140 4125 dos,
1161 4055 1211 4110 sed
1231 4073 1263 4111 er
1283 4054 1411 4110 omnibus
1429 4052 1602 4111 resuscitatis
1621 4056 1696 4111 solos
1712 4056 1774 4127 pios
1790 4056 1828 4113 sd
1849 4058 1913 4132 glo

216 4142 341 4199 theutica
368 4141 511 4212 Scriptura
540 4140 682 4196 declarata
708 4147 759 4196 est.
803 4145 828 4198 ³.
852 4141 886 4197 In
910 4143 962 4200 hoc
987 4144 1048 4216 ipso
1073 4144 1143 4198 riam
1160 4158 1210 4214 per
1226 4141 1444 4197 immutationem
1459 4142 1682 4208 transferendos,
1713 4142 1802 4216 quid?
1831 4146 1914 4217 quod

217 4230 277 4285 loco
301 4228 411 4284 sanant
435 4228 528 4283 Latini
557 4227 681 4289 codices,
711 4227 825 4298 quidam
852 4229 925 4284 enim
952 4232 1049 4302 legunt
1074 4231 1102 4285 in
1119 4230 1171 4285 hoc
1186 4229 1247 4300 ipso
1265 4229 1357 4299 capite
1375 4227 1516 4299 apostolus
1540 4228 1610 4284 illud
1624 4231 1685 4300 jam
1703 4235 1768 4287 ante
1784 4231 1913 4288 tradide-

217 4333 309 4372 onmes
327 4317 511 4384 dormiemus,
533 4315 645 4387 quidam
664 4331 731 4370 vero
751 4332 845 4370 omncs
861 4332 1047 4384 resurpemm,
1074 4322 1119 4373 rat
1135 4336 1161 4374 v.
1182 4321 1229 4372 22:
1248 4317 1286 4370 In
1303 4316 1399 4369 Adam
1416 4331 1509 4369 omnes
1526 4316 1693 4374 moriuntur.
1710 4335 1736 4372 r.
1749 4322 1796 4374 43:
1817 4317 1913 4374 Semi

215 4410 249 4459 ut
271 4408 350 4457 notat
374 4400 549 4475 Augustinus
573 4401 635 4456 loco
663 4401 784 4470 proxime
812 4402 904 4460 citato.
942 4402 1047 4469 Quodsi
1073 4411 1160 4458 notar
1181 4405 1211 4456 in
1233 4402 1425 4472 corruptione,
1454 4402 1546 4469 rumpit
1569 4402 1601 4456 in
1621 4403 1833 4473 incorruptione
1854 4412 1912 4464 sto.

216 4507 282 4561 ergo
303 4490 449 4545 diversitas
469 4489 596 4545 lectionis
620 4490 694 4560 perit
717 4490 935 4560 corruptionem,
963 4492 1046 4548 etiam
1072 4490 1221 4544 Praetores
1245 4492 1405 4544 versuti.
1428 4486 1588 4543 immediate
1615 4488 1780 4559 subjunctus
1802 4491 1914 4562 optime

215 4575 309 4631 batim
338 4576 447 4632 codices
478 4575 601 4646 corrupti
631 4583 727 4633 eruut·
768 4583 794 4634 4.
825 4575 933 4632 Neutra
964 4576 1046 4636 lectio
1072 4576 1221 4648 respondet
1239 4574 1304 4630 huic
1323 4574 1450 4644 lectioni,
1476 4575 1508 4630 in
1525 4583 1674 4646 momento,
1694 4576 1725 4630 in
1742 4577 1801 4631 ictu
1820 4580 1912 4647 ocuti,

215 4662 315 4718 Graeci
335 4669 426 4718 textus
443 4660 527 4718 talem
545 4661 696 4717 introducit
713 4661 942 4735 discrepantiam,
973 4683 1046 4736 quac
1072 4665 1102 4718 in
1125 4665 1277 4718 norimimc
1303 4663 1370 4716 tubo
1396 4669 1422 4715 et
1444 4662 1551 4715 mortui
1571 4671 1720 4732 resurpent
1737 4664 1914 4739 incorrupti,

214 4749 280 4805 fidei
303 4749 448 4820 analogiae
470 4755 609 4820 repugnet
625 4748 670 4802 vel
687 4749 772 4802 errori
790 4748 874 4804 alicui
891 4752 1045 4821 patrocine-
1072 4760 1098 4805 et
1118 4770 1169 4807 nos
1187 4750 1404 4807 immutabimur.
1438 4749 1596 4821 Distinguit
1619 4749 1693 4807 iuter·
1714 4758 1839 4807 mortuos
1865 4771 1912 4811 re·

214 4845 274 4908 tur,
308 4844 341 4893 ut
370 4841 468 4908 postea
501 4834 756 4892 demonstrabimus.
804 4842 829 4891 5.
858 4835 1045 4909 Hieronymus
1072 4843 1240 4894 surrecturos
1257 4836 1431 4906 incorruptos
1449 4842 1478 4892 et
1496 4836 1570 4892 iuter
1580 4837 1708 4894 vivosad
1722 4838 1911 4911 incorruptio-

212 4924 337 4981 lectionis
360 4921 547 4978 diversitatem
571 4923 600 4976 iu
625 4921 732 4976 Graeco
758 4927 835 4977 textu
859 4928 950 4989 notat,
986 4943 1043 4981 cor·
1070 4942 1133 4981 nem
1152 4924 1346 4993 immutandos,
1366 4924 1432 4996 quia
1454 4924 1562 4980 scilicet
1579 4941 1635 4980 non
1655 4941 1750 4981 omnes
1769 4925 1825 4981 sint
1842 4927 1910 4984 dor-

211 5009 348 5081 ruptionis
364 5025 431 5064 vero
446 5025 498 5063 nec
516 5008 631 5064 verbulo
649 5007 779 5064 meminit.
815 5009 1043 5067 assuminus
1070 5011 1163 5067 mituri
1193 5011 1251 5067 sive
1277 5010 1402 5067 mouturi
1431 5028 1465 5067 ac
1493 5012 1610 5083 proinde
1636 5029 1688 5069 nec
1715 5016 1910 5087 resurrecturi,

211 5097 258 5152 lib.
275 5103 298 5154 2.
318 5098 354 5153 de
372 5097 458 5153 verbo
476 5096 529 5152 Dei
548 5113 609 5166 cup.
628 5103 652 5152 1.
672 5101 700 5152 et
718 5093 875 5150 Huntlaeus
894 5095 1042 5153 Gordonus
1068 5114 1163 5154 omnes
1181 5104 1273 5153 tamen
1293 5097 1456 5153 immutandi
1486 5099 1544 5155 sive
1564 5098 1593 5152 in
1611 5099 1674 5168 ipsa
1691 5099 1909 5168 resurrections,

210 5183 239 5237 in
258 5183 368 5254 epitom.
387 5185 518 5239 controv.
531 5188 552 5240 t.
570 5180 605 5236 de
618 5181 702 5236 verbo
716 5181 769 5236 Dei
787 5197 848 5252 cap.
864 5186 904 5239 12.
917 5191 1044 5240 recenset
1067 5183 1125 5239 sive
1149 5184 1177 5239 iu
1202 5184 1410 5239 resurrectionis
1435 5184 1563 5257 analoga.
1600 5183 1681 5239 Prius
1707 5184 1745 5240 ad
1770 5191 1908 5259 mortuns,

209 5269 283 5339 loca,
311 5271 340 5325 in
360 5269 463 5342 quibus
481 5269 665 5340 corruptelam
682 5269 807 5341 aliquam
825 5269 913 5324 textui
933 5269 1041 5327 Graeco
1066 5270 1203 5339 posterius
1220 5270 1258 5325 ad
1275 5285 1337 5336 eos,
1364 5287 1435 5341 quos
1452 5270 1619 5325 norissimus
1636 5270 1695 5329 dies
1712 5269 1912 5342 deprehendet

209 5357 281 5413 Novi
292 5357 462 5413 Testamenti
475 5357 589 5412 subesse
601 5355 783 5424 arbitrantur,
802 5356 852 5410 sed
863 5356 937 5410 hunc
949 5356 1040 5427 ipsum
1065 5355 1153 5424 vivos,
1171 5361 1287 5428 spectat
1324 5361 1349 5414 6.
1365 5356 1471 5412 Eadem
1491 5356 1573 5413 lectio
1589 5357 1681 5428 magis
1696 5356 1907 5428 magnidicam

209 5443 299 5497 locnm
317 5444 499 5514 apostolicum
518 5442 754 5516 praetermittunt,
782 5458 837 5497 non
863 5443 1038 5513 praetermis·
1065 5442 1126 5499 loco
1157 5449 1176 5499 1.
1195 5441 1319 5500 Thessal.
1345 5450 1369 5500 4.
1394 5452 1427 5499 ut
1451 5444 1573 5501 ostendit
1597 5443 1710 5501 collatio
1735 5443 1834 5502 versia
1856 5453 1927 5508 lt:-

208 5529 265 5584 ruri
283 5529 393 5601 ntique,
411 5529 434 5583 si
453 5528 520 5601 quid
539 5529 657 5585 mendae
676 5529 708 5584 in
723 5545 756 5585 eo
773 5529 960 5613 agnovissent
1065 5530 1128 5585 Hoc
1150 5531 1270 5585 ἀίοὲμιοο
1296 5532 1373 5585 cobis
1395 5531 1425 5584 in
1448 5532 1530 5586 serbo
1549 5531 1670 5588 Domini
1686 5530 1731 5601 [id
1747 5533 1906 5604 respondet
