4104 6014
202 176 264 233 340
797 163 920 222 Locus
938 160 1142 219 VIDESIMUS
1161 162 1309 221 SEXTUS

213 321 304 376 solum
335 321 424 376 Deum
457 337 517 376 esse
547 318 732 388 laudandum,
764 318 874 373 omnino
906 317 1045 386 requirere
1068 333 1179 388 gressus
1207 317 1309 373 Christi
1335 317 1364 372 in
1394 317 1485 388 ipsum
1508 316 1614 372 coelum
1639 314 1693 370 hoc
1720 313 1796 370 facto
1825 328 1905 385 prae·

206 408 331 473 videtur,
359 423 497 478 quamque
528 405 647 476 probant
674 404 761 460 verba
788 405 946 459 immediate
964 410 1040 457 ante·
1067 402 1240 474 figuraretur.

206 494 343 562 cedentia,
362 495 484 547 exaltate
500 495 656 547 Dominum
669 495 763 547 Deum
780 500 913 560 noctram,
932 497 960 544 et
978 490 1041 543 sub·
1103 496 1161 547 4³7.
1200 494 1225 547 2.
1258 492 1378 562 Anpelia
1408 493 1444 544 ab
1475 491 1632 546 hominibus
1663 489 1848 561 prudentibus
1877 493 1904 540 st
1917 489 1938 530 2
1917 491 2003 582 ”App

208 581 360 651 sequentia,
381 581 496 648 Moyses
512 588 540 633 et
551 581 704 634 Aaronem
715 579 907 633 sacerdotebus
920 579 996 646 eiua,
1016 583 1041 629 et
1066 576 1124 644 piis
1140 578 1273 631 adoratio
1292 579 1349 640 fuit
1367 579 1497 641 cohibita,
1520 577 1590 634 Gen.
1607 582 1646 633 18.
1658 583 1687 631 et
1702 581 1741 631 ι9.
1762 575 1845 632 Num.
1859 579 1903 630 22
1917 594 1962 633 tute
1976 603 2003 632 ex

211 667 785 736 Samuelmtereosqusinooeontaomen
799 665 1042 734 ojus,1temcausa
1068 661 1127 718 Jos.
1145 669 1169 719 5.
1190 680 1224 717 ea
1241 680 1307 717 vero
1327 682 1381 718 non
1401 666 1465 734 suit
1484 665 1619 718 odoratio
1638 664 1747 731 civilis,
1766 663 1820 715 sed
1834 661 1902 715 reli·
1917 646 2003 740 ffflffi

208 752 305 806 addita
306 769 388 822 qma
396 761 510 806 nanetus
520 751 732 820 epse,utLXX
725 756 837 821 interpr.
845 749 1042 818 reddideruntl
1067 749 1157 817 piosa,
1168 768 1250 820 quam
1260 752 1444 820 angelilioucl
1456 751 1716 822 insitii-eoeperunt.
1743 747 1904 819 Responde·
1917 749 1952 790 ²2
1966 749 2003 788 ³0¹

208 838 236 892 in
258 837 366 893 fumum
394 838 454 892 abit
482 837 642 893 Bellarmini
665 845 873 908 argumentum,
904 837 970 908 quia
994 835 1042 891 ob·
1069 854 1139 904 mus,
1156 844 1177 892 l.
1191 837 1329 908 Angelis
1322 857 1350 891 m
1368 838 1459 910 figura
1467 841 1581 893 externa
1590 836 1791 908 apparentibus
1803 835 1900 890 adora·

205 927 311 994 jectum
334 924 408 979 illius
427 924 596 979 adorationis
618 941 673 978 non
693 924 870 978 constituitur
887 939 966 992 arca,
993 922 1042 977 sed
1069 923 1172 979 tionem
1192 923 1343 980 exhibitam
1363 924 1450 979 fuisse
1469 924 1655 989 concedimus,
1673 923 1722 979 sed
1741 921 1902 994 religiosam

208 1010 344 1065 Dominus
368 1010 497 1066 habitans
524 1028 608 1082 snper
634 1028 728 1065 arcam
753 1011 784 1066 in
811 1011 900 1065 medio
925 1010 1043 1064 duorum
1069 1026 1102 1064 ac
1127 1009 1248 1066 divinam
1275 1028 1337 1066 eam
1355 1012 1442 1066 fuisse
1459 1029 1608 1083 negamus,
1634 1012 1701 1082 quia
1720 1009 1848 1081 nuspiam
1866 1008 1906 1063 le-

208 1096 365 1151 Cherubim.
405 1104 430 1152 5.
454 1096 531 1151 Deus
549 1097 678 1167 nuspiam
697 1096 847 1161 mandavit,
866 1103 898 1151 ut
914 1096 1043 1167 religiose
1069 1101 1174 1166 guntur
1199 1097 1291 1168 angeli
1316 1103 1348 1152 ut
1372 1097 1566 1153 intercessores
1592 1098 1637 1152 vel
1663 1096 1844 1166 opitulatores
1868 1091 1905 1147 ab

208 1182 370 1260 adoraretur
389 1184 447 1238 sive
464 1182 641 1237 invocaretur
657 1201 736 1247 arca,
763 1183 813 1237 sed
832 1199 892 1238 sese
911 1180 1043 1254 peculiari
1070 1182 1127 1236 ullo
1158 1190 1316 1238 sanctorum
1348 1190 1423 1238 recte
1452 1184 1587 1239 sentiente
1616 1182 1745 1256 religiose
1774 1179 1906 1247 invocati,

210 1271 291 1326 modo
313 1271 435 1342 gratiam
453 1276 628 1341 praesentem
647 1270 676 1325 in
694 1270 876 1325 tabernaculo
894 1270 930 1323 ad
948 1287 1042 1324 arcam
1070 1268 1137 1339 quin
1156 1269 1248 1338 potius
1267 1270 1360 1341 angeli
1380 1270 1454 1325 hunc
1479 1271 1625 1342 religiosae
1652 1268 1822 1324 adorationis
1847 1266 1906 1322 cul-

209 1356 328 1412 foederis
355 1357 465 1411 adorari
492 1356 585 1428 jussit.
633 1356 731 1429 Neque
758 1356 847 1435 sancti
875 1356 927 1409 viri
956 1355 1043 1426 ipsam
1071 1361 1128 1410 tum
1149 1356 1201 1411 sibi
1226 1356 1349 1411 delatum
1367 1357 1563 1427 repudiarunt,
1590 1362 1622 1411 ut
1637 1362 1746 1411 censat
1764 1372 1797 1410 ex
1816 1352 1906 1423 Apoc.
1924 1358 2001 1400 xvlss·

209 1460 301 1497 arcam
326 1442 460 1508 foederis,
493 1444 541 1499 sed
579 1444 670 1498 Deum
699 1443 740 1498 ad>
768 1460 862 1498 arcam
885 1444 1042 1498 adorarunt.
1073 1447 1112 1498 19.
1132 1449 1159 1497 et
1177 1447 1217 1498 22.
1256 1448 1279 1498 2.
1299 1442 1436 1500 Nimirum
1455 1461 1556 1498 nomen
1574 1442 1744 1498 adorationis
1764 1440 1906 1511 duplicem

213 1537 234 1584 1.
256 1529 319 1584 Par.
341 1535 386 1595 13,
415 1548 441 1584 v.
465 1537 494 1586 d:
520 1530 679 1584 Adscendit
697 1530 800 1583 Dauid
830 1538 857 1583 et
886 1530 976 1583 omnia
999 1530 1043 1582 vir
1070 1528 1100 1583 in
1133 1528 1282 1601 Scripturis
1309 1529 1417 1584 obtinet
1434 1529 1674 1601 significationem,
1697 1528 1852 1598 propriam
1880 1533 1906 1579 et

210 1617 305 1671 Iaroil
329 1618 370 1669 acl
393 1616 492 1671 collem
511 1616 747 1686 Kiriotiiieorirn,
774 1617 824 1686 qui
847 1624 887 1669 cst
906 1617 936 1670 in
954 1616 1045 1684 Judo,
1071 1616 1262 1685 impropriam.
1301 1616 1415 1687 Propria
1439 1615 1604 1687 significatio
1634 1622 1690 1684 est,
1723 1613 1836 1686 quando
1861 1629 1907 1667 ac·

210 1711 240 1756 ut
262 1705 379 1773 afferret
401 1703 467 1755 inde
487 1720 584 1756 arcam
603 1704 724 1757 Domini
739 1704 800 1755 Dei
818 1703 941 1756 sedentia
960 1719 1045 1772 cuper
1070 1702 1170 1769 cipitur
1193 1720 1243 1773 pro
1269 1703 1348 1758 cultu
1371 1704 1501 1774 religioso
1526 1705 1635 1759 interno
1657 1720 1691 1757 ac
1713 1703 1820 1768 divino,
1852 1716 1909 1770 quo

213 1789 372 1855 Cherubim,
390 1776 466 1863 ιιιιι
488 1806 573 1858 super
591 1807 689 1859 ιιιιαιιι,
709 1790 752 1843 vel
764 1790 814 1842 ubi
831 1789 987 1844 invocatum
1005 1795 1046 1843 est
1071 1790 1162 1845 Deum
1180 1789 1270 1860 ipsum
1289 1790 1377 1845 omnis
1396 1788 1462 1845 boni
1483 1796 1623 1847 auctorem
1642 1804 1822 1858 veneramur3
1858 1787 1909 1841 im-

211 1892 310 1929 nomen
332 1876 467 1944 Domini,
497 1879 616 1946 utroque
644 1875 718 1929 enim
743 1876 826 1930 modo
849 1875 921 1930 verti
945 1880 1045 1947 potest.
1072 1876 1185 1948 propria
1212 1876 1379 1948 significatio
1407 1883 1463 1947 est,
1492 1879 1604 1949 quando
1627 1877 1763 1950 accipitur
1787 1893 1839 1947 pro
1864 1891 1910 1929 ex·

211 1961 307 2016 Psalm
330 1966 386 2029 1³2,
403 1979 429 2015 v.
452 1968 482 2016 l:
502 1962 696 2018 Adorobimus
713 1963 755 2015 ad
772 1962 925 2015 scabellum
937 1964 1045 2031 pedum
1073 1970 1152 2019 terna
1171 1963 1334 2034 reverentia,
1351 1980 1408 2034 qua
1427 1963 1470 2018 vel
1483 1964 1598 2034 angelos
1609 1963 1653 2019 vel
1666 1963 1801 2033 homines,
1819 1977 1910 2032 reges,

212 2049 282 2116 eiua.
318 2047 381 2103 Hoc
399 2048 482 2102 LXX
509 2048 674 2119 interpretes
695 2053 723 2103 et
748 2050 863 2120 vulgata
881 2049 968 2104 latina
987 2067 1045 2105 ver·
1072 2050 1212 2148 principes
1238 2057 1267 2106 et
1294 2050 1367 2103 viros
1400 2048 1549 2104 honoratos
1577 2050 1657 2105 nobis
1689 2053 1851 2146 praesentes
1881 2051 1912 2101 et

212 2135 261 2202 sio,
285 2151 376 2206 aqua
392 2135 559 2191 Bellarmino
584 2136 621 2191 ob
638 2137 744 2192 fulmen
761 2137 919 2191 Tridentini
937 2137 1046 2192 concilii
1073 2136 1237 2207 conspicuos
1260 2114 1438 2192 honoramus.
1479 2135 1561 2191 Hane
1583 2136 1773 2191 adorationem
1798 2133 1822 2187 si
1845 2132 1911 2188 Bel·

211 2223 347 2278 nonlicet
367 2222 517 2288 discedere,
536 2223 577 2279 sic
596 2223 790 2292 reddiderunt:
808 2223 1047 2298 προσκυνήσωμεν
1072 2223 1206 2277 larminus
1226 2239 1327 2278 vocam
1345 2222 1415 2276 nolit
1432 2221 1540 2276 civilem
1557 2239 1590 2276 ac
1607 2221 1768 2293 politicam,
1785 2219 1911 2292 appellet

214 2313 252 2370 ιις
277 2307 326 2363 τὸν
353 2307 455 2375 τόπον,
479 2330 513 2363 ου
539 2311 658 2378 ἔστησαν
685 2314 713 2364 οι
741 2310 823 2371 addae
849 2310 949 2375 αὐτοῦ,
976 2313 1044 2364 odo·
1072 2314 1226 2378 externam,
1253 2309 1416 2380 angelicam,
1445 2308 1593 2363 humanam
1622 2307 1790 2376 (casurus
1782 2324 1812 2361 m
1828 2305 1909 2361 euch.

212 2395 369 2449 radimus
357 2415 387 2449 sn
408 2397 480 2467 loeo,
501 2397 693 2451 alisteterunt
710 2400 797 2466 pedae
814 2398 883 2466 eius.
913 2396 1046 2453 6.Inhoc
1071 2411 1136 2466 pag.
1159 2401 1217 2452 398.
1241 2397 1375 2450 honorem
1401 2397 1562 2463 hamanum)
1579 2394 1624 2448 vel
1641 2409 1808 2464 quocunque
1824 2391 1909 2447 modo

212 2483 272 2554 ipso
296 2484 398 2538 Psalm.
421 2489 462 2539 99
488 2484 580 2552 (juxta
597 2483 683 2538 Hebr.
710 2478 952 2554 computationem)
976 2503 1001 2539 ιι.
1021 2490 1046 2540 9
1072 2500 1170 2539 vocare
1195 2482 1274 2548 velit,
1301 2483 1383 2538 modo
1413 2487 1561 2553 agnoscat,
1587 2498 1649 2536 eam
1676 2498 1732 2535 non
1757 2497 1817 2535 esse
1845 2497 1909 2576 pro-

213 2571 326 2625 evidens
360 2570 444 2640 hujus
480 2568 690 2656 significationis
725 2569 843 2626 habetur
881 2572 1045 2643 exemplum,
1071 2570 1169 2641 priam,
1188 2587 1240 2625 nee
1259 2569 1388 2638 divinam,
1416 2586 1467 2624 nec
1485 2568 1643 2639 religiosam
1663 2567 1758 2622 stricte
1777 2566 1852 2621 etin
1872 2564 1909 2619 ri-

210 2645 294 2732 ἰιιιιι
321 2639 387 2731 ἰιι
417 2657 464 2706 ιιιι
474 2645 550 2731 ιιιιη
579 2658 701 2710 adorate
734 2658 776 2709 ad
805 2666 922 2711 montem
947 2660 1030 2713 vel'
1017 2677 1047 2712 ιιι
1072 2673 1139 2727 gore
1162 2661 1320 2726 acceptam,
1352 2655 1380 2710 id
1406 2655 1481 2725 quod
1505 2655 1724 2710 demonstramus
1747 2653 1801 2707 hoc
1826 2669 1910 2750 argu-

212 2751 304 2798 mente
322 2743 482 2798 sanctitatis
501 2745 559 2797 sive
579 2751 677 2798 soracte
696 2743 768 2813 ejus,
785 2746 918 2813 orsorriam
934 2755 1047 2800 sanctus
1073 2749 1172 2798 mento.
1220 2742 1308 2795 Unius
1335 2740 1464 2794 vocabuli
1496 2756 1553 2794 una
1581 2744 1690 2795 tantum
1724 2745 1766 2794 est
1796 2737 1909 2809 propria

213 2831 354 2884 Dominus
374 2832 454 2883 Deus
478 2838 588 2898 nomer,
615 2829 664 2883 ubi
690 2846 771 2885 nemo
796 2830 898 2901 poterit
915 2829 1047 2902 cogimre,
1072 2827 1253 2900 significatio,
1289 2826 1413 2897 reliquae
1439 2826 1528 2880 sunt
1520 2825 1685 2896 impropriae
1710 2842 1743 2880 ac
1762 2824 1908 2895 figuratae.

212 2916 303 2986 ipsum
335 2922 456 2971 montem
489 2922 631 2982 sanctum,
660 2914 689 2969 in
716 2933 771 2987 quo
798 2922 967 2972 emtructum
993 2917 1047 2972 fuit
1072 2915 1148 2986 Ergo
1198 2912 1363 2969 vocabulum
1409 2913 1577 2969 adorationis
1616 2912 1728 2983 proprie
1764 2911 1909 2981 accipitur,

212 3002 361 3074 templum,
389 3003 518 3073 religiose
543 3002 629 3057 fuisse
653 3003 800 3057 adoratum
826 3009 911 3075 atque
935 3005 1045 3060 invoca-
1073 3001 1185 3073 quando
1209 3002 1244 3056 ad
1263 3000 1355 3054 Deum
1377 3005 1546 3067 creatorem,
1571 2999 1616 3054 vel
1641 2999 1753 3070 quando
1777 2999 1814 3052 ad
1831 3014 1908 3054 crea-

212 3095 280 3144 tum.
321 3096 343 3145 ι.
368 3088 398 3143 Si
422 3088 485 3144 ideo
509 3089 637 3161 religiose
655 3089 772 3143 colenda
786 3094 816 3144 et
833 3089 976 3146 adoranda
993 3092 1047 3148 fuit
1071 3093 1163 3156 tures,
1194 3087 1308 3159 angelos
1325 3087 1385 3144 scil.
1411 3092 1440 3141 et
1463 3086 1594 3156 homines,
1611 3086 1731 3142 refertur
1750 3085 1909 3156 <utrobique

213 3191 292 3244 arca,
318 3175 383 3245 quia
407 3180 519 3245 saneta,
550 3174 634 3230 etiam
656 3176 696 3246 pii
714 3175 742 3230 in
762 3174 805 3229 his
823 3176 901 3232 terris
922 3178 1046 3234 viventes
1073 3175 1146 3229 enim
1165 3175 1305 3245 propriam
1323 3172 1555 3245 significationem
1576 3172 1702 3227 obtinere
1721 3171 1827 3244 nequit,
1846 3188 1909 3227 eum

212 3259 342 3332 religione
363 3260 415 3314 coli
440 3265 469 3316 et
493 3260 601 3316 adorari
622 3267 753 3332 possunt,
783 3262 849 3332 quia
866 3262 919 3333 ipsi
937 3281 1046 3336 quoque
1072 3277 1117 3315 res
1137 3261 1205 3330 ipsa,
1225 3260 1354 3315 videlicet
1374 3260 1464 3314 cultus
1481 3260 1541 3314 Deo
1560 3266 1587 3314 ct
1605 3260 1739 3315 creaturis
1758 3257 1909 3327 exhibitus,

213 3347 393 3402 sanctisunt.
439 3347 510 3401 item
528 3347 634 3415 altaria,
654 3364 722 3401 vasa
740 3363 828 3411 sacra,
848 3353 939 3403 vestes
958 3366 1046 3405 sacer·
1074 3365 1129 3403 non
1147 3348 1184 3401 sit
1201 3346 1288 3413 idem,
1313 3347 1362 3402 sed
1382 3351 1439 3400 toto
1460 3364 1562 3417 genere
1582 3346 1727 3413 diversus).
1764 3344 1907 3401 Posterius

214 3433 321 3488 dotales
346 3440 397 3488 etc.
424 3432 552 3502 religiose
578 3438 660 3487 erunt
682 3431 816 3489 colendae
833 3439 861 3490 et
881 3435 1047 3501 adorandae,
1074 3433 1129 3488 dici
1159 3434 1269 3504 nequit,
1303 3433 1327 3487 si
1358 3433 1430 3487 enim
1461 3440 1502 3487 est
1531 3433 1656 3487 adoratio
1683 3432 1794 3501 proprie
1826 3431 1909 3500 dicta,

216 3519 282 3591 quia
305 3524 333 3574 et
359 3519 436 3588 ipsae
454 3525 518 3573 sunt
537 3535 642 3573 sacrae.
678 3518 718 3572 At
736 3536 908 3592 consequere
927 3520 979 3578 hoc
999 3522 1047 3578 ab·
1075 3519 1186 3592 quando
1219 3519 1258 3590 pii
1284 3519 1415 3573 dicuntur
1448 3519 1562 3589 angelos
1598 3518 1651 3572 sibi
1685 3524 1854 3588 apparentes
1883 3523 1911 3572 et

216 3605 338 3660 surdum.
373 3604 403 3659 Si
426 3603 488 3658 ideo
511 3604 641 3674 religione
665 3603 782 3659 colenda
804 3606 860 3661 fuit
876 3623 955 3677 mea,
982 3610 1049 3680 quia
1076 3607 1147 3661 viros
1167 3606 1314 3662 honoratos
1333 3605 1478 3671 adorasse,
1503 3622 1675 3675 consequens
1694 3605 1759 3666 erit,
1780 3621 1841 3660 esse
1861 3605 1909 3659 im·

216 3689 269 3744 suit
286 3690 438 3745 scabellum
458 3688 560 3759 pedum
574 3689 636 3757 Dei,
658 3689 742 3744 etiam
760 3695 834 3746 terra
854 3692 906 3748 erit
919 3693 1050 3765 religiose
1076 3692 1186 3764 proprie
1205 3692 1308 3747 dictam
1326 3692 1523 3756 adorationem,
1540 3692 1653 3763 quando
1670 3693 1762 3746 Deum
1781 3692 1911 3746 adorasse

217 3775 333 3831 colenda
352 3781 380 3830 et
398 3774 552 3841 adoranda,
575 3773 643 3845 quia
661 3776 767 3830 coelum
787 3781 867 3833 sedes
886 3781 953 3844 Dei,
972 3789 1051 3835 tarra
1076 3780 1214 3835 dicuntur.
1252 3778 1292 3833 At
1314 3778 1366 3834 hoc
1393 3795 1565 3848 consequens
1583 3777 1692 3833 admitti
1710 3777 1789 3832 nulla
1805 3780 1912 3833 ratione

216 3867 307 3913 autem
334 3862 488 3914 scabellum
508 3862 613 3929 perium
638 3860 699 3928 ejus
725 3861 770 3918 Es.
790 3869 832 3929 66,
858 3883 883 3918 ι.
906 3871 925 3920 l.
951 3865 1051 3922 Oonae·
1077 3872 1181 3937 potest,
1206 3883 1269 3920 cunr
1290 3864 1483 3934 improprietas
1502 3864 1711 3935 significationis
1733 3866 1911 3935 conjunctam

216 3963 304 4016 quens
322 3947 416 4002 itidem
437 3946 589 4001 absurdum
607 3953 636 4001 et
652 3946 756 4015 ἀσεβές.
788 3954 811 4004 8.
830 3949 1005 4022 Augustinus
1022 3954 1050 4008 in
1076 3952 1180 4007 habeat
1205 3953 1245 4006 rei
1266 3951 1353 4021 ipsius
1388 3951 1638 4022 improprietatem,
1658 3953 1719 4022 jam
1739 3967 1803 4004 vero
1821 3951 1912 4005 cultus

215 4031 319 4087 Psalm.
338 4039 379 4090 98.
401 4034 517 4104 mystice
538 4033 729 4087 accommodat
749 4035 784 4088 ad
805 4034 907 4091 Christi
931 4055 1050 4094 carnem.
1078 4039 1188 4093 divinae
1218 4036 1387 4092 adorationis
1419 4043 1461 4092 est
1494 4036 1610 4092 maxime
1637 4036 1774 4107 proprius.
1817 4035 1914 4090 Manet

217 4121 388 4189 Fluctua-na,
415 4121 520 4193 inquit,
545 4130 673 4175 converto
693 4138 734 4175 me
752 4125 793 4175 od
810 4121 965 4194 Christum,
985 4127 1052 4195 quia
1078 4125 1162 4196 igitur
1191 4123 1283 4194 prius,
1314 4123 1444 4178 videlicet
1470 4123 1545 4176 illam
1573 4124 1683 4177 demum
1715 4139 1774 4177 esse
1801 4120 1912 4192 proprie

217 4208 309 4278 ipsum
331 4208 500 4277 quaerelis
521 4216 546 4261 et
567 4207 692 4276 invenio,
720 4211 936 4276 quartodecimo
955 4213 1052 4281 impie·
1079 4212 1181 4265 dictam
1202 4215 1231 4264 et
1250 4209 1397 4280 gloriosam
1415 4209 1620 4273 adorationem,
1639 4209 1751 4280 quando
1771 4208 1849 4263 Deus
1872 4209 1911 4262 di·

218 4302 275 4348 tate
293 4297 429 4350 adoretur
447 4295 598 4349 scabellum
613 4297 719 4366 pedum
738 4296 815 4364 ejus,
839 4299 961 4368 suscepit
978 4301 1052 4353 enim
1078 4297 1150 4352 citur
1179 4312 1197 4349 a
1220 4295 1275 4366 piis
1305 4297 1446 4359 adoratus,
1474 4314 1507 4351 cx
1535 4312 1589 4366 quo
1618 4312 1698 4364 porro
1725 4295 1912 4366 consequitur.

219 4384 254 4434 <le
283 4390 361 4435 terro
390 4389 507 4448 terram,
538 4380 607 4450 quia
636 4397 704 4435 coro
731 4382 766 4434 de
793 4390 870 4436 terra
901 4392 942 4437 est
966 4393 993 4439 ei
1019 4387 1053 4439 de
1079 4384 1267 4440 adorationem
1292 4384 1400 4456 angelis
1422 4389 1450 4439 et
1470 4383 1628 4438 hominibus
1648 4383 1768 4438 delatam
1787 4399 1848 4438 esse
1866 4382 1914 4435 im·

219 4485 305 4521 comte
320 4468 437 4521 „isariae
457 4475 564 4520 ter-rom
583 4467 698 4536 occepit,
718 4475 744 4520 et
763 4467 830 4536 quia
850 4469 879 4521 in
892 4469 957 4541 ipso
969 4489 1054 4526 come
1081 4471 1228 4540 propriam,
1247 4477 1398 4538 externam,
1415 4469 1564 4541 politicam,
1585 4486 1641 4524 non
1655 4476 1750 4525 autem
1763 4468 1914 4539 propriam,

219 4554 264 4607 lio
282 4553 433 4606 ambularit
452 4562 478 4606 et
495 4554 587 4623 ipsam
607 4570 720 4607 carnem
733 4555 813 4608 nolis
827 4558 1055 4613 manducandam
1082 4557 1202 4611 divinam
1226 4563 1255 4613 et
1278 4558 1445 4629 religiosam.
1484 4561 1507 4610 3.
1532 4555 1566 4610 Id
1592 4555 1684 4625 ipsum
1702 4555 1813 4609 videtur
1829 4572 1916 4626 agno·

220 4642 260 4694 ιιιι
278 4640 397 4693 salertam
416 4641 505 4706 dedit,
524 4658 603 4695 nemo
616 4650 708 4694 autem
722 4640 803 4695 illam
815 4659 928 4697 earnem
939 4648 1056 4701 mandu-
1081 4660 1156 4699 scere
1176 4645 1321 4714 Costerue,
1352 4642 1464 4714 quando
1481 4643 1509 4696 in
1530 4640 1607 4698 anch.
1626 4658 1690 4712 pag.
1712 4647 1770 4697 ιιι.
1791 4641 1831 4695 sic
1850 4641 1916 4696 scri·

219 4734 275 4794 cot,
291 4725 349 4780 nisi
369 4727 453 4794 prius
471 4727 643 4781 adoraverit.
672 4728 819 4781 irruentum
839 4737 896 4799 est,
917 4735 1056 4800 quomodo
1083 4731 1139 4786 bit:
1160 4731 1348 4785 Adorotionis
1366 4747 1418 4784 voe
1438 4729 1546 4782 ιιιιιιιιιιι
1564 4729 1816 4797 madascaptmr.
1848 4727 1916 4794 Uno,

221 4815 358 4868 artaretur
384 4812 442 4866 tale
470 4813 624 4867 scabellum
654 4815 760 4883 pedum
786 4815 908 4869 Domini
941 4826 967 4872 et
1000 4838 1055 4874 non
1081 4824 1111 4870 ut
1136 4817 1193 4871 coli
1210 4820 1275 4872 Deo
1295 4816 1455 4882 conveniat·
1483 4815 1587 4882 altero,
1611 4822 1640 4867 ut
1662 4815 1746 4869 etiam
1766 4815 1916 4869 creaturis.

220 4902 311 4955 solum
336 4917 393 4954 non
405 4916 554 4968 peccemus
574 4901 740 4964 odmundo,
767 4903 980 4971 reciprocamus
999 4923 1056 4961 non
1082 4905 1122 4957 Et
1153 4903 1310 4973 posteriori
1326 4902 1449 4971 ¹quidem
1482 4903 1566 4956 modo
1598 4901 1741 4970 significat
1774 4909 1917 4956 alanum

221 4989 382 5043 odorando.
422 4984 478 5042 Sed
497 4984 575 5039 nulla
593 4985 758 5042 necessitate
775 4986 902 5057 cogimur
920 5004 938 5042 a
955 4987 1056 5045 literali
1082 4990 1204 5058 aliquem
1230 4989 1334 5042 cultum
1352 4994 1402 5040 aut
1418 4988 1639 5056 venerationem,
1668 4995 1699 5042 ut
1719 4988 1853 5042 arioratio
1880 4987 1918 5040 sit

221 5089 305 5127 sensu
328 5071 478 5128 discedere.
524 5076 547 5128 9.
568 5071 752 5126 Bellarminus
778 5073 854 5127 'inter
872 5080 965 5130 cetera
983 5093 1056 5134 asse·
1081 5084 1224 5131 externum
1247 5077 1380 5130 honorem
1403 5075 1542 5142 celtibera,
1571 5083 1656 5146 caput
1678 5075 1807 5144 aperire,
1834 5090 1918 5143 penu·

222 5159 271 5229 rit,
298 5164 412 5230 propter
438 5158 570 5213 honorem
598 5173 679 5213 arcae
705 5157 842 5214 neminem
870 5162 995 5232 potuisse
1013 5164 1054 5218 in-
1076 5164 1205 5233 stactae,
1231 5162 1261 5214 in
1278 5168 1383 5216 ιιιιαιιι
1403 5178 1433 5215 se
1451 5162 1588 5231 abjicere,
1614 5162 1663 5229 qui
1681 5161 1772 5214 Ιιοιιοι·
1789 5160 1857 5214 olim
1873 5177 1917 5214 re·

222 5244 301 5315 gredi
321 5253 418 5299 sancta
434 5248 602 5311 sanctorum,
621 5242 670 5297 ubi
689 5243 737 5297 illa
755 5251 824 5313 arat,
844 5246 898 5300 nisi
917 5265 1054 5302 summum
1081 5250 1161 5320 pibus
1179 5248 1332 5302 laudabatur
1350 5256 1374 5302 et
1392 5265 1465 5301 nuno
1479 5264 1586 5316 quoque
1595 5247 1762 5316 perentitur
1774 5247 1817 5300 nel
1825 5263 1917 5316 pras·

221 5328 380 5400 pontificem
399 5329 483 5385 semel
501 5327 530 5382 in
543 5344 625 5385 anno.
662 5327 718 5383 Sed
738 5336 849 5385 constat
864 5349 898 5386 ex
916 5336 997 5403 epist.
1017 5335 1053 5387 ad
1079 5334 1238 5406 septoribm
1262 5335 1375 5404 offenais
1397 5335 1454 5399 filii
1472 5342 1498 5387 et
1517 5333 1656 5403 discipuli
1675 5333 1819 5403 supplicae
1836 5334 1917 5398 fiunt.

223 5415 307 5470 Hebr.
337 5433 449 5471 causam
480 5416 564 5488 huJus
594 5415 635 5469 rei
665 5414 750 5470 fuisse
778 5418 919 5488 typicam,
951 5426 983 5475 ut
1011 5420 1051 5475 in-
1079 5440 1106 5493 p.
1125 5427 1183 5477 398.
1204 5419 1278 5475 hunc
1295 5419 1427 5477 honorem
1441 5424 1521 5476 voest
1532 5419 1688 5486 lusitanum,
1707 5418 1918 5474 venerationem
