4104 6014
224 221 264 278 96
673 261 676 266 .
817 215 941 274 locos
957 214 1163 273 mosamius
1180 215 1327 275 SEXTUS

224 366 293 422 dant
310 369 347 424 ad
367 371 502 434 animam,
527 387 579 425 nec
601 370 695 426 anima
718 372 778 443 agit
802 389 852 443 per
876 370 998 442 corporis
1016 371 1056 424 in·
1082 386 1137 424 000
1155 377 1247 440 potest
1264 372 1300 426 ds
1320 376 1438 444 utroque
1453 389 1487 428 ex
1504 389 1593 445 aequo
1607 373 1768 444 praedicari.
1797 372 1913 427 Assum·

223 463 420 525 strumentum,
451 457 500 511 sed
526 463 654 527 separata
679 457 747 510 01011
776 472 809 511 80
836 456 976 526 subsistit,
1005 472 1056 513 nec
1080 463 1139 511 tum
1156 457 1289 528 probatur
1312 477 1345 515 ex
1372 459 1421 515 illo
1445 459 1506 530 ipso
1526 460 1676 516 salvatoris
1697 460 1787 515 dicto:
1815 458 1913 514 Nolite

223 543 383 597 dissolvitur
399 549 448 597 aut
465 542 577 610 fatiscit,
595 543 668 597 sicut
684 560 784 613 corpus
802 544 831 597 in
851 559 902 597 sua
918 541 1056 613 principia
1081 544 1176 596 timere
1200 563 1262 613 eos,
1294 547 1345 615 qui
1367 563 1468 615 corpus
1487 547 1631 611 comdant,
1662 549 1786 601 animam
1817 552 1910 599 autem

223 629 387 698 resolutum,
411 630 461 684 sed
485 635 564 685 extra
582 646 682 701 corpus
702 629 855 684 subsistens
873 628 1055 683 immortalem
1081 631 1208 684 occidere
1219 649 1274 685 non
1289 641 1414 701 possunt,
1432 632 1481 686 ubi
1493 633 1669 688 manifestum
1681 641 1730 699 est,
1749 631 1913 688 occisionem

222 716 283 786 agit
307 716 392 770 vitam
416 722 501 786 atque
525 715 561 769 ab
588 715 661 769 omni
687 712 808 785 corporis
835 714 997 769 commercio
1014 731 1055 768 se·
1082 716 1117 770 de
1136 733 1250 788 corpore
1275 719 1429 789 praedicari
1446 718 1597 786 affirmate,
1622 719 1657 774 de
1672 719 1764 774 anima
1780 735 1845 773 vero
1865 733 1911 771 ne·

222 807 298 856 mota
325 802 354 855 in
387 807 462 855 certo
492 798 549 855 nori
581 809 754 865 asservatur,
786 801 875 855 donec
906 801 1055 855 constituto
1083 808 1155 873 gate.
1193 802 1395 875 Conjungimus
1412 804 1503 859 locum
1520 804 1625 860 Eccles.
1648 811 1693 871 12,
1717 824 1744 858 0.
1763 811 1791 858 7:
1812 803 1914 857 Puluis

223 887 385 942 universalis
413 887 621 941 resurrectionis
648 886 693 941 die
711 903 812 957 corpus
837 887 931 941 divina
954 886 1056 939 virtute
1081 889 1230 942 recutitur
1248 891 1277 942 in
1296 898 1408 954 terram,
1427 893 1661 959 quemadmodum
1678 899 1763 944 antea
1777 892 1844 957 fuit,
1862 891 1914 942 sed
1929 899 1997 942 xvn.
2015 898 2048 941 tot

223 973 372 1028 excitatum
392 973 482 1027 eidem
500 974 599 1028 iterum
617 974 812 1044 conjungatur,
830 989 864 1027 ac
881 972 1056 1044 postmodum
1082 976 1199 1046 spiritus
1218 977 1295 1029 redit
1311 978 1352 1029 ad
1365 978 1467 1046 Deum,
1487 978 1536 1046 qui
1548 978 1627 1030 dedit
1640 994 1710 1031 eam.
1743 976 1772 1031 Si
1790 974 1912 1045 spiritus,

224 1059 306 1114 bomo
320 1062 426 1131 justam
440 1059 544 1131 judicis
564 1059 728 1114 sententiam
748 1059 916 1129 experiatur.
1082 1060 1136 1115 hoc
1154 1067 1196 1115 est
1214 1063 1313 1125 anima,
1333 1063 1430 1116 eodem
1448 1062 1529 1117 modo
1553 1063 1677 1117 interitui
1697 1069 1770 1118 esset
1786 1062 1914 1127 obnoxia,

263 1153 319 1203 141.
355 1147 457 1201 Anima
482 1163 548 1219 argo
574 1146 745 1201 nobilissima
774 1146 823 1201 illa
851 1145 966 1201 bominis
992 1161 1056 1216 pars
1084 1164 1138 1218 quo
1162 1165 1275 1218 corpus,
1308 1149 1404 1219 utique
1434 1166 1491 1202 non
1522 1156 1616 1218 posset
1648 1150 1720 1204 inter
1744 1149 1864 1220 corporis
1889 1155 1917 1202 01

225 1234 254 1287 10
271 1241 358 1288 morte
375 1251 430 1287 non
450 1232 557 1296 interit,
587 1233 636 1287 ssd
659 1231 819 1286 immortalis
838 1238 1009 1303 perseverat,
1027 1229 1057 1283 id
1084 1232 1191 1287 animae
1214 1240 1330 1302 statum,
1363 1252 1445 1305 quem
1475 1242 1593 1304 0100000
1622 1252 1687 1306 pars
1710 1243 1773 1307 post
1801 1241 1916 1290 mortem

170 1386 176 1397 .
225 1320 300 1391 quod
318 1319 498 1390 sequentibus
517 1318 726 1390 comprobatum
746 1319 843 1374 damus
862 1316 1057 1385 fundamentis,
1086 1320 1278 1389 consequitur,
1309 1321 1446 1391 oppositio
1477 1322 1592 1377 institui.
1645 1325 1671 1378 3.
1698 1325 1744 1376 Is'a
1766 1323 1917 1389 primaeua

225 1412 249 1460 1.
265 1425 298 1461 ea
312 1408 421 1459 dicem
435 1405 595 1460 Saloutaria
608 1405 701 1460 nostri
713 1406 873 1460 assertione.
904 1404 1003 1458 Matth.
1017 1409 1056 1466 111,
1084 1405 1196 1459 animae
1227 1409 1376 1462 creatione.
1431 1408 1580 1462 Brutorum
1613 1409 1720 1462 animae
1749 1424 1784 1462 ex
1819 1407 1916 1461 eadem

223 1510 249 1546 v.
275 1497 321 1548 28:
350 1493 481 1546 tissiraam
504 1493 632 1546 occidere
656 1511 712 1546 nan
732 1500 862 1561 possunt.
910 1490 991 1556 Quod
1017 1489 1057 1542 sic
1083 1492 1212 1560 materia,
1241 1509 1297 1563 qua
1319 1494 1441 1564 ipsorum
1464 1511 1594 1564 corpora,
1621 1494 1773 1564 productae
1791 1492 1916 1560 fuerunt,

221 1579 298 1647 vivit,
316 1585 348 1633 ut
364 1578 455 1633 occidi
473 1582 609 1648 nequeat,
628 1577 698 1631 illud
716 1584 759 1632 est
777 1576 940 1632 immortale.
977 1574 1057 1630 Occi·
1084 1578 1158 1632 unde
1177 1578 1339 1650 corporibus
1359 1580 1561 1635 intereuntibus
1574 1581 1657 1635 etiam
1675 1581 1752 1651 ipsae
1769 1579 1914 1635 intereunt.

221 1664 306 1719 sionis
325 1665 439 1736 negatio
456 1672 499 1719 est
511 1663 669 1725 ἀθανασίας
685 1668 732 1717 aul
747 1661 918 1737 ἅνωλεθρίας
930 1623 1183 1720 assertioltlenss.
1212 1671 1240 1733 1,
1267 1684 1292 1721 v.
1318 1671 1365 1721 20:
1401 1667 1483 1719 Dicit
1510 1669 1604 1734 Deus,
1636 1670 1794 1734 producant
1823 1684 1915 1735 umiae

220 1753 286 1808 lam
306 1770 371 1807 vero
390 1754 482 1807 anima
501 1753 541 1807 ita
558 1753 640 1817 01011,
659 1759 690 1806 01
710 1751 799 1807 occidi
815 1756 944 1820 nequeat
980 1748 1055 1819 Ergo
1081 1752 1184 1820 reptile
1213 1752 1324 1805 animae
1358 1753 1474 1805 meantis
1510 1761 1536 1805 et
1560 1753 1676 1806 uolatile
1705 1754 1799 1807 volitet
1830 1771 1916 1823 super

222 1846 265 1894 ast
293 1840 461 1894 immortalis.
517 1839 692 1910 Augustinus
729 1844 808 1892 tract
839 1843 882 1892 41.
910 1836 941 1889 10
976 1833 1055 1890 ,loha
1082 1845 1195 1890 temam
1214 1855 1239 1892 v.
1261 1843 1302 1894 24.
1326 1840 1473 1892 Producat
1490 1846 1569 1891 terra
1597 1841 1719 1892 animam
1736 1840 1916 1893 viventemin

224 1927 368 1989 Quomodo
394 1944 508 1979 saumas
531 1944 605 1995 sum,
631 1927 700 1994 quia
724 1942 781 1978 non
802 1925 921 1977 moritur
938 1922 1055 1976 animo!
1082 1940 1182 1991 penore
1209 1942 1274 1993 suo,
1306 1925 1431 1991 jumenta
1457 1933 1483 1978 et
1509 1926 1626 1994 reptilia
1649 1934 1675 1978 ct
1701 1926 1801 1978 hestiae
1821 1933 1915 1978 terrae

221 2015 313 2082 ipsum
342 2013 496 2066 Dominum
523 2013 595 2064 audi
617 2014 731 2064 dantem
755 2029 835 2064 00000
861 2009 1054 2062 seduntatem:
1082 2012 1234 2063 secundum
1257 2012 1363 2079 species
1386 2028 1462 2063 suas.
1511 2010 1624 2064 Homini
1646 2028 1710 2066 vero
1737 2011 1857 2065 animam
1874 2011 1914 2064 in-

222 2100 318 2154 Nots'te
337 2099 433 2151 tmere
461 2115 522 2165 eos,
549 2098 600 2168 qui
619 2115 722 2166 corpus
741 2099 886 2164 occidunt,
916 2103 940 2148 et
957 2101 1055 2163 postea
1081 2096 1204 2165 spiravit
1239 2095 1339 2151 Genea.
1354 2100 1389 2160 2,
1407 2114 1434 2149 v.
1456 2103 1488 2150 l:
1514 2098 1655 2150 Formauit
1675 2099 1816 2151 Dominus
1834 2098 1915 2150 Deus

220 2205 275 2241 non
293 2187 405 2249 babent,
429 2184 501 2253 quid
522 2185 644 2250 faciam.
688 2186 770 2238 Certe
794 2201 861 2251 erpo
885 2180 1053 2234 immortalis
1080 2184 1216 2238 bominem
1244 2185 1280 2236 de
1308 2182 1376 2237 limo
1402 2191 1496 2235 tem-ae
1522 2192 1548 2236 et
1576 2184 1730 2252 inspiravit
1753 2185 1784 2236 in
1805 2185 1913 2249 faciem

220 2282 261 2326 est
289 2275 394 2326 anima.
441 2271 505 2327 Non
537 2277 579 2324 est
602 2271 676 2341 quod
702 2287 765 2324 cum
788 2269 952 2326 Schmaltsio
978 2270 1052 2321 0001.
1080 2269 1142 2336 ejus
1159 2269 1332 2336 spiraculum
1354 2269 1441 2337 01100,
1469 2278 1495 2322 01
1515 2271 1612 2333 factus
1632 2279 1672 2322 est
1698 2269 1778 2323 bomo
1803 2272 1832 2323 in
1851 2271 1912 2322 ani-

219 2359 329 2415 b'rantz.
353 2377 381 2429 p.
402 2363 460 2414 113.
493 2356 632 2427 quispiam
658 2356 787 2427 objiciat,
816 2356 844 2410 in
875 2352 1053 2425 sequentibus
1080 2373 1153 2407 mam
1170 2355 1311 2410 maantam.
1343 2354 1426 2410 Unde
1443 2355 1483 2408 sic
1502 2354 1653 2410 inferimus.
1692 2354 1779 2426 Cujus
1797 2355 1875 2426 origo
1895 2373 1913 2410 a

219 2447 314 2502 statim
341 2445 420 2499 addi:
454 2445 558 2496 Timete
578 2460 658 2506 ,surm
688 2443 738 2511 qui
762 2450 857 2512 potest
880 2442 1002 2494 animam
1028 2445 1053 2492 et
1081 2441 1223 2495 brutorum
1235 2440 1381 2494 animabus
1395 2441 1511 2506 diversa,
1524 2443 1585 2513 ejus
1600 2459 1709 2513 quoque
1720 2458 1776 2496 000
1788 2448 1830 2496 001
1838 2442 1912 2496 idem
1928 2450 1993 2494 ivn.
2007 2450 2048 2493 tta

220 2551 322 2603 corpus
336 2531 503 2600 perderem
516 2530 661 2597 pebenna5'
676 2529 713 2583 ibi
726 2529 800 2582 enim
812 2527 952 2599 agiturde
966 2532 1053 2580 morto
1080 2543 1142 2580 cum
1157 2527 1300 2581 brutorum
1319 2527 1464 2581 animabus
1478 2527 1612 2583 interitus.
1643 2528 1785 2583 Jamvero
1804 2529 1912 2584 ammas

221 2618 352 2687 secunda,
371 2632 510 2688 quaenon
528 2614 561 2669 111
578 2615 741 2670 trucidando
754 2621 784 2668 et
800 2612 988 2679 annihilando,
1005 2610 1053 2665 sed
1080 2614 1216 2669 humanae
1233 2615 1375 2685 primaeva
1399 2613 1477 2686 origo
1500 2630 1518 2667 a
1543 2614 1685 2669 brutorum
1708 2614 1852 2669 animabus
1871 2624 1914 2670 est

221 2704 405 2761 infernalibus
422 2702 520 2774 poenis
549 2701 708 2756 cruciando.
751 2699 940 2756 Tertullianus
958 2698 993 2752 de
1012 2712 1053 2751 re·
1081 2701 1203 2769 diversa,
1241 2701 1307 2772 quia
1336 2718 1391 2756 non
1422 2718 1455 2756 ex
1486 2702 1603 2757 materia
1632 2702 1808 2770 elementari,
1839 2702 1912 2756 sicut

221 2811 290 2848 surr.
310 2789 400 2846 carnis
419 2807 478 2859 cap.
495 2794 535 2845 34.
554 2806 581 2858 p.
601 2793 665 2842 330:
692 2789 853 2856 Recepimus
872 2785 1052 2839 0010100110-
1081 2787 1224 2841 brutorum
1242 2787 1358 2856 ammae,
1379 2788 1514 2858 estfacta,
1534 2788 1583 2842 sed
1602 2788 1735 2842 divinitus
1752 2789 1861 2859 corpori
1880 2804 1913 2842 ex

221 2879 433 2943 mortalitatem,
451 2884 482 2929 ut
497 2875 613 2944 perdita
631 2892 686 2926 non
705 2875 734 2926 s'n
754 2875 894 2927 interitum
911 2873 1054 2934 credatur,
1080 2882 1153 2929 terra
1189 2873 1308 2928 formato
1343 2874 1483 2945 inspirata
1538 2875 1613 2946 Ergo
1645 2877 1754 2947 corpori
1781 2876 1913 2931 tribuitur

220 2970 273 3021 sed
289 2967 320 3020 in
338 2963 515 3033 supplicium,
533 2962 567 3014 id
586 2970 626 3013 est
644 2960 673 3013 in
686 2961 844 3030 geliennam.
879 2957 1054 3029 Augustinus
1081 2960 1181 3021 ursas
1206 2978 1239 3016 ex
1263 2967 1355 3017 terrae
1379 2962 1508 3032 pulvere,
1533 2963 1642 3016 animae
1665 2980 1730 3017 vero
1753 2962 1913 3017 immediata

221 3053 268 3108 lib.
290 3057 328 3108 13.
347 3052 382 3105 (10
400 3049 475 3104 civit
492 3047 547 3103 Dei
564 3063 625 3118 cap.
648 3053 692 3102 12:
721 3048 843 3100 Mortem
863 3045 1053 3098 1011001000-
1082 3047 1135 3103 Dei
1166 3048 1322 3121 ἔμπνευσις,
1374 3047 1495 3103 Hebraei
1526 3054 1625 3102 notant
1654 3049 1681 3103 in
1710 3049 1794 3104 verbo
1821 3050 1912 3122 0000]

220 3142 264 3194 nis
282 3139 407 3208 00001100
426 3136 489 3202 ilia,
507 3151 590 3204 00010
603 3134 752 3186 secundam
766 3140 882 3186 mortem
894 3131 1055 3184 doricorum
1082 3135 1147 3204 poni
1167 3135 1269 3205 duplex
1284 3135 1344 3206 jod,
1363 3152 1427 3189 cum
1445 3136 1610 3207 regulariter
1625 3135 1738 3191 deberet
1755 3153 1815 3191 esse
1827 3153 1912 3190 unum

221 3228 396 3295 eloquiorum
409 3221 537 3291 appellat
550 3221 712 3287 auctoritas,
733 3219 805 3272 hanc
821 3218 954 3273 Salvator
966 3216 1054 3286 tigmi-
1078 3223 1131 3293 jod
1151 3227 1180 3276 et
1197 3223 1299 3293 duplex
1317 3239 1392 3289 zero,
1417 3222 1452 3276 ad
1481 3222 1648 3277 innuendam
1669 3223 1806 3293 duplicem
1827 3223 1911 3278 homi-

220 3313 330 3379 ficaoit,
353 3311 403 3364 ubi
419 3311 475 3377 ait,
500 3327 561 3361 aum
580 3309 671 3360 timete
689 3315 738 3360 etc.
766 3307 819 3359 illa
841 3323 934 3375 poeno
953 3305 1054 3357 ultim
1081 3310 1124 3364 nis
1158 3310 1344 3375 creationem,
1380 3314 1517 3362 terrenam
1556 3309 1679 3379 corporis
1707 3316 1735 3363 01
1764 3310 1910 3364 coelestem

222 3417 256 3452 ac
273 3398 442 3468 sempiterna
459 3402 534 3448 reate
551 3412 627 3447 mors
644 3394 756 3447 animae
780 3393 893 3457 dicitur,
913 3394 980 3461 qnia
999 3410 1054 3445 non
1081 3395 1197 3451 animae.
1238 3393 1416 3448 Bernhardus
1435 3410 1553 3450 sermon.
1579 3402 1603 3451 2.
1634 3397 1669 3450 de
1698 3402 1781 3451 nativ.
1814 3395 1911 3453 Dum:

222 3485 290 3539 uiuit
309 3502 341 3537 ce
361 3484 441 3548 Deo,
468 3499 519 3536 nec
539 3481 631 3535 uivere
650 3499 753 3550 corpus
773 3481 923 3534 dmcndum
942 3487 997 3544 est,
1023 3481 1054 3532 in
1082 3483 1205 3552 Spiritus
1222 3500 1278 3534 non
1297 3498 1480 3549 communem,
1504 3484 1556 3535 sed
1574 3483 1724 3551 propriam
1747 3484 1910 3537 10101000-

221 3589 276 3640 quo
295 3570 392 3622 anima
411 3586 467 3622 non
486 3568 598 3621 uiuendi
616 3584 702 3620 causa
721 3574 776 3631 est,
795 3567 847 3618 sed
865 3566 984 3620 dolendi
1000 3571 1053 3622 etc.
1081 3571 1222 3631 ditionem,
1241 3568 1337 3620 necin
1356 3586 1452 3621 massa
1468 3577 1593 3631 creatur,
1617 3569 1911 3639 0010100010νίοΜ-

220 3655 304 3711 Adde
322 3654 396 3726 quod
414 3654 506 3708 anima
523 3670 579 3707 non
597 3652 634 3707 sit
651 3669 684 3706 00
701 3653 783 3707 modo
802 3651 980 3720 immortalis,
998 3667 1053 3722 quo
1080 3658 1147 3708 ἀωη
1167 3654 1332 3708 accedentia
1350 3655 1517 3722 inspiratur.
1557 3653 1732 3725 Augustinus
1755 3653 1802 3711 lib.
1822 3660 1848 3710 2.
1877 3655 1912 3710 de

220 3742 313 3810 Deus,
339 3738 909 3808 0110101010001110010110010000100100,
929 3737 1053 3792 0000101
1080 3741 1181 3795 Genea.
1201 3740 1238 3793 ad
1255 3739 1364 3794 literam
1389 3756 1450 3810 cap.
1470 3746 1494 3796 9.
1520 3739 1574 3793 huc
1599 3739 1791 3794 accommodat
1808 3740 1912 3795 dictum

220 3845 303 3885 sensu
331 3828 408 3881 solus
436 3828 516 3879 Deus
549 3825 651 3878 dicitur
681 3825 782 3877 babere
811 3824 1051 3877 immortalitatem
1080 3828 1178 3882 Esaiae
1200 3844 1261 3897 cap.
1281 3833 1323 3894 57,
1340 3833 1426 3882 0.16;
1447 3827 1628 3893 Animasapo
1645 3827 1712 3891 feci.
1743 3825 1913 3881 Convenien-

224 3923 247 3972 1.
266 3914 337 3971 Tim,
355 3919 385 3979 s,
409 3931 435 3967 0.
456 3918 495 3969 lo.
516 3911 565 3966 sed
591 3928 640 3980 per
660 3909 806 3965 creationis
830 3910 964 3981 gratim,
987 3909 1053 3980 quia
1079 3915 1133 3969 tius
1153 3915 1208 3968 buc
1223 3913 1341 3968 refertur
1355 3913 1431 3968 locus
1444 3914 1519 3969 Eccl.
1537 3920 1575 3982 12,
1594 3931 1619 3966 0.
1641 3922 1671 3969 7:
1692 3913 1817 3983 Spiritu
1837 3917 1912 3968 redit

223 4003 263 4057 sic
281 4020 299 4057 a
317 4003 377 4056 Deo
394 3985 508 4054 condita
525 4003 577 4066 est,
593 4005 626 4050 ut
645 4014 700 4051 non
713 3995 816 4049 habeat
826 3996 856 4049 in
869 4013 899 4050 se
916 3997 1052 4051 internum
1080 4004 1120 4054 ad
1142 4002 1247 4064 Deum,
1276 4000 1325 4069 qui
1351 4002 1431 4053 dedit
1451 4017 1527 4068 erim,
1553 4000 1605 4055 hoc
1631 3999 1761 4055 estDeus
1779 4007 1913 4056 extersae

222 4086 405 4159 corruptionis
423 4085 604 4157 principium,
630 4081 679 4137 sed
704 4083 740 4135 sit
765 4088 864 4136 natura
883 4081 1053 4153 incorporea,
1079 4088 1192 4159 pulvere
1210 4103 1311 4156 corpus
1329 4086 1446 4141 hominis
1464 4085 1607 4154 formavit,
1626 4086 1675 4139 sed
1694 4086 1813 4140 animam
1828 4087 1853 4142 ei
1871 4088 1911 4141 in-

223 4174 369 4230 invisibilis
388 4178 416 4227 et
436 4169 606 4237 immortalis,
626 4175 721 4239 posset
740 4174 832 4222 tamen
852 4167 938 4236 Deus,
957 4169 979 4223 si
998 4169 1052 4224 vel·
1081 4175 1208 4245 spiravit,
1231 4173 1293 4228 ideo
1319 4171 1410 4243 pulvis
1434 4172 1492 4227 sive
1510 4190 1611 4243 corpus
1630 4190 1662 4227 ex
1681 4173 1795 4243 pulvere
1813 4174 1913 4229 torma-

221 4263 274 4330 let,
316 4261 437 4315 animam
476 4259 505 4311 in
547 4255 663 4310 nihilum
706 4254 832 4325 redigere
876 4261 905 4310 et
943 4256 1053 4326 penitus
1080 4261 1185 4316 tamin
1205 4265 1307 4313 terram
1325 4260 1480 4326 revertitur,
1499 4259 1549 4313 sed
1566 4259 1680 4329 spiritus
1701 4260 1737 4313 ad
1751 4260 1849 4331 Deum,
1864 4263 1913 4330 qui

221 4349 410 4419 exsanguem,
436 4345 487 4398 sed
506 4343 578 4416 ,quia
597 4341 779 4396 immortalem
798 4358 860 4396 eam
879 4359 940 4398 esse
959 4343 1054 4413 voluit,
1081 4347 1158 4401 dedit
1188 4363 1258 4402 eum.
1307 4345 1478 4400 Addendum
1516 4351 1610 4399 autem
1647 4344 1712 4400 huic
1741 4355 1911 4417 argumento,

221 4433 284 4489 ideo
302 4451 352 4504 per
377 4437 405 4486 01
423 4436 537 4502 propter
562 4429 637 4484 illam
662 4428 793 4484 creatoris
818 4428 988 4484 voluntatem
1004 4429 1053 4483 im·
1082 4433 1156 4504 quod
1181 4432 1263 4487 bomo
1295 4434 1337 4485 ad
1371 4433 1520 4501 imapinem
1551 4440 1576 4484 et
1609 4432 1824 4486 similitudinem
1856 4434 1914 4489 Dei

222 4518 346 4574 mortalis
364 4523 530 4588 perseverat
565 4515 724 4570 Immortale
744 4520 801 4579 est,
820 4515 865 4569 001
883 4515 957 4587 quod
976 4517 1054 4570 abso·
1082 4521 1170 4583 fuerit
1186 4527 1298 4573 creatus
1324 4518 1423 4574 Genes.
1447 4525 1469 4586 l,
1487 4535 1511 4572 0.
1532 4522 1574 4573 21.
1592 4535 1625 4572 ac
1642 4518 1758 4588 proinde
1774 4519 1857 4574 etiam
1876 4520 1912 4575 ad

223 4607 280 4660 ose
306 4612 333 4658 et
359 4604 525 4673 simpliciter
551 4603 629 4658 nulls
650 4607 803 4673 potestate,
838 4601 921 4657 etiam
953 4603 1054 4672 divina,
1081 4607 1313 4662 immortalitatem
1333 4606 1396 4675 Sap.
1415 4610 1448 4669 2,
1468 4624 1493 4659 0.
1513 4608 1556 4662 23.
1576 4621 1660 4676 quam
1678 4606 1749 4659 enim
1769 4605 1845 4660 Deus
1865 4606 1912 4661 ho·

221 4691 326 4748 aboleri
343 4690 448 4761 nequit,
466 4689 520 4743 boc
537 4689 617 4744 modo
632 4688 707 4742 solus
721 4687 798 4742 Deus
819 4694 860 4743 est
879 4688 1054 4754 immortalis3
1081 4694 1148 4748 mini
1166 4693 1311 4764 inspiravit
1329 4693 1462 4759 animam,
1488 4707 1522 4744 ea
1542 4690 1604 4744 luce
1622 4690 1731 4745 divinae
1751 4692 1912 4761 sapientiae,

221 4778 355 4849 estquod
373 4778 415 4830 ita
433 4795 452 4829 a
469 4779 534 4830 Deo
552 4777 701 4845 conditum,
717 4783 748 4828 ut
765 4793 821 4828 non
838 4777 971 4846 intereat,
990 4776 1056 4832 licet
1076 4780 1204 4852 justitiae
1235 4795 1267 4832 ac
1290 4778 1411 4833 lasddse
1442 4776 1496 4831 fuit
1526 4776 1689 4832 collustrata
1712 4785 1739 4832 01
1767 4778 1803 4832 ad
1827 4778 1912 4833 vitam

221 4880 272 4936 per
296 4864 452 4919 absolutam
470 4862 524 4917 Dei
554 4863 706 4933 potentiam
735 4861 839 4916 01101001
868 4863 971 4933 possit,
1003 4864 1054 4919 boc
1081 4875 1220 4923 aeternam
1240 4864 1360 4919 condita.

222 4950 304 5006 modo
321 4951 430 5005 animae
446 4948 588 5004 hominum
606 4953 635 5003 01
652 4949 744 5020 angeli
761 4949 929 5002 immortales
949 4957 1021 5006 sunt.
1117 4958 1176 5008 113.
1212 4955 1236 5009 1.
1261 4953 1308 5005 Ea
1337 4951 1401 5018 ipsa
1419 4949 1619 5019 appellatione.
1667 4949 1796 5005 Animam
1823 4953 1912 5021 primo

189 5102 191 5113 ³
259 5043 316 5094 142.
353 5039 380 5092 2.
402 5041 441 5090 Ee
464 5035 575 5089 animae
598 5043 623 5090 et
646 5036 774 5106 corporis
801 5036 983 5104 oppositione.
1021 5036 1055 5091 In
1080 5039 1185 5095 homiui
1202 5036 1363 5107 inspiratam
1382 5033 1494 5105 Moyses
1512 5042 1593 5091 00081
1607 5035 1696 5098 0³7¹]
1710 5025 1801 5112 111111ζὲ
1820 5041 1912 5108 spira-

224 5142 279 5196 000
297 5124 390 5179 anima
409 5130 438 5177 01
455 5138 556 5193 ,corpus
577 5119 751 5183 ἂνιιθετικῶς
768 5120 821 5175 sibi
833 5121 952 5177 invicem
970 5139 1055 5193 oppo·
1080 5126 1209 5180 raculum
1236 5124 1371 5189 citarum,
1397 5121 1447 5176 ubi
1471 5127 1569 5176 notant
1594 5140 1737 5176 numeram
1758 5125 1911 5192 pluralem,

221 5218 339 5275 nuntur,
357 5208 428 5263 illud
446 5225 501 5263 000
519 5213 611 5279 001081
628 5207 663 5261 de
683 5212 801 5279 utroque
818 5224 852 5262 ex
870 5224 958 5279 aequo
975 5225 1052 5279 prae-
1081 5228 1136 5282 000
1159 5210 1283 5264 innuitur
1314 5209 1425 5279 gemina
1450 5208 1568 5262 bominis
1595 5208 1668 5277 0118,
1695 5210 1854 5281 temporalis
1885 5218 1913 5265 et

222 5295 317 5351 1110001.
358 5295 412 5352 Sed
432 5296 461 5349 in
480 5293 648 5348 mortalitate
665 5293 757 5346 anima
774 5300 802 5349 et
819 5310 920 5364 corpus
937 5292 989 5348 sibi
1012 5294 1052 5348 in·
1081 5303 1206 5365 aeterna,
1235 5313 1318 5367 quam
1345 5294 1506 5348 immortalis
1535 5294 1644 5359 mimae
1671 5294 1803 5351 beneficio
1831 5297 1912 5352 bomo

220 5382 311 5438 ricem
344 5387 536 5453 opponuntur,
568 5380 609 5433 ita
635 5386 666 5434 ut
696 5378 732 5434 de
756 5397 870 5450 corpore
902 5380 1055 5435 mortalitas
1081 5381 1205 5437 obtinere
1225 5381 1328 5447 debuit,
1347 5380 1396 5436 sed
1414 5380 1480 5452 quia
1496 5397 1549 5434 vox
1566 5379 1654 5443 0³¹?ss
1667 5389 1709 5437 est
1728 5382 1836 5454 plurale
1852 5389 1912 5437 tsn-

223 5467 384 5536 affirmetur,
403 5467 440 5521 ds
456 5467 548 5523 anima
565 5484 630 5523 vero
647 5469 772 5537 negetur.
806 5465 882 5538 Ergo
898 5467 1052 5523 mortalitas
1081 5475 1154 5534 tum,
1179 5467 1242 5523 ideo
1259 5474 1454 5539 argumentum
1476 5465 1547 5520 illud
1571 5485 1627 5523 000
1647 5475 1690 5525 001
1707 5468 1777 5524 adeo
1794 5469 1912 5526 firmum
