4104 6014
262 318 323 382 6112
857 316 980 374 LOCUS
996 311 1201 373 mosomus
1220 314 1367 375 SEXTUS

258 472 380 541 pollutio
398 474 440 525 ad
453 473 547 526 Deum
566 473 661 540 tendit,
683 490 701 526 a
720 489 775 542 quo
794 472 864 535 eolo,
882 487 954 541 quae
962 469 1092 540 petimen,
1119 471 1341 539 pereuriuontee,
1370 478 1428 525 tum
1445 488 1503 525 una
1520 487 1582 525 cvm
1595 471 1708 527 Christo
1723 478 1873 539 reqaantee
1893 488 1960 526 ora·

261 561 378 613 concedi
400 576 486 629 posse
513 558 700 628 oqnoscimus.
743 556 837 620 Quare
864 557 1029 611 Alabandei·
1057 558 1093 610 de
1121 574 1181 610 mus
1205 574 1238 611 eo
1263 557 1357 627 officio
1382 558 1512 612 caritatis
1538 566 1564 613 et
1587 558 1718 623 bonoria,
1744 576 1799 628 quo
1825 574 1874 612 eos
1893 560 1961 613 Deo

260 646 330 700 Ales
347 652 454 714 quaest.
478 648 523 700 92.
543 645 655 701 ιιιιηιόι.
684 649 707 698 1.
740 651 794 698 art.
820 647 843 699 4.
869 661 932 697 uem
957 644 1093 716 dv'spsetot,
1120 651 1218 714 pratos
1237 660 1296 698 esee
1315 659 1465 713 eorumque
1480 660 1581 714 preces
1599 646 1681 713 apud
1697 645 1792 698 Deum
1809 646 1852 697 ad
1870 645 1959 714 impc-

260 734 323 801 qvis
354 734 392 787 sit
424 735 562 801 orandus,
593 733 684 786 sobam
711 734 806 785 Deum
837 731 1004 801 simpliciter
1033 746 1092 784 esso
1121 733 1252 784 troadam
1281 747 1335 800 pro
1364 730 1446 798 aliis,
1475 731 1554 800 quod
1579 746 1675 784 eorum
1700 730 1789 784 saluti
1815 731 1960 800 expediat,

215 875 218 880 ,
260 821 409 888 orandum,
429 825 563 889 tanquam
574 817 708 885 finaliter,
729 836 748 871 a
762 834 817 887 quo
832 824 873 871 cst
892 833 971 872 onme
984 818 1092 876 bonvm,
1119 816 1247 888 efficaces
1272 831 1332 871 esse
1354 816 1541 886 aquoscimus.
1581 815 1662 871 Cena.
1687 814 1782 871 Colou.
1806 834 1870 888 pag.
1891 822 1960 872 228:

259 906 366 969 definit,
386 913 498 959 sanctos
514 921 578 959 vcro
595 905 688 973 maqis
705 921 735 958 se
753 912 845 959 tonas
862 921 895 958 eu
908 912 993 974 parto
1010 921 1093 957 oran
1122 903 1156 958 Si
1188 904 1390 958 invocationem
1427 903 1535 972 accipis
1567 918 1622 971 pro
1651 903 1835 973 adoratione,
1871 921 1961 974 quam

227 1017 230 1028 ·
260 992 343 1061 tium,
371 990 457 1060 mansi
475 991 693 1060 coadjuvantes,
709 1008 794 1061 quam
812 991 899 1058 illiue,
919 990 970 1061 qui
985 998 1092 1047 matur.
1123 989 1231 1044 Graeci
1249 992 1378 1061 λατρείαν
1395 996 1504 1059 nocant,
1528 988 1716 1060 concedimus,
1736 1007 1799 1043 eam
1818 989 1876 1043 soli
1895 991 1959 1044 Deo

259 1078 337 1132 Idem
369 1078 525 1132 Cassander
561 1077 589 1131 in
620 1076 730 1149 hymnis
762 1083 791 1132 et
820 1076 932 1132 scholiis
961 1076 1093 1133 Coloniae
1120 1076 1231 1140 deberi,
1259 1076 1287 1130 si
1309 1091 1374 1129 vero
1394 1092 1451 1146 per
1477 1075 1679 1130 invocationem
1704 1076 1837 1145 iutelbiqis
1855 1075 1958 1144 implo-

258 1164 324 1219 edit.
351 1179 425 1219 auno
449 1168 524 1221 1556.
549 1179 615 1236 pag.
643 1168 699 1220 187.
738 1164 808 1219 Item
830 1164 860 1219 in
883 1162 987 1235 hymno
1006 1164 1092 1220 eecle-
1119 1163 1257 1217 rationem
1293 1162 1514 1231 intercessionis,
1546 1162 1781 1232 quemadmodum
1814 1161 1961 1216 Catholici

258 1250 334 1305 sisst.
361 1250 408 1305 iol.
430 1256 491 1307 tat:
526 1251 626 1304 Omnes
654 1251 841 1316 sonctiiorate
863 1255 954 1306 Deum
967 1269 1025 1321 pro
1040 1267 1091 1316 me,
1120 1267 1181 1304 eam
1193 1248 1343 1319 accipiunt,
1355 1249 1423 1301 dum
1433 1247 1635 1303 invocationem
1647 1256 1807 1302 sanctorum
1818 1254 1958 1317 statuunt,

255 1337 378 1405 proinde
394 1338 483 1401 vaist,
513 1337 737 1403 occiduntur,
762 1338 871 1391 minam
888 1355 983 1392 omnes
1000 1338 1094 1392 sancti
1120 1354 1139 1389 a
1165 1336 1284 1389 veritate
1310 1334 1433 1390 eliensem
1461 1342 1515 1400 est,
1554 1335 1633 1403 quod
1659 1334 1741 1389 dicis.
1787 1335 1854 1389 Nan
1881 1334 1958 1388 enim

259 1425 353 1476 Deum
371 1429 451 1477 ment
465 1440 522 1493 pro
536 1439 587 1479 me.
615 1429 639 1478 2.
659 1422 831 1494 Quandoque
853 1423 1004 1494 disputant,
1024 1443 1089 1478 sau·
1120 1423 1187 1477 tobis
1209 1422 1350 1479 invocatio
1376 1429 1416 1475 eet
1429 1421 1583 1492 potissima
1603 1422 1694 1476 ιιιιιιιι
1714 1421 1774 1475 Dei
1784 1438 1872 1491 pore,
1903 1423 1959 1475 sed

260 1518 318 1565 ctos
341 1528 397 1564 non
422 1510 552 1564 invocari
568 1517 598 1562 ut
615 1512 731 1564 datores
751 1511 945 1580 beneficiorum
963 1518 988 1566 ιι
1004 1511 1091 1580 adiu·
1119 1509 1222 1576 cuitus,
1252 1509 1303 1579 qui
1327 1508 1441 1562 δουλεία
1466 1508 1643 1578 appellatur,
1675 1525 1758 1578 quom
1776 1509 1881 1562 sanctis
1903 1508 1957 1562 im·

259 1604 335 1652 tores
352 1614 387 1652 ue
406 1598 584 1666 defensores,
601 1599 653 1651 sed
670 1605 776 1651 tantum
794 1606 825 1652 ut
844 1598 1041 1653 intercessores
1058 1616 1093 1652 ac
1116 1597 1275 1666 pendimus.
1310 1612 1373 1666 pag.
1403 1600 1467 1650 229:
1498 1595 1600 1649 ‘Sacra
1632 1595 1784 1665 Scriptura
1814 1595 1956 1665 qcminam

259 1687 517 1755 condeprecatoree.
569 1682 726 1739 Cassander
756 1684 821 1740 diet.
852 1685 902 1744 loc.
932 1702 996 1756 pag.
1027 1690 1091 1741 964:
1119 1682 1316 1737 aeiorationem
1334 1683 1472 1750 insinuat,
1504 1697 1601 1750 netupe
1618 1696 1695 1752 eam,
1723 1697 1796 1749 qseae
1812 1681 1871 1736 soli
1888 1681 1957 1734 Deo

261 1770 382 1824 Cunctos
406 1770 466 1823 Dei
491 1787 547 1824 non
572 1777 603 1823 ut
631 1772 699 1823 deos
726 1776 751 1823 et
776 1771 927 1839 lorqitoree
950 1771 1092 1840 bonorum,
1119 1771 1309 1840 impendenda
1326 1777 1400 1832 -est,
1440 1769 1476 1821 de
1503 1785 1560 1838 quo
1591 1770 1676 1822 Deut.
1706 1770 1732 1822 6.
1774 1768 1880 1824 Psalm.
1908 1770 1955 1825 69.

260 1859 313 1911 sed
331 1857 363 1910 ut
382 1858 634 1927 condeprecatores
654 1857 840 1928 appellamus.
858 1873 923 1928 pag.
936 1862 1000 1913 965:
1021 1857 1091 1920 Quo·
1120 1857 1222 1912 Mattb.
1242 1861 1267 1911 t.
1285 1856 1390 1909 daban.
1410 1860 1435 1909 ι.
1456 1861 1482 1908 et
1504 1854 1582 1922 abia,
1598 1870 1672 1923 quae
1688 1855 1829 1908 meaturis
1849 1852 1955 1924 imper·

259 1944 392 1999 modain
409 1960 443 1998 eo
461 1944 572 2012 plorioe
592 1944 651 1998 Dei
668 1944 822 2014 quidquam
839 1945 1013 2012 detrahitur,
1031 1962 1092 1998 cum
1121 1946 1197 2007 titur,
1215 1943 1287 1996 sicut
1298 1941 1391 1997 Jacob
1403 1943 1484 1996 Esau
1497 1940 1761 2008 admossedicitur,
1794 1939 1893 1995 Genea.
1906 1943 1954 1994 31.

258 2031 310 2084 itta
334 2031 412 2084 sotus
435 2031 504 2093 fons
528 2037 553 2084 et
577 2030 700 2098 turpitor
719 2031 809 2084 omnis
829 2030 895 2083 boni
911 2031 1093 2100 oqnoeciturt
1120 2041 1145 2086 et
1167 2029 1284 2101 Abiqaib
1311 2029 1452 2082 Davidem
1479 2032 1503 2082 t.
1529 2028 1597 2095 Ray.
1624 2029 1669 2082 26.
1695 2026 1838 2114 adlquam
1861 2032 1956 2099 poste-

260 2134 348 2189 neque
375 2119 460 2172 aliod
484 2119 591 2172 sanctis
620 2119 766 2181 tribuitur,
798 2134 880 2186 mom
906 2126 938 2171 ut
960 2119 1093 2187 precibm
1120 2117 1219 2172 riorem
1252 2115 1372 2187 speciem
1401 2114 1526 2171 referunt
1554 2113 1755 2170 invocationem
1785 2118 1957 2180 sanemrum,

260 2205 320 2259 suis
339 2205 375 2257 ab
393 2205 455 2274 ipso
468 2206 554 2272 fonte
572 2212 598 2258 et
616 2205 755 2273 larqitore
773 2205 863 2258 omnis
883 2205 949 2257 boni
964 2221 1007 2273 ea,
1022 2221 1093 2274 quae
1120 2203 1194 2258 unde
1216 2220 1282 2274 pag.
1299 2203 1360 2258 ead
1382 2201 1520 2258 scribunt:
1547 2203 1608 2256 Nos
1624 2201 1734 2255 nubium
1754 2202 1861 2256 sanctis
1883 2202 1957 2256 dioi-

260 2292 339 2346 nobis
364 2294 406 2345 od
428 2299 605 2365 praesentem
629 2291 717 2344 eitam
743 2290 825 2344 utilio
851 2293 940 2344 etad
963 2292 1093 2355 suturam
1120 2309 1186 2346 num
1204 2290 1335 2345 bonorem
1353 2290 1535 2358 decernimus,
1554 2307 1610 2343 non
1629 2289 1721 2357 mapsa
1735 2305 1818 2357 mmm
1830 2288 1958 2343 Paulum

259 2380 404 2434 salutaria
421 2385 500 2446 svnt,
528 2378 697 2448 impetranti
727 2376 765 2431 Et
784 2384 895 2448 postea:
931 2377 1043 2432 Sanctis
1063 2387 1093 2432 ut
1121 2379 1221 2432 iisdem
1246 2376 1379 2430 demissae
1404 2383 1526 2444 constat,
1549 2393 1666 2446 qvorvm
1684 2375 1745 2446 ipse
1762 2376 1841 2429 uivus
1860 2375 1958 2430 adbuc

260 2466 372 2523 etrum
389 2466 451 2534 iam
468 2465 648 2529 familiarius
666 2465 823 2533 conjunctis
845 2465 968 2535 officium
985 2473 1093 2519 tantum
1116 2481 1216 2534 preces
1243 2464 1387 2518 ambiebat.
1425 2464 1502 2517 Nam
1530 2462 1677 2530 bonorem,
1704 2477 1784 2531 mecm
1810 2461 1860 2516 ilie
1884 2462 1958 2517 ιιυίι

256 2568 311 2623 pro
329 2553 426 2619 nobis,
445 2551 544 2620 quibus
560 2558 694 2620 tanquam
716 2551 842 2620 ejusdem
860 2551 991 2621 corporis
1010 2569 1092 2606 mem·
1119 2551 1345 2622 impertiebatur,
1377 2550 1413 2603 ab
1442 2549 1483 2603 eis
1507 2547 1650 2602 mamonae
1673 2548 1876 2618 efflapitando,
1902 2565 1957 2603 nos

258 2638 317 2693 bris
350 2637 482 2692 caritatis
509 2636 620 2692 vinculo
644 2637 787 2704 coniuncti
812 2646 890 2703 sunt,
918 2640 1095 2708 &precandi
1114 2637 1179 2705 jam
1199 2636 1306 2690 sanctis
1321 2636 1380 2690 vita
1400 2635 1543 2699 defunctis
1561 2633 1955 2698 deferimusinvocandoeos.

258 2725 400 2779 tribuitur.
437 2722 518 2779 Ceus.
547 2722 642 2779 Colon.
676 2724 723 2779 iol.
752 2728 810 2781 208.
838 2729 867 2780 et
894 2729 953 2781 229.
980 2726 1092 2791 fatetur,
1121 2724 1197 2788 Quid
1214 2724 1288 2778 caim
1307 2724 1392 2777 aliud
1408 2731 1447 2776 cst
1467 2723 1597 2776 invocare
1615 2729 1734 2789 sanctos,
1754 2739 1838 2792 quam
1857 2738 1955 2776 eorum

257 2812 338 2866 iliam
364 2811 577 2878 invocationem,
601 2819 633 2864 ut
651 2811 723 2864 bona
738 2811 819 2865 notu
839 2813 992 2880 donantem,
1020 2819 1052 2865 ut
1073 2830 1091 2866 a
1119 2812 1343 2866 intercessionum
1369 2811 1449 2879 apud
1473 2812 1566 2864 Deum
1588 2810 1736 2878 expetere!
1767 2808 1955 2864 Bellarminus

257 2896 342 2954 mobis
365 2896 559 2952 custodiamur
584 2904 610 2951 et
635 2897 802 2961 liberemur,
828 2896 894 2952 item
921 2905 952 2952 ut
968 2900 1092 2964 modam
1119 2898 1154 2954 de
1175 2896 1248 2953 beat.
1275 2901 1361 2952 sanet.
1386 2912 1448 2967 cap.
1466 2901 1508 2952 2⁰.
1523 2912 1594 2966 resp.
1614 2895 1651 2950 ad
1673 2901 1708 2951 t:
1729 2896 1831 2950 Sancti
1849 2913 1906 2950 non
1921 2903 1955 2950 ut

257 2986 288 3038 in
309 2985 361 3038 bac
385 2985 444 3037 vita
463 2991 491 3038 et
509 2983 632 3053 qboriam
649 2984 679 3037 in
697 2984 799 3047 sutrina
817 2983 1006 3053 accipiamus,
1036 2985 1093 3039 sobi
1119 2985 1176 3050 dii,
1202 2987 1254 3039 sed
1269 2992 1300 3037 ut
1325 2984 1412 3037 amici
1430 2984 1490 3037 Dei
1506 2983 1680 3036 bonorantur
1697 2990 1725 3036 et
1743 2991 1878 3053 tanquam
1899 3000 1956 3052 pa·

257 3072 321 3125 Deo
337 3070 439 3124 deberi.
476 3068 662 3125 Bellarminus
682 3068 717 3126 ds
736 3067 809 3127 beat.
829 3074 948 3125 sanctor.
966 3085 1028 3141 cap.
1051 3077 1089 3127 17.
1118 3071 1196 3126 troni
1224 3072 1304 3141 opud
1326 3073 1421 3124 Deum
1450 3069 1641 3139 accipiuntur,
1669 3087 1726 3138 qua
1754 3070 1865 3123 ratione
1889 3070 1955 3126 Deo

257 3172 335 3228 prop.
359 3161 388 3212 l:
411 3156 477 3210 Non
501 3156 568 3209 licet
593 3173 613 3207 a
626 3156 732 3209 sanctis
748 3162 858 3225 petere,
881 3163 911 3210 ut
929 3157 1009 3211 nobis
1030 3165 1091 3212 tan·
1117 3158 1200 3213 nulla
1224 3159 1350 3224 infertur
1368 3157 1490 3227 injuria,
1521 3157 1574 3210 sed
1590 3156 1694 3224 bonor,
1720 3156 1850 3225 alioquin
1870 3156 1955 3210 etiam

257 3261 341 3313 quam
364 3250 494 3297 erectores
519 3242 680 3296 divinorum
697 3242 891 3312 beneficiorum
909 3243 1031 3313 qloriam
1047 3245 1091 3298 vel
1117 3246 1228 3310 faceret
1252 3246 1316 3300 Deo
1344 3245 1494 3314 injuriam,
1521 3243 1571 3312 qui
1598 3260 1617 3295 a
1643 3243 1793 3296 viventibus
1811 3244 1954 3298 orationes

257 3330 380 3399 qratiam
402 3329 516 3398 aliaque
534 3331 576 3382 od
595 3328 796 3383 beatitudinem
813 3331 909 3384 media
928 3333 1089 3389 concedant.
1115 3332 1288 3402 postularet,
1310 3338 1342 3385 ut
1364 3331 1435 3395 fecit
1457 3329 1610 3398 apostobm.
1650 3327 1781 3384 Costerus
1820 3329 1850 3384 iu
1873 3330 1952 3388 ench.

257 3434 337 3488 prop.
356 3422 380 3474 2.
423 3415 569 3484 Qseidquid
594 3417 687 3469 sancti
708 3433 727 3468 o
747 3417 812 3469 Deo
831 3417 911 3470 nobis
931 3419 1091 3488 impetrant,
1118 3435 1182 3490 pag.
1204 3423 1269 3474 ³96:
1296 3418 1396 3472 Sancti
1412 3419 1443 3471 in
1462 3415 1549 3471 coelis
1569 3416 1668 3470 merito
1688 3436 1707 3470 a
1725 3415 1880 3471 viventibus
1897 3435 1952 3472 om·

254 3520 308 3573 per
327 3502 468 3557 Obrimum
493 3503 645 3572 impetrant
667 3507 720 3556 eto.
759 3503 860 3570 Itaque
886 3510 998 3558 sanctos
1015 3505 1091 3558 invo-
1117 3524 1179 3560 nem
1208 3508 1341 3561 bonorem
1367 3506 1497 3575 accipere
1526 3512 1666 3559 merentur
1697 3511 1723 3557 et
1752 3505 1866 3569 debent,
1904 3506 1954 3574 qui

258 3607 353 3643 coenus
371 3591 413 3643 ad
428 3590 480 3642 boc
498 3589 601 3656 sotrum,
624 3594 653 3641 ut
671 3589 785 3652 fociant
803 3589 837 3641 id
844 3629 850 3651 ‚
878 3592 956 3658 quod
973 3609 1023 3644 noe
1041 3593 1086 3656 fa
1118 3594 1208 3648 alicui
1230 3601 1377 3647 menturae
1402 3593 1433 3646 in
1453 3592 1505 3647 boc
1528 3592 1634 3645 mundo
1657 3591 1718 3644 eine
1735 3592 1951 3660 reprehensione

257 3676 354 3747 umus,
373 3676 441 3746 quia
459 3676 559 3729 melius
577 3683 603 3728 ιι
620 3677 765 3746 efficacius
785 3676 843 3746 ipsi
857 3677 957 3739 facere
971 3686 1091 3746 possunt
1118 3679 1254 3743 defertur.
1302 3677 1424 3749 Excipis
1454 3677 1587 3732 bonorem
1621 3677 1759 3746 moinum,
1788 3685 1884 3748 utpote
1915 3680 1951 3732 de

257 3778 340 3832 mam
371 3779 431 3830 noe,
462 3760 560 3816 melius
592 3760 640 3814 atti
671 3770 697 3815 ιι
728 3779 779 3815 nos
805 3762 896 3827 simut
928 3780 1011 3832 qvam
1039 3782 1090 3818 nos
1117 3783 1171 3835 quo
1192 3768 1272 3819 Deus
1297 3765 1339 3819 sic
1364 3764 1502 3835 loquitur,
1534 3763 1657 3833 pieriam
1681 3779 1771 3817 meam
1790 3763 1880 3818 alteri
1894 3783 1951 3819 nen

257 3849 320 3906 soli.
357 3848 476 3913 Quidam
498 3847 674 3918 distinguunt
702 3852 775 3902 inter
791 3848 938 3916 invocare,
966 3851 1089 3920 autuien,
1117 3853 1200 3907 dabo.
1237 3851 1365 3906 Proinde
1378 3849 1520 3921 quidquid
1536 3849 1680 3905 cohibetur
1694 3850 1882 3920 principibus,
1901 3859 1951 3905 aut

256 3940 289 3990 ut
326 3941 472 4006 patronum
509 3939 538 3988 et
572 3933 780 3989 intercessorem
812 3934 889 4005 apud
922 3934 1027 4004 Deum3
1062 3945 1090 3993 et
1117 3938 1258 4007 quibusvis
1283 3936 1452 4000 bominibus,
1491 3935 1632 4006 quidquid
1656 3936 1741 3989 etiam
1766 3937 1890 4005 anqelis,
1919 3937 1952 3991 id

257 4024 398 4090 adorare,
429 4021 552 4089 nebeten,
581 4026 613 4074 ut
630 4021 721 4076 Deum
748 4026 899 4076 ermmrem
917 4028 947 4076 st
965 4022 1089 4079 Salvato-
1117 4025 1214 4078 merito
1235 4023 1348 4090 desani
1367 4030 1461 4091 potest
1480 4039 1515 4076 ac
1534 4021 1613 4076 debet
1630 4022 1736 4075 sanctis
1755 4038 1817 4075 cum
1839 4021 1950 4077 Cbristo

257 4124 330 4179 rem3
354 4106 431 4179 prius
455 4107 590 4161 duntaxat
616 4104 702 4160 tribui
721 4105 749 4160 in
768 4113 874 4177 papatu
894 4108 1011 4178 sanctis,
1034 4125 1089 4164 non
1117 4111 1275 4165 viventibus.
1294 4125 1360 4182 pag.
1374 4113 1441 4166 398:
1472 4109 1507 4162 Si
1513 4108 1681 4178 principem
1696 4116 1851 4178 passuum,
1867 4127 1951 4179 prae·

259 4192 606 4268 posterius(eens.Colon.
624 4191 918 4263 f01.2as:N0nqaan
937 4196 981 4250 vel
990 4198 1089 4263 sanato
1118 4205 1254 4267 captorem
1280 4196 1369 4250 simili
1386 4204 1497 4249 ιιιιιιιο
1517 4196 1594 4250 adea
1611 4196 1789 4264 honoremus,
1821 4215 1879 4251 non
1898 4199 1951 4251 erit

257 4284 394 4348 auditum,
413 4288 525 4335 sanctos
545 4297 603 4334 esse
622 4282 808 4349 adorandos),
826 4297 889 4336 oum
908 4287 1001 4337 menan
1020 4283 1090 4339 Seri·
1117 4283 1217 4352 latria,
1253 4285 1305 4337 sed
1338 4283 1428 4336 bonor
1459 4284 1611 4347 tonsam,
1646 4282 1704 4335 nisi
1732 4283 1763 4336 in
1795 4290 1883 4337 mente
1913 4285 1951 4338 sit

258 4374 341 4439 ptura
364 4385 415 4438 pro
439 4368 643 4441 ἰσοδυναμοῦσι
667 4365 736 4422 hacc
756 4366 865 4422 habeat
913 4367 995 4434 Quod
1017 4370 1090 4425 enim
1117 4387 1207 4425 error.

104 4474 187 4520 xvm,
202 4475 244 4518 175.
259 4454 373 4510 Denter.
397 4459 427 4518 6,
459 4471 484 4506 v.
507 4458 546 4508 13.
572 4451 687 4508 dieitur}
727 4453 880 4508 Dominum
897 4456 990 4509 Deum
1015 4463 1091 4510 buum
1152 4462 1210 4513 435.
1253 4455 1308 4513 Sed
1333 4455 1403 4511 haee
1431 4472 1491 4510 esse
1518 4455 1612 4510 inania
1634 4455 1820 4529 περιζώμαια,
1848 4455 1951 4526 quibus

259 4539 403 4604 adorabis,
429 4539 459 4593 id
482 4538 584 4594 Psalm.
604 4545 645 4607 50,
670 4556 697 4597 v.
720 4544 760 4595 15.
780 4539 820 4594 sie
839 4539 968 4596 effertur:
986 4544 1091 4597 Invoco
1118 4543 1272 4599 nuditatem
1297 4541 1448 4597 meretricis
1474 4539 1665 4612 Babylonicae
1691 4541 1796 4595 frustm
1823 4541 1951 4599 obvelare

257 4642 301 4681 me
325 4627 357 4680 in
384 4626 430 4679 die
459 4625 658 4680 tribulationis.
698 4624 800 4679 Confer
822 4625 906 4681 etiam
923 4627 1018 4683 Psalm
1051 4635 1092 4698 72,
1118 4632 1251 4698 nituntur,
1277 4628 1386 4700 patebit
1408 4645 1442 4682 ex
1468 4628 1552 4699 plena
1575 4633 1605 4682 et
1628 4628 1741 4697 speciali
1766 4628 1952 4699 descriptione

257 4732 284 4767 v.
308 4718 346 4769 11.
370 4728 434 4766 cum
451 4710 529 4768 Rom
552 4716 592 4778 10,
616 4729 642 4766 v.
663 4715 701 4767 13.
719 4710 800 4781 adda,
825 4712 900 4783 quod
917 4713 1043 4768 adoratio
1063 4721 1093 4769 st
1117 4717 1191 4770 illius
1215 4716 1319 4784 cultus,
1346 4731 1429 4786 quem
1452 4713 1590 4769 defunctis
1608 4713 1711 4769 sancus
1728 4713 1756 4768 in
1776 4720 1883 4785 papatu
1904 4715 1952 4771 ho-

260 4799 398 4856 invooatio
416 4798 582 4854 conveniant
601 4799 708 4866 ceusu,
730 4799 845 4869 objectis
862 4807 889 4853 et
911 4800 975 4870 ipsa
992 4803 1090 4867 defini-
1118 4804 1206 4858 mines
1229 4800 1359 4858 exhibant
1380 4808 1408 4856 et
1430 4800 1615 4856 exhibendum
1635 4818 1695 4856 esse
1711 4800 1824 4872 publice
1843 4802 1951 4860 donent.

261 4889 349 4957 tione,
375 4885 513 4957 quomodo
535 4884 622 4957 igitur
646 4886 728 4942 realis
751 4886 824 4942 inter
846 4903 882 4942 sa
898 4887 983 4942 statui
999 4895 1093 4958 posset
1118 4890 1190 4945 Nam
1213 4896 1233 4946 l.
1249 4894 1384 4958 statuunt,
1403 4894 1515 4943 sanctos
1535 4888 1761 4959 osseomniseios,
1781 4890 1952 4963 καρδιογνώ-

260 4972 439 5030 differentia?
468 4976 492 5026 ³.
507 4971 682 5042 Quandoque
698 4977 839 5044 statuunt,
858 4975 956 5028 eodem
970 4991 1091 5044 prorum
1118 4992 1200 5047 orae,
1226 4975 1475 5046 omnipraesentes,
1500 4976 1717 5046 omnipotentes,
1741 4976 1851 5032 datores
1868 4976 1952 5034 bens-

259 5061 341 5114 modo
368 5058 537 5129 compellari
550 5065 662 5112 sanctos
681 5058 842 5125 defunctos,
866 5077 921 5129 quo
935 5076 1035 5132 preces
1053 5063 1092 5115 vi·
1117 5063 1243 5120 liciorum
1262 5068 1319 5117 tam
1338 5060 1534 5132 spiritualium,
1555 5079 1638 5133 quam
1652 5064 1845 5133 corporalium,
1859 5080 1951 5119 rernm

258 5147 377 5200 centium
402 5151 429 5199 et
455 5144 486 5198 in
510 5145 594 5198 terris
616 5143 760 5198 nobiscum
788 5147 1009 5200 conversantium
1046 5163 1092 5202 es·
1117 5151 1308 5219 humansrum,
1326 5147 1487 5219 cumprimis
1506 5148 1642 5204 ecclesias
1661 5149 1690 5203 in
1709 5150 1790 5204 terris
1807 5146 1951 5206 militantis

256 5234 384 5301 petimen,
412 5249 447 5286 ac
470 5232 595 5302 proinde
613 5247 669 5284 non
687 5232 776 5286 otium
794 5232 855 5286 silio
873 5233 1005 5287 bonorem
1024 5252 1043 5287 a
1062 5236 1259 5361 seyprassides
1284 5251 1318 5289 ac
1346 5233 1557 5306 gubernatores,
1582 5235 1610 5288 in
1627 5252 1696 5306 quos
1716 5252 1780 5305 spes
1797 5251 1831 5291 ac
1850 5236 1953 5292 fiducia

258 5319 377 5385 deferri,
405 5335 490 5388 quam
514 5317 564 5386 qui
582 5316 707 5370 cobiberi
723 5318 795 5372 sobet
810 5319 916 5373 sanctr's
932 5319 1246 5387 viventibvu.‚eolloesri
1262 5321 1350 5392 possit
1368 5339 1401 5376 ne
1420 5321 1535 5388 debeat,
1562 5327 1595 5375 ut
1613 5328 1692 5392 patet
1709 5339 1742 5377 ex
1760 5323 1952 5393 praecedenti·

258 5405 414 5461 Cunandsr
438 5404 465 5460 d.
490 5403 508 5462 l.
535 5420 599 5476 pag.
618 5408 682 5458 966:
710 5406 802 5458 Deum
827 5423 940 5460 mamus
965 5422 998 5460 eo
1016 5405 1093 5460 culto
1119 5408 1177 5465 bus.
1211 5408 1287 5480 Ergo
1304 5409 1386 5464 etism
1403 5407 1541 5464 fiducialis
1559 5424 1592 5462 ac
1609 5408 1740 5481 religiosa
1758 5415 1801 5464 est
1819 5410 1869 5465 illa
1885 5409 1952 5466 ado·

256 5490 418 5561 reliqionis,
440 5507 495 5561 quo
513 5491 594 5546 illum
614 5489 704 5546 omnis
722 5491 912 5556 boniformem
929 5500 956 5547 ot
974 5492 1091 5564 ιιινρίιο·
1116 5496 1204 5561 ratio‚
1227 5511 1311 5568 quam
1335 5494 1437 5551 senous
1459 5493 1596 5553 deferunt.
1635 5501 1657 5551 ι.
1676 5504 1779 5552 vocant
1803 5496 1865 5552 illos
1883 5498 1952 5551 deos

255 5592 316 5634 rem
337 5593 396 5633 ιιιι
411 5579 590 5650 profitemur,
609 5584 720 5634 sanctos
740 5593 806 5634 astu
822 5579 946 5635 bonuaso
969 5586 1027 5636 ιιιιιι
1045 5580 1092 5636 bic
1112 5599 1168 5656 per
1195 5583 1451 5657 participationum
1501 5580 1663 5639 munna
1693 5588 1766 5654 part.
1799 5591 1824 5642 ι.
1854 5600 1951 5642 summ
