4104 6014
805 203 928 261 Locus
947 201 1151 260 VIOESIMUS
1169 204 1317 261 SEXTUS

285 361 356 416 Sunt
373 361 477 414 morari
487 361 588 431 flendi,
606 362 657 414 ssd
673 359 882 429 temperantius,
1074 374 1107 413 cx
1138 358 1284 416 donodono
1309 364 1339 415 et
1366 359 1480 432 fiducia·
1494 359 1531 413 ad
1551 359 1641 414 Deum
1668 365 1697 413 et
1723 358 1760 413 ad
1788 361 1909 422 motas,

284 448 360 501 Nam
377 448 484 501 mortui
499 466 554 502 non
572 455 645 514 sunt,
662 449 780 500 candem
797 447 848 498 scd
863 445 945 512 uiam
1074 463 1190 515 quorum
1202 453 1266 500 sunt
1279 446 1419 517 reliquiae,
1437 452 1470 500 ut
1487 445 1609 499 Thomas
1620 445 1759 514 loquitur;
1779 450 1820 499 11.
1833 441 1910 514 quod

285 534 373 597 Quam
390 533 463 600 coeit
481 550 574 587 manes
593 533 706 602 ingredi
721 531 882 600 necessitas,
1074 531 1204 601 reliquias
1234 532 1378 602 imponant
1402 530 1601 603 languentibus
1630 536 1659 583 et
1684 529 1824 584 defunctis
1848 528 1910 598 opis

283 619 483 673 Praemani'sre
501 619 589 687 notia,
609 636 659 672 noi
677 618 707 671 in
724 627 870 688 posterum
1074 617 1264 687 impetrandae
1281 635 1380 685 causa;
1400 623 1443 673 12.
1456 617 1530 688 quod
1548 617 1583 670 ad
1596 615 1763 670 sacramenti
1782 615 1910 671 euchari·

284 705 364 758 Idcm
383 721 529 775 sequentur
548 706 626 774 ipsos
645 705 675 758 in
696 705 876 772 consortium,
1075 703 1145 757 stiae
1176 703 1342 774 dignitatem
1372 720 1406 759 ae
1441 704 1619 757 sanctitatem
1651 702 1757 772 aliquid
1783 701 1912 757 conferre

286 792 443 846 Communis
463 799 490 844 et
510 791 568 843 uita
580 792 716 858 fruamur
731 791 855 860 patriae.
1075 789 1253 854 arbitrantur,
1274 790 1344 843 siin
1364 789 1445 845 altari
1463 789 1596 860 reliquiae
1615 796 1773 843 sanctorum
1789 787 1912 843 babean-

214 929 381 1001 Lugendum
399 928 486 998 igitur
504 928 532 982 in
551 927 629 982 obitu
647 927 812 993 amicorum,
845 924 894 980 sed
919 941 982 978 cunr
1002 922 1049 977 de·
1074 880 1128 930 Μ’
1164 875 1307 929 T⁸x³m¹¹⁸
1333 881 1362 930 et
1385 875 1437 929 h⁰⁰
1464 881 1503 931 ¹3·
1525 875 1599 945 ΨΜ
1622 875 1747 944 ¹⁸l¹qu¹¹⁸
1767 872 1860 927 dubufl
1876 889 1912 927 ω

215 1032 278 1070 care
296 1015 456 1083 modestiae,
477 1031 512 1069 ne
531 1014 671 1085 indignari
689 1013 836 1068 videamur
854 1010 982 1073 Domino,
1001 1008 1049 1078 qui
1075 967 1187 1015 mem
1208 960 1369 1032 r⁸l¹g¹⁰mm
1388 959 1529 1031 eJu'mfflh
1547 961 1653 1014 mltum
1665 959 1800 1015 deferunt·
1831 959 1912 1013 ΗΜ

1020 1095 1026 1106 ,
1075 1047 1148 1101 enim
1179 1049 1271 1101 omnia
1294 1047 1324 1101 in
1347 1054 1454 1117 papatu
1478 1046 1553 1111 fieri,
1581 1047 1645 1100 viva
1663 1046 1755 1116 praxis
1779 1045 1910 1100 ostendit.

1300 1132 1465 1188 Cassenensi
1495 1132 1641 1186 translatio
1669 1132 1849 1202 reliquiarum
1881 1129 1910 1184 S.

215 1195 309 1243 nostra
328 1204 384 1241 non
414 1186 545 1254 abstulit,·
577 1186 737 1259 lugendum,
759 1185 807 1239 sed
827 1202 889 1239 cum
907 1189 983 1236 certa
1001 1197 1049 1250 spe
1075 1218 1165 1273 Mauri
1193 1218 1246 1274 hoe
1267 1237 1399 1290 processu
1421 1218 1497 1274 fam
1522 1218 1701 1273 describitur:
1731 1217 1800 1270 oum
1824 1216 1911 1284 HW

215 1109 361 1172 postquam
379 1119 433 1156 non
453 1100 576 1169 abstulit,
596 1101 649 1155 nisi
669 1099 743 1170 quad
762 1099 848 1167 dedit,
867 1114 918 1151 sua
935 1100 1049 1164 recepit,
1076 1131 1108 1185 In
1140 1133 1270 1188 chronico

215 1273 397 1327 restitutionis
416 1273 452 1327 ad
469 1273 575 1345 gaudia
593 1273 666 1327 vitae
687 1280 824 1326 aeternae.
873 1267 1049 1339 Augustinus

215 1358 294 1429 epist
321 1364 345 1414 6·
370 1344 406 1413 a'd
429 1359 499 1416 vid:
535 1358 722 1413 mema
746 1356 934 1426 promissione
953 1370 1049 1423 qma.
1079 1305 1430 1375 Cluniaccnsi'sobprcces
1442 1305 1912 1372 Theodaldiablatisosinteqrum

572 1446 578 1458 .
768 1444 773 1457 ,
881 1442 887 1454 ,
1076 1393 1188 1446 braclii
1200 1391 1229 1446 S.
1244 1392 1347 1445 Mauri
1363 1392 1498 1461 capsulae
1509 1399 1669 1461 arpenteae,
1680 1392 1773 1444 instar
1787 1389 1911 1442 tierrium

215 1465 284 1516 Μ’
316 1464 366 1500 '²⁰⁸
400 1447 436 1499 de
467 1445 520 1499 ΜΟ
549 1453 608 1498 wa
636 1446 710 1498 'md‘
733 1451 885 1511 mmmm
912 1441 1049 1510 ΨΜ
1076 1479 1229 1545 artificiose
1256 1487 1380 1545 erectae,
1411 1479 1539 1531 ckccntm
1566 1478 1701 1530 inclusum
1722 1492 1777 1544 per
1800 1491 1850 1528 ica
1868 1472 1912 1527 tui

215 1541 324 1587 nastros
343 1549 400 1585 nan
431 1532 588 1599 amisimus,
619 1532 673 1584 scd
684 1530 897 1602 praemisimus,
928 1528 969 1579 ad
986 1542 1047 1578 eain
1076 1565 1243 1618 mmmm.
1256 1567 1373 1633 fram
1390 1566 1509 1618 mmm
1530 1564 1688 1627 omnum,
1716 1579 1750 1615 a
1765 1570 1826 1615 tom
1842 1578 1911 1629 pro·

214 1619 301 1673 citam
318 1634 377 1671 esse
388 1627 526 1685 uenturos,
542 1617 592 1668 ubi
608 1617 688 1669 nodis
706 1623 786 1669 auru
799 1621 904 1684 qiianto
917 1613 1048 1710 notiores,
1074 1652 1168 1705 vincia
1190 1651 1293 1720 populi
1315 1668 1466 1705 comme
1493 1653 1591 1714 factm
1609 1657 1649 1704 m
1667 1666 1751 1720 quam
1772 1648 1913 1700 mmmm
1926 1666 1970 1708 xv]

215 1713 293 1759 tanto
325 1704 450 1757 cariores
481 1712 507 1756 ct
535 1704 595 1755 sinc
627 1704 724 1756 timore
750 1702 838 1755 ullius
863 1699 1048 1752 incensionis
1077 1738 1223 1792 devotione
1242 1739 1403 1807 praecipua
1445 1745 1517 1791 mm
1543 1738 1626 1790 diam
1653 1735 1819 1789 mmm...
1846 1749 1911 1785 m.

216 1791 360 1845 amabilcs.
407 1789 486 1853 Quae
506 1787 534 1842 in
552 1788 719 1843 contrarium
737 1787 824 1842 allata
840 1793 920 1848 sunt,
945 1802 978 1840 ex
996 1784 1049 1850 his,
1410 1777 1418 1805 ’

217 1894 289 1949 quae
316 1877 351 1930 de
377 1875 565 1930 moderatione
583 1874 674 1929 luctus
692 1875 780 1944 dicta,
811 1873 894 1927 facile
916 1870 1049 1943 explicari
1076 1824 1585 1980 Ξῖιᾙῖῖὶῗῗῗίἕὲἐᾝᾝέ
1599 1825 1727 1962 ἐζξέἰῖἶΐ
1739 1830 1912 1960 22⁰2an

216 1970 340 2036 possunt.
391 1962 515 2017 Christus
548 1961 583 2014 ad
601 1961 713 2015 viduam
741 1960 853 2026 dicens,
883 1959 945 2012 noli
969 1959 1049 2027 flere,
1078 2013 1112 2049 ac
1134 1996 1360 2063 thymiamatibus
1374 1995 1509 2064 Plurimi,
1527 1997 1569 2048 ad
1579 2003 1696 2062 portam
1714 2001 1830 2046 ,mmm
1856 1990 1910 2044 agg.

216 2068 273 2105 non
300 2048 460 2119 simpliciter
482 2048 587 2101 luctum
614 2053 641 2101 et
657 2046 795 2117 lacrymas
824 2045 968 2116 probibet,
1000 2043 1049 2098 sed
1096 2091 1165 2136 uam
1226 2091 1272 2137 w
1317 2082 1482 2135 monasterii
1505 2082 1637 2134 ambitum
1698 2080 1842 2132 omem
1865 2077 1912 2128 ob·

218 2137 320 2209 partim
339 2133 475 2190 moderari
493 2134 554 2188 vult
570 2133 718 2187 maerentis
736 2132 850 2201 luctum,
872 2132 971 2202 partim
989 2131 1051 2201 pol·
1078 2099 1107 2182 q.
1167 2100 1183 2136 ⁰
1210 2100 1225 2136 ⁶
1272 2101 1291 2135 α
1656 2098 1696 2149 pr

219 2224 318 2278 licetur
348 2238 410 2276 mox
439 2228 585 2275 secuturae
614 2218 831 2274 resuscitationis
857 2216 1051 2314 miraculosum
1078 2171 1421 2324 ἓαῖωίζωπῖἒῑεῖῗῖῖ
1436 2167 1913 2320 2ΐηῖαωίᾝέᾧέἕέωοῖἱῖἶὲ

218 2307 395 2406 beneficium.
432 2306 647 2377 Praepoiterum
665 2305 818 2403 igiturest,
837 2302 1053 2403 quodepiseopr
1080 2349 1186 2395 mmm
1203 2342 1318 2409 Parim
1338 2340 1521 2408 procident&
1546 2341 1739 2391 mamm
1758 2343 1915 2403 mmmm·

219 2411 247 2447 ιιι
267 2393 383 2448 concilio
407 2392 543 2447 Toletano
569 2390 621 2448 Ill.
647 2391 773 2444 omiiibus
798 2388 969 2443 Christiania
985 2405 1053 2456 pra·

219 2481 367 2533 tribuerunt
386 2480 536 2543 defunctos
551 2479 632 2547 flere,
653 2483 726 2547 part.
748 2482 772 2531 t.
792 2476 893 2533 decret.
911 2491 987 2532 caus.
1013 2478 1053 2529 13.
1081 2513 1177 2568 mim
1194 2513 1301 2583 ymo
1319 2513 1451 2580 lacrymis
1472 2511 1594 2566 malon.
1610 2517 1675 2563 m
1693 2517 1792 2564 mm
1805 2507 1915 2574 hym

220 2585 246 2638 q·
266 2571 290 2622 ²·
307 2582 332 2622 ⁰·
354 2571 396 2621 ²⁸¹
1082 2616 1116 2653 ac
1134 2599 1269 2653 laudibus
1289 2598 1441 2665 honorifice
1461 2597 1544 2650 nimis
1556 2602 1759 2664 prosequentes
1776 2595 1806 2646 i'n
1818 2610 1916 2646 mona·

257 2693 298 2743 95.
336 2685 484 2751 Quaeritur
515 2690 538 2739 6.
589 2685 665 2747 Quid
692 2686 728 2738 dc
764 2685 986 2754 carisiolaipsia
1021 2698 1055 2736 ac
1081 2685 1197 2738 iterium
1217 2685 1435 2738 introducerunt
1453 2691 1479 2735 et
1496 2699 1582 2751 super
1607 2681 1737 2747 macistri
1761 2681 1808 2732 sui
1825 2682 1916 2733 Bane-

222 2777 449 2842 λειψανολαιρείᾳ
468 2770 629 2840 Pontificia,
648 2770 758 2824 locist
777 2769 966 2837 derelipicsc,
984 2784 1055 2837 quas
1083 2772 1156 2825 dicti
1171 2770 1331 2824 uenerabile
1345 2770 1437 2823 altare
1452 2776 1617 2838 posuerunt.
1649 2766 1771 2823 Similem
1784 2782 1916 2836 pompam

222 2861 263 2913 ita
281 2866 399 2921 cocant,
430 2857 616 2925 reliquiarium
642 2855 719 2910 cultu
743 2856 773 2908 in
797 2872 885 2923 riano
903 2855 1055 2919 Pontificio
1081 2859 1110 2911 in
1137 2856 1319 2911 translatione
1351 2855 1467 2908 crinium
1486 2854 1513 2909 S.
1535 2854 1611 2908 Petri
1639 2851 1758 2923 apostoli
1783 2851 1916 2906 describit

219 2946 329 3015 passim
360 2945 467 3011 uigente
496 2943 532 2996 sit
559 2943 758 2995 remeandum!
810 2941 927 3005 Quando
958 2947 1055 2995 contra
1082 2943 1203 2999 chronic.
1245 2940 1454 3012 Hirsaugiense.
1522 2939 1677 2995 Concilium
1720 2938 1915 2993 Tridentinum

150 3097 155 3108 Ι
222 3031 327 3086 cultum
348 3029 543 3099 reliquiarum,
572 3027 625 3082 hoc
642 3035 684 3082 est
709 3033 806 3081 eontra
827 3025 972 3091 bonorem,
1007 3026 1055 3097 qui
1082 3031 1110 3084 iu
1130 3029 1232 3084 decret.
1259 3027 1293 3081 de
1311 3026 1390 3096 reliq.
1418 3026 1530 3094 statuit,
1562 3044 1684 3094 corpora
1710 3034 1873 3078 sanctorum
1894 3042 1913 3076 a

223 3115 394 3187 corporibus,
413 3114 522 3168 ossibus
540 3119 569 3168 et
586 3113 710 3184 reliquiis
729 3119 886 3166 sauctorum
899 3113 1053 3167 demamus·
1081 3116 1210 3181 adelitia
1229 3129 1289 3166 csse
1307 3114 1481 3180 emerenda,
1515 3130 1578 3165 cum
1598 3129 1651 3180 per
1669 3127 1704 3164 ea
1730 3112 1819 3164 multa
1835 3112 1914 3163 tsna-

220 3220 283 3257 rum
310 3202 338 3255 in
364 3206 469 3271 papatu
493 3199 632 3267 defertur,
661 3199 848 3269 disputamus,
878 3214 1054 3268 nequaquam
1075 3202 1147 3270 ficio
1164 3218 1183 3252 a
1203 3202 1267 3253 Deo
1284 3198 1439 3253 hominibus
1459 3206 1655 3267 praestentur,
1685 3202 1714 3252 et
1742 3196 1834 3264 addit,
1863 3198 1914 3249 da·

221 3289 359 3357 docemus,
377 3301 492 3356 corpora
511 3285 555 3339 vel
573 3302 636 3339 ossa
653 3291 810 3340 sanctornm
824 3284 1054 3340 essecantemtim
1081 3290 1217 3342 mnandci
1235 3302 1307 3354 esse,
1337 3286 1387 3354 qui
1401 3286 1563 3354 affirmant,
1598 3292 1757 3348 sanctarum
1783 3284 1914 3353 reliquiis

219 3374 356 3439 habenda,
386 3372 568 3426 irreverenter
600 3370 762 3440 tractanda,
786 3371 814 3425 in
851 3371 1053 3441 sterquilinium
1080 3375 1287 3428 separationem
1316 3382 1399 3441 atque
1425 3372 1558 3426 honorem
1581 3389 1638 3424 noa
1662 3370 1773 3437 deberi,
1802 3369 1846 3422 rel
1867 3387 1915 3422 eas

221 3459 409 3531 projicienda,
437 3473 527 3528 neque
546 3455 733 3526 approbamus
760 3455 972 3511 Calvlnistarum
988 3474 1054 3528 quo·
1082 3462 1196 3530 aliaque
1227 3477 1312 3513 sacra
1342 3467 1519 3512 monumenta
1550 3477 1569 3511 a
1608 3457 1738 3524 fidelibus
1775 3457 1915 3510 inutiliter

222 3547 340 3601 rundam
358 3543 557 3614 intemperiem,
577 3558 633 3613 qua
653 3543 681 3597 in
698 3541 797 3598 Galliis
818 3556 880 3598 ossa
897 3551 1054 3598 sanctorum
1081 3547 1233 3615 honorari,
1263 3553 1346 3614 atque
1376 3562 1469 3599 eorum
1499 3545 1561 3615 opis
1601 3545 1796 3612 impetrandae
1826 3559 1915 3595 causa

222 3634 352 3699 Irenaei,
385 3631 499 3685 Hilarii
523 3639 549 3683 et
574 3631 700 3683 Martini
723 3629 823 3683 effossa
846 3637 1004 3685 cremarunt
1028 3637 1056 3686 et
1082 3642 1242 3688 sanictos-um
1270 3633 1420 3684 memorias
1445 3633 1559 3696 frustra
1580 3629 1766 3698 frequentari.
1813 3628 1914 3696 Philip.

223 3722 364 3792 pulverem
383 3718 413 3771 in
431 3715 612 3787 profluentem
633 3716 821 3786 projecerunt,
849 3716 872 3770 si
898 3733 964 3771 vera
982 3723 1055 3784 sunt,
1082 3719 1242 3776 Melanthon
1275 3717 1304 3770 in
1333 3734 1464 3788 responsa
1487 3717 1550 3771 adv.
1577 3716 1672 3771 Colcn.
1700 3716 1735 3770 de
1761 3713 1915 3769 sacnticulc

1081 2443 1133 2498 quc
1152 2429 1300 2481 secundum
1318 2427 1400 2481 illum
1417 2427 1509 2480 locum
1524 2425 1701 2479 devotissime
1711 2441 1746 2476 ac
1756 2429 1915 2475 νευειειιιει·

225 3801 814 3876 quaeSuriusinbistaun.1562.etex
828 3803 1056 3857 eossellarminus
1083 3806 1203 3878 quodam
1239 3807 1388 3868 memorat,
1420 3802 1495 3873 quod
1532 3803 1563 3855 in
1600 3801 1733 3855 uiciniam
1771 3801 1915 3868 Tulinqae

224 3891 272 3949 lib.
292 3896 315 3947 2.
334 3891 369 3945 de
383 3891 462 3961 reliq.
482 3895 569 3946 sanct.
589 3907 614 3945 c.
637 3896 658 3944 l.
679 3888 819 3957 referunt;
844 3889 893 3943 sed
913 3906 1056 3960 negamus,
1083 3894 1210 3946 diuorum
1236 3891 1376 3958 reliquias
1402 3907 1493 3943 secum
1511 3889 1659 3952 deferens,
1688 3888 1739 3941 loc
1760 3887 1915 3958 masconia

225 3994 341 4048 corpora
371 3977 414 4032 vel
445 3993 508 4030 assa
537 3982 694 4030 sanctarum
723 3991 798 4029 more
829 3975 964 4045 papisticc
997 3993 1057 4031 esse
1083 3997 1131 4032 eas
1153 3977 1262 4048 populo
1288 3975 1538 4042 commendaverit,
1571 3981 1602 4027 ut
1619 3974 1691 4028 niliil
1716 3993 1735 4027 a
1749 3974 1916 4043 pestilentia

225 4064 354 4136 religioso
376 4063 424 4117 illo
443 4062 529 4126 cultu,
551 4061 598 4133 qui
617 4062 644 4114 in
664 4068 769 4132 papatu
789 4061 873 4131 riget,
892 4063 1056 4119 veneranda.
1079 4065 1207 4134 periculi
1222 4065 1288 4128 fore
1307 4072 1364 4117 tcta
1378 4081 1453 4116 anno
1465 4063 1516 4129 liis,
1529 4062 1580 4129 qui
1590 4078 1638 4113 eas
1652 4061 1772 4114 ciuitati
1781 4060 1916 4129 fuissent,

229 4140 365 4205 Consistit
383 4155 476 4204 autem
495 4147 541 4203 illc
560 4138 650 4201 cultus
669 4148 697 4200 in
713 4146 757 4199 his
770 4147 942 4217 potissimum
961 4147 1058 4218 capiti·
1085 4153 1197 4205 dicum.
1241 4148 1393 4204 Historiam
1422 4149 1560 4219 integram
1591 4146 1768 4202 recitabimus
1792 4147 1916 4205 inferius.

224 4237 289 4306 bus,
323 4243 345 4291 l.
372 4235 445 4306 quod
474 4251 537 4312 ossa
560 4233 609 4287 illa
633 4233 733 4304 populo
756 4232 885 4304 religiose
902 4235 1059 4288 veneranda
1083 4236 1213 4291 costerus
1232 4236 1259 4290 in
1279 4234 1412 4290 enchirid.
1432 4251 1455 4290 c.
1478 4241 1522 4289 15:
1549 4233 1622 4287 Ossa
1638 4242 1800 4287 sanctorum
1817 4233 1918 4288 ludent

224 4328 391 4384 moniti-anm
420 4326 443 4376 2.
473 4319 547 4390 quod
576 4319 670 4373 cadem
696 4317 845 4372 osculanda
867 4319 1058 4388 spectantibus
1083 4324 1138 4376 cini
1167 4330 1296 4377 contactu
1321 4339 1372 4375 suo
1398 4320 1611 4386 sanctificandi,
1643 4337 1677 4373 ac
1708 4320 1758 4387 qui
1783 4319 1918 4386 martyris

225 4410 359 4478 offerunt;
391 4412 414 4463 3.
444 4406 519 4478 quod
549 4422 640 4460 coram
669 4404 723 4459 illis
751 4421 844 4476 genua
872 4405 1011 4461 flectenda
1030 4415 1058 4461 et
1084 4426 1149 4462 oasa
1167 4409 1302 4476 altiperit,
1319 4407 1399 4469 illins
1416 4405 1768 4474 iustitiaesancti'tatisqae
1783 4407 1917 4472 quodnis-

225 4494 423 4565 procideudum
451 4510 510 4548 esse
534 4493 649 4561 docent,
680 4499 704 4547 l.
723 4492 798 4563 quod
821 4492 1057 4563 peregrinationes
1083 4497 1167 4549 moda
1191 4496 1336 4564 particeps
1367 4494 1402 4545 od
1428 4494 1551 4562 qratiam
1577 4510 1610 4546 cc
1634 4510 1729 4546 eorum
1752 4493 1917 4559 corporibus

226 4583 262 4635 ad
280 4598 374 4636 eorum
391 4581 452 4635 loca
469 4579 632 4646 instituunt3
664 4585 686 4632 t.
705 4578 779 4650 quod
798 4595 894 4648 preces
920 4579 1002 4634 citius
1019 4581 1059 4634 ibi
1080 4583 1278 4650 procedentem
1295 4580 1425 4644 eflicitur.
1463 4577 1542 4632 Idem
1559 4587 1630 4649 part.
1651 4584 1672 4633 1.
1691 4594 1767 4633 cone.
1788 4583 1830 4633 23.
1852 4585 1917 4649 post

226 4667 349 4723 exaudiri
386 4666 570 4735 arbitrantur;
609 4670 632 4720 a.
670 4664 746 4736 quod
781 4664 884 4719 cultum
911 4664 989 4719 illum
1021 4667 1058 4721 ad
1083 4667 1197 4722 Pentec.
1237 4666 1337 4720 Omnes
1355 4671 1480 4732 sanctos,
1512 4665 1632 4719 tonores
1653 4683 1752 4735 aarum,
1770 4666 1916 4734 reliquias,

226 4753 345 4824 gratiam
375 4758 403 4806 et
433 4758 609 4822 peecatorum
637 4750 839 4823 indulgentiam
867 4752 941 4820 apud
967 4752 1057 4808 Deum
1083 4772 1133 4808 nec
1152 4753 1262 4806 dubitas
1280 4753 1316 4804 cie
1333 4751 1442 4804 cundia
1461 4767 1566 4820 comm,
1585 4760 1611 4804 et
1630 4753 1665 4804 dc
1694 4752 1858 4815 ‹lasciuione
1875 4755 1918 4807 tui

226 4839 427 4909 impetrandam
445 4837 551 4908 aliquid
569 4837 725 4891 faceresibi
738 4837 921 4907 persuadent,
941 4845 964 4894 t.
983 4840 1057 4910 quod
1084 4842 1220 4893 aduersus
1249 4839 1427 4900 daemonem,
1458 4838 1507 4905 qui
1534 4838 1611 4891 timet
1639 4837 1755 4891 illorum
1786 4857 1916 4908 inapnani

226 4924 350 4979 candelis
369 4922 501 4987 accensis,
520 4923 616 4990 serico,
635 4922 746 4976 corollis
763 4921 880 4993 aliisque
891 4927 1058 4979 ornamentis
1084 4926 1213 4979 uirtmem
1243 4932 1293 4979 etc.
1342 4921 1527 4978 Bellarminus
1555 4923 1584 4976 in
1614 4922 1663 4976 lib.
1692 4929 1715 4978 2.
1742 4925 1778 4978 de
1806 4925 1917 4996 imagin.

227 5011 318 5065 cultus
337 5009 427 5080 gratia
445 5007 576 5079 reliquias
595 5007 740 5072 decorant;
771 5013 793 5062 8.
814 5008 889 5078 quod
916 5009 952 5063 ad
972 4975 1108 5081 majo-lc.
1128 5017 1172 5066 30:
1206 5010 1389 5078 sanctificari
1413 5010 1510 5078 atiquo
1537 5012 1621 5063 modo
1638 5026 1701 5075 eas,
1730 5012 1780 5079 qui
1802 5020 1919 5083 tenpuiit

227 5115 283 5152 rem
298 5096 517 5165 juramentorum
534 5093 695 5165 religionem
709 5110 756 5149 eas
771 5092 917 5158 adhibent;
938 5100 963 5149 9.
982 5047 1223 5167 quodlreli‘qui'as
1259 5095 1434 5164 sanctorum,
1478 5104 1637 5151 constanter
1682 5099 1780 5151 docent
1811 5110 1918 5170 patres.

228 5182 353 5252 pontifex
382 5199 433 5252 per
463 5196 540 5234 suam
574 5179 808 5234 canonisationem
841 5187 951 5234 sanctos
982 5168 1133 5256 iuva-llib.
1152 5188 1175 5240 2.
1196 5182 1231 5237 de
1249 5181 1323 5237 beat.
1341 5190 1429 5239 sanet.
1448 5199 1471 5237 c.
1491 5187 1520 5237 2:
1549 5183 1611 5237 Nos
1636 5183 1774 5252 reli'qai'as
1798 5187 1919 5242 lancra-

228 5269 332 5324 caudos
368 5276 395 5323 et
428 5265 559 5337 reliquias
596 5281 689 5319 eorum
725 5265 853 5336 religiose
888 5269 1147 5324 venerandasimus
1174 5277 1200 5323 ct
1234 5270 1396 5323 osculamur
1432 5278 1462 5322 ut
1480 5287 1565 5322 saera
1587 5271 1712 5339 pipnora
1732 5281 1920 5340 patronorum

229 5355 376 5409 decernere
393 5353 480 5423 possit
498 5369 530 5407 ac
549 5351 660 5418 debeat,
677 5362 731 5410 ert.
753 5353 787 5406 dc
801 5352 878 5423 reliq.
894 5360 921 5406 st
938 5332 1256 5410 vennatlncstrorum.
1306 5353 1459 5427 Gregorius
1487 5356 1522 5409 de
1551 5355 1663 5413 Valent.
1690 5359 1720 5412 in
1747 5360 1820 5430 apol.
1846 5370 1918 5418 cont.

229 5441 467 5510 iauct.10.quod
496 5438 599 5509 portari
629 5454 676 5492 eas
703 5457 784 5509 posse
812 5439 905 5493 dicant
931 5435 1326 5509 in00110,³Hcorb1-and.f01.
1349 5449 1393 5497 57:
1426 5442 1572 5511 Reliquias
1590 5445 1741 5508 custodiri,
1773 5455 1804 5499 ut
1823 5465 1921 5502 coram
