<?xml version="1.0" encoding="UTF-8"?>
<!DOCTYPE html PUBLIC "-//W3C//DTD XHTML 1.0 Transitional//EN"
    "http://www.w3.org/TR/xhtml1/DTD/xhtml1-transitional.dtd">
<html xmlns="http://www.w3.org/1999/xhtml" xml:lang="en" lang="en">
 <head>
  <title>
</title>
<meta http-equiv="Content-Type" content="text/html;charset=utf-8" />
  <meta name='ocr-system' content='tesseract 3.04.00' />
  <meta name='ocr-capabilities' content='ocr_page ocr_carea ocr_par ocr_line ocrx_word'/>
</head>
<body>
  <div class='ocr_page' id='page_1' title='image "./locitheologicit00gerhgoog/locitheologicit00gerhgoog_0494.png"; bbox 0 0 4104 6014; ppageno 0'>
   <div class='ocr_carea' id='block_1_1' title="bbox 721 242 1894 317">
    <p class='ocr_par' dir='ltr' id='par_1_1' title="bbox 721 242 1894 317">
     <span class='ocr_line' id='line_1_1' title="bbox 721 242 1894 317; baseline 0.008 -11"><span class='ocrx_word' id='word_1_1' title='bbox 721 247 772 306; x_wconf 81' lang='lat' dir='ltr'>Dlt</span> <span class='ocrx_word' id='word_1_2' title='bbox 792 242 1035 306; x_wconf 73' lang='lat' dir='ltr'>uonnuomm</span> <span class='ocrx_word' id='word_1_3' title='bbox 1053 245 1379 309; x_wconf 64' lang='lat' dir='ltr'>munusculum</span> <span class='ocrx_word' id='word_1_4' title='bbox 1834 256 1894 317; x_wconf 80' lang='lat' dir='ltr'>tet</span> 
     </span>
    </p>
   </div>
   <div class='ocr_carea' id='block_1_2' title="bbox 86 400 2011 4346">
    <p class='ocr_par' dir='ltr' id='par_1_2' title="bbox 86 400 2011 4346">
     <span class='ocr_line' id='line_1_2' title="bbox 203 400 1896 475; baseline 0.001 -16"><span class='ocrx_word' id='word_1_5' title='bbox 203 420 283 459; x_wconf 80' lang='lat' dir='ltr'>noces</span> <span class='ocrx_word' id='word_1_6' title='bbox 306 404 366 459; x_wconf 87' lang='lat' dir='ltr'>Dei</span> <span class='ocrx_word' id='word_1_7' title='bbox 389 404 520 460; x_wconf 87' lang='lat' dir='ltr'>dicuntur</span> <span class='ocrx_word' id='word_1_8' title='bbox 546 403 649 462; x_wconf 87' lang='lat' dir='ltr'>Psalm.</span> <span class='ocrx_word' id='word_1_9' title='bbox 676 410 723 470; x_wconf 85' lang='grc'>18,</span> <span class='ocrx_word' id='word_1_10' title='bbox 747 422 773 460; x_wconf 85' lang='lat' dir='ltr'>v.</span> <span class='ocrx_word' id='word_1_11' title='bbox 801 410 841 460; x_wconf 83' lang='lat' dir='ltr'>te.</span> <span class='ocrx_word' id='word_1_12' title='bbox 875 400 1038 475; x_wconf 86' lang='lat' dir='ltr'>angelorum</span> <span class='ocrx_word' id='word_1_13' title='bbox 1064 406 1171 471; x_wconf 85' lang='lat' dir='ltr'>autem,</span> <span class='ocrx_word' id='word_1_14' title='bbox 1197 402 1232 457; x_wconf 73' lang='lat' dir='ltr'>iet</span> <span class='ocrx_word' id='word_1_15' title='bbox 1248 411 1290 458; x_wconf 86' lang='lat' dir='ltr'>est</span> <span class='ocrx_word' id='word_1_16' title='bbox 1307 404 1436 475; x_wconf 85' lang='lat' dir='ltr'>septimo,</span> <span class='ocrx_word' id='word_1_17' title='bbox 1462 405 1542 459; x_wconf 86' lang='lat' dir='ltr'>clara</span> <span class='ocrx_word' id='word_1_18' title='bbox 1561 404 1644 459; x_wconf 80' lang='lat' dir='ltr'>tuias</span> <span class='ocrx_word' id='word_1_19' title='bbox 1663 404 1784 475; x_wconf 74' lang='lat' dir='ltr'>strepim</span> <span class='ocrx_word' id='word_1_20' title='bbox 1800 421 1896 474; x_wconf 89' lang='lat' dir='ltr'>persa·</span> 
     </span>
     <span class='ocr_line' id='line_1_3' title="bbox 203 488 1897 562; baseline 0.002 -18"><span class='ocrx_word' id='word_1_21' title='bbox 203 489 354 546; x_wconf 88' lang='lat' dir='ltr'>ministerio</span> <span class='ocrx_word' id='word_1_22' title='bbox 382 490 507 547; x_wconf 83' lang='lat' dir='ltr'>formata.</span> <span class='ocrx_word' id='word_1_23' title='bbox 546 490 774 562; x_wconf 83' lang='lat' dir='ltr'>&#39;l&#39;heopbylaatus</span> <span class='ocrx_word' id='word_1_24' title='bbox 793 491 823 545; x_wconf 91' lang='lat' dir='ltr'>in</span> <span class='ocrx_word' id='word_1_25' title='bbox 851 496 873 545; x_wconf 93' lang='grc'>1.</span> <span class='ocrx_word' id='word_1_26' title='bbox 890 488 987 544; x_wconf 82' lang='lat' dir='ltr'>Thess</span> <span class='ocrx_word' id='word_1_27' title='bbox 1007 493 1037 542; x_wconf 82' lang='lat' dir='ltr'>t:</span> <span class='ocrx_word' id='word_1_28' title='bbox 1063 495 1148 540; x_wconf 85' lang='lat' dir='ltr'>nante</span> <span class='ocrx_word' id='word_1_29' title='bbox 1175 490 1280 543; x_wconf 88' lang='lat' dir='ltr'>mertui</span> <span class='ocrx_word' id='word_1_30' title='bbox 1304 490 1487 545; x_wconf 84' lang='lat' dir='ltr'>suscitantur.</span> <span class='ocrx_word' id='word_1_31' title='bbox 1530 488 1714 546; x_wconf 73' lang='lat' dir='ltr'>oecumenius</span> <span class='ocrx_word' id='word_1_32' title='bbox 1742 490 1771 545; x_wconf 91' lang='lat' dir='ltr'>in</span> <span class='ocrx_word' id='word_1_33' title='bbox 1798 506 1897 547; x_wconf 85' lang='lat' dir='ltr'>comm.</span> 
     </span>
     <span class='ocr_line' id='line_1_4' title="bbox 207 570 1898 647; baseline 0.002 -19"><span class='ocrx_word' id='word_1_34' title='bbox 207 575 241 628; x_wconf 90' lang='lat' dir='ltr'>Ut</span> <span class='ocrx_word' id='word_1_35' title='bbox 257 575 347 630; x_wconf 86' lang='lat' dir='ltr'>Pater</span> <span class='ocrx_word' id='word_1_36' title='bbox 370 577 400 631; x_wconf 84' lang='lat' dir='ltr'>in</span> <span class='ocrx_word' id='word_1_37' title='bbox 424 585 515 631; x_wconf 83' lang='lat' dir='ltr'>monte</span> <span class='ocrx_word' id='word_1_38' title='bbox 536 575 622 631; x_wconf 75' lang='lat' dir='ltr'>Sinai</span> <span class='ocrx_word' id='word_1_39' title='bbox 640 577 722 632; x_wconf 80' lang='lat' dir='ltr'>tubas</span> <span class='ocrx_word' id='word_1_40' title='bbox 739 577 858 630; x_wconf 78' lang='lat' dir='ltr'>habebat</span> <span class='ocrx_word' id='word_1_41' title='bbox 877 584 903 630; x_wconf 87' lang='lat' dir='ltr'>et</span> <span class='ocrx_word' id='word_1_42' title='bbox 921 573 1038 643; x_wconf 76' lang='lat' dir='ltr'>anpelos</span> <span class='ocrx_word' id='word_1_43' title='bbox 1064 570 1137 626; x_wconf 89' lang='lat' dir='ltr'>illius</span> <span class='ocrx_word' id='word_1_44' title='bbox 1163 573 1232 627; x_wconf 84' lang='lat' dir='ltr'>loci:</span> <span class='ocrx_word' id='word_1_45' title='bbox 1262 575 1298 628; x_wconf 88' lang='lat' dir='ltr'>In</span> <span class='ocrx_word' id='word_1_46' title='bbox 1325 575 1422 643; x_wconf 75' lang='lat' dir='ltr'>imru,</span> <span class='ocrx_word' id='word_1_47' title='bbox 1458 575 1542 629; x_wconf 72' lang='lat' dir='ltr'>mmai</span> <span class='ocrx_word' id='word_1_48' title='bbox 1571 583 1601 630; x_wconf 93' lang='lat' dir='ltr'>ut</span> <span class='ocrx_word' id='word_1_49' title='bbox 1632 576 1695 647; x_wconf 87' lang='lat' dir='ltr'>ipse</span> <span class='ocrx_word' id='word_1_50' title='bbox 1720 577 1840 646; x_wconf 81' lang='lat' dir='ltr'>jusserit</span> <span class='ocrx_word' id='word_1_51' title='bbox 1871 583 1898 631; x_wconf 89' lang='lat' dir='ltr'>st</span> 
     </span>
     <span class='ocr_line' id='line_1_5' title="bbox 204 659 1897 732; baseline 0.001 -17"><span class='ocrx_word' id='word_1_52' title='bbox 204 662 410 732; x_wconf 68' lang='lat' dir='ltr'>ministrantes,</span> <span class='ocrx_word' id='word_1_53' title='bbox 439 663 480 716; x_wconf 86' lang='lat' dir='ltr'>ita</span> <span class='ocrx_word' id='word_1_54' title='bbox 503 662 598 717; x_wconf 73' lang='lat' dir='ltr'>Fatue</span> <span class='ocrx_word' id='word_1_55' title='bbox 623 663 710 718; x_wconf 83' lang='lat' dir='ltr'>ueluti</span> <span class='ocrx_word' id='word_1_56' title='bbox 730 678 780 716; x_wconf 81' lang='lat' dir='ltr'>rea</span> <span class='ocrx_word' id='word_1_57' title='bbox 807 668 857 715; x_wconf 87' lang='lat' dir='ltr'>aut</span> <span class='ocrx_word' id='word_1_58' title='bbox 882 663 1038 731; x_wconf 88' lang='lat' dir='ltr'>imperator</span> <span class='ocrx_word' id='word_1_59' title='bbox 1065 659 1253 728; x_wconf 62' lang='lat' dir='ltr'>archangelus</span> <span class='ocrx_word' id='word_1_60' title='bbox 1271 678 1364 716; x_wconf 84' lang='lat' dir='ltr'>rocem</span> <span class='ocrx_word' id='word_1_61' title='bbox 1384 663 1506 716; x_wconf 87' lang='lat' dir='ltr'>emiserit</span> <span class='ocrx_word' id='word_1_62' title='bbox 1524 680 1559 717; x_wconf 87' lang='lat' dir='ltr'>ac</span> <span class='ocrx_word' id='word_1_63' title='bbox 1578 663 1659 716; x_wconf 82' lang='lat' dir='ltr'>tubae</span> <span class='ocrx_word' id='word_1_64' title='bbox 1675 663 1830 732; x_wconf 67' lang='lat' dir='ltr'>sanamini,</span> <span class='ocrx_word' id='word_1_65' title='bbox 1849 664 1897 717; x_wconf 85' lang='lat' dir='ltr'>de·</span> 
     </span>
     <span class='ocr_line' id='line_1_6' title="bbox 204 746 1897 818; baseline 0.002 -18"><span class='ocrx_word' id='word_1_66' title='bbox 204 750 304 801; x_wconf 81' lang='lat' dir='ltr'>eadem</span> <span class='ocrx_word' id='word_1_67' title='bbox 346 748 493 802; x_wconf 66' lang='lat' dir='ltr'>laodiensi</span> <span class='ocrx_word' id='word_1_68' title='bbox 536 754 586 804; x_wconf 87' lang='lat' dir='ltr'>est.</span> <span class='ocrx_word' id='word_1_69' title='bbox 641 746 833 804; x_wconf 86' lang='lat' dir='ltr'>Theodoretus</span> <span class='ocrx_word' id='word_1_70' title='bbox 876 747 906 801; x_wconf 92' lang='lat' dir='ltr'>in</span> <span class='ocrx_word' id='word_1_71' title='bbox 939 762 1036 800; x_wconf 88' lang='lat' dir='ltr'>comm.</span> <span class='ocrx_word' id='word_1_72' title='bbox 1064 747 1186 802; x_wconf 84' lang='lat' dir='ltr'>scendet.</span> <span class='ocrx_word' id='word_1_73' title='bbox 1223 747 1310 801; x_wconf 76' lang='lat' dir='ltr'>Jeme</span> <span class='ocrx_word' id='word_1_74' title='bbox 1327 747 1431 818; x_wconf 74' lang='lat' dir='ltr'>quippe</span> <span class='ocrx_word' id='word_1_75' title='bbox 1448 749 1588 804; x_wconf 70' lang='lat' dir='ltr'>Donamus</span> <span class='ocrx_word' id='word_1_76' title='bbox 1605 756 1632 804; x_wconf 92' lang='lat' dir='ltr'>et</span> <span class='ocrx_word' id='word_1_77' title='bbox 1654 766 1720 804; x_wconf 83' lang='lat' dir='ltr'>uoce</span> <span class='ocrx_word' id='word_1_78' title='bbox 1738 750 1798 803; x_wconf 83' lang='lat' dir='ltr'>edit</span> <span class='ocrx_word' id='word_1_79' title='bbox 1815 749 1897 803; x_wconf 80' lang='lat' dir='ltr'>arcl-</span> 
     </span>
     <span class='ocr_line' id='line_1_7' title="bbox 206 831 1897 906; baseline -0.001 -17"><span class='ocrx_word' id='word_1_80' title='bbox 206 840 227 889; x_wconf 88' lang='grc'>1.</span> <span class='ocrx_word' id='word_1_81' title='bbox 246 832 344 887; x_wconf 86' lang='lat' dir='ltr'>Thess.</span> <span class='ocrx_word' id='word_1_82' title='bbox 367 839 398 889; x_wconf 77' lang='lat' dir='ltr'>t:</span> <span class='ocrx_word' id='word_1_83' title='bbox 425 833 460 888; x_wconf 82' lang='lat' dir='ltr'>Si</span> <span class='ocrx_word' id='word_1_84' title='bbox 483 834 513 888; x_wconf 89' lang='lat' dir='ltr'>in</span> <span class='ocrx_word' id='word_1_85' title='bbox 537 841 627 888; x_wconf 86' lang='lat' dir='ltr'>monte</span> <span class='ocrx_word' id='word_1_86' title='bbox 653 833 740 903; x_wconf 78' lang='lat' dir='ltr'>Sina,</span> <span class='ocrx_word' id='word_1_87' title='bbox 766 852 829 887; x_wconf 88' lang='lat' dir='ltr'>cum</span> <span class='ocrx_word' id='word_1_88' title='bbox 851 833 945 887; x_wconf 83' lang='lat' dir='ltr'>editus</span> <span class='ocrx_word' id='word_1_89' title='bbox 967 838 1038 885; x_wconf 84' lang='lat' dir='ltr'>esset</span> <span class='ocrx_word' id='word_1_90' title='bbox 1064 831 1182 900; x_wconf 76' lang='lat' dir='ltr'>onpelas</span> <span class='ocrx_word' id='word_1_91' title='bbox 1205 833 1319 902; x_wconf 84' lang='lat' dir='ltr'>jussum</span> <span class='ocrx_word' id='word_1_92' title='bbox 1351 835 1545 903; x_wconf 88' lang='lat' dir='ltr'>Dominicum,</span> <span class='ocrx_word' id='word_1_93' title='bbox 1583 850 1735 906; x_wconf 76' lang='lat' dir='ltr'>sonumque</span> <span class='ocrx_word' id='word_1_94' title='bbox 1772 836 1897 889; x_wconf 89' lang='lat' dir='ltr'>emittunt</span> 
     </span>
     <span class='ocr_line' id='line_1_8' title="bbox 202 916 1894 992; baseline 0.001 -20"><span class='ocrx_word' id='word_1_95' title='bbox 202 937 304 984; x_wconf 87' lang='lat' dir='ltr'>sonus,</span> <span class='ocrx_word' id='word_1_96' title='bbox 331 921 382 986; x_wconf 86' lang='lat' dir='ltr'>iis,</span> <span class='ocrx_word' id='word_1_97' title='bbox 404 921 455 989; x_wconf 76' lang='lat' dir='ltr'>oui</span> <span class='ocrx_word' id='word_1_98' title='bbox 472 922 610 989; x_wconf 83' lang='lat' dir='ltr'>aderant,</span> <span class='ocrx_word' id='word_1_99' title='bbox 636 921 873 982; x_wconf 87' lang='lat' dir='ltr'>commoderatus,</span> <span class='ocrx_word' id='word_1_100' title='bbox 899 935 955 971; x_wconf 90' lang='lat' dir='ltr'>nan</span> <span class='ocrx_word' id='word_1_101' title='bbox 972 916 1038 970; x_wconf 85' lang='lat' dir='ltr'>tulit</span> <span class='ocrx_word' id='word_1_102' title='bbox 1063 918 1150 971; x_wconf 86' lang='lat' dir='ltr'>ceteri</span> <span class='ocrx_word' id='word_1_103' title='bbox 1172 921 1285 974; x_wconf 84' lang='lat' dir='ltr'>ordines</span> <span class='ocrx_word' id='word_1_104' title='bbox 1303 922 1446 991; x_wconf 71' lang='lat' dir='ltr'>coelestes,</span> <span class='ocrx_word' id='word_1_105' title='bbox 1469 940 1539 991; x_wconf 75' lang='lat' dir='ltr'>pisos</span> <span class='ocrx_word' id='word_1_106' title='bbox 1559 922 1712 992; x_wconf 76' lang='lat' dir='ltr'>fipurats&#39;ce</span> <span class='ocrx_word' id='word_1_107' title='bbox 1736 921 1817 974; x_wconf 77' lang='lat' dir='ltr'>tubas</span> <span class='ocrx_word' id='word_1_108' title='bbox 1842 938 1894 992; x_wconf 91' lang='lat' dir='ltr'>ap·</span> 
     </span>
     <span class='ocr_line' id='line_1_9' title="bbox 86 1003 1896 1075; baseline 0.008 -29"><span class='ocrx_word' id='word_1_109' title='bbox 86 1005 142 1048; x_wconf 75' lang='lat' dir='ltr'>m</span> <span class='ocrx_word' id='word_1_110' title='bbox 155 1006 188 1049; x_wconf 74' lang='lat' dir='ltr'>tt</span> <span class='ocrx_word' id='word_1_111' title='bbox 198 1005 326 1074; x_wconf 80' lang='lat' dir='ltr'>populus</span> <span class='ocrx_word' id='word_1_112' title='bbox 344 1006 481 1074; x_wconf 82' lang='lat' dir='ltr'>inpertem</span> <span class='ocrx_word' id='word_1_113' title='bbox 500 1013 647 1073; x_wconf 87' lang='lat' dir='ltr'>terrorem,</span> <span class='ocrx_word' id='word_1_114' title='bbox 665 1005 718 1057; x_wconf 87' lang='lat' dir='ltr'>sed</span> <span class='ocrx_word' id='word_1_115' title='bbox 728 1005 800 1057; x_wconf 81' lang='lat' dir='ltr'>dicit</span> <span class='ocrx_word' id='word_1_116' title='bbox 810 1020 911 1071; x_wconf 79' lang='lat' dir='ltr'>mapno</span> <span class='ocrx_word' id='word_1_117' title='bbox 922 1003 1035 1070; x_wconf 75' lang='lat' dir='ltr'>Moysi:</span> <span class='ocrx_word' id='word_1_118' title='bbox 1061 1004 1166 1074; x_wconf 86' lang='lat' dir='ltr'>pellet,</span> <span class='ocrx_word' id='word_1_119' title='bbox 1184 1008 1418 1075; x_wconf 78' lang='lat' dir='ltr'>quemadmodum</span> <span class='ocrx_word' id='word_1_120' title='bbox 1438 1009 1523 1062; x_wconf 84' lang='lat' dir='ltr'>etiam</span> <span class='ocrx_word' id='word_1_121' title='bbox 1541 1010 1624 1062; x_wconf 82' lang='lat' dir='ltr'>edere</span> <span class='ocrx_word' id='word_1_122' title='bbox 1638 1008 1716 1062; x_wconf 72' lang='lat' dir='ltr'>debit.</span> <span class='ocrx_word' id='word_1_123' title='bbox 1758 1005 1819 1060; x_wconf 79' lang='lat' dir='ltr'>Sed</span> <span class='ocrx_word' id='word_1_124' title='bbox 1835 1008 1896 1061; x_wconf 90' lang='lat' dir='ltr'>Do·</span> 
     </span>
     <span class='ocr_line' id='line_1_10' title="bbox 202 1089 1899 1162; baseline 0.001 -17"><span class='ocrx_word' id='word_1_125' title='bbox 202 1092 331 1161; x_wconf 75' lang='lat' dir='ltr'>Loquere</span> <span class='ocrx_word' id='word_1_126' title='bbox 357 1099 388 1145; x_wconf 92' lang='lat' dir='ltr'>tu</span> <span class='ocrx_word' id='word_1_127' title='bbox 405 1092 486 1145; x_wconf 67' lang='lat' dir='ltr'>nolu</span> <span class='ocrx_word' id='word_1_128' title='bbox 511 1099 538 1145; x_wconf 87' lang='lat' dir='ltr'>et</span> <span class='ocrx_word' id='word_1_129' title='bbox 558 1091 766 1159; x_wconf 76' lang='lat' dir='ltr'>conloquatur</span> <span class='ocrx_word' id='word_1_130' title='bbox 787 1091 866 1143; x_wconf 89' lang='lat' dir='ltr'>Deus</span> <span class='ocrx_word' id='word_1_131' title='bbox 885 1089 1037 1156; x_wconf 83' lang='lat' dir='ltr'>nobiscum,</span> <span class='ocrx_word' id='word_1_132' title='bbox 1063 1089 1153 1142; x_wconf 88' lang='lat' dir='ltr'>minus</span> <span class='ocrx_word' id='word_1_133' title='bbox 1172 1092 1285 1160; x_wconf 78' lang='lat' dir='ltr'>quidem</span> <span class='ocrx_word' id='word_1_134' title='bbox 1306 1092 1397 1161; x_wconf 77' lang='lat' dir='ltr'>iubet,</span> <span class='ocrx_word' id='word_1_135' title='bbox 1421 1093 1610 1162; x_wconf 75' lang='lat' dir='ltr'>malaspelus</span> <span class='ocrx_word' id='word_1_136' title='bbox 1634 1110 1699 1147; x_wconf 85' lang='lat' dir='ltr'>uero</span> <span class='ocrx_word' id='word_1_137' title='bbox 1718 1092 1899 1147; x_wconf 82' lang='lat' dir='ltr'>Dominicum</span> 
     </span>
     <span class='ocr_line' id='line_1_11' title="bbox 201 1175 1899 1248; baseline 0.002 -17"><span class='ocrx_word' id='word_1_138' title='bbox 201 1185 233 1232; x_wconf 89' lang='lat' dir='ltr'>ut</span> <span class='ocrx_word' id='word_1_139' title='bbox 249 1196 306 1232; x_wconf 89' lang='lat' dir='ltr'>non</span> <span class='ocrx_word' id='word_1_140' title='bbox 325 1179 498 1246; x_wconf 80' lang='lat' dir='ltr'><strong><em>moriamur,</em></strong></span> <span class='ocrx_word' id='word_1_141' title='bbox 522 1179 586 1246; x_wconf 78' lang='lat' dir='ltr'>auis</span> <span class='ocrx_word' id='word_1_142' title='bbox 606 1180 681 1244; x_wconf 77' lang='lat' dir='ltr'>feret</span> <span class='ocrx_word' id='word_1_143' title='bbox 699 1194 804 1246; x_wconf 87' lang='lat' dir='ltr'>vocem,</span> <span class='ocrx_word' id='word_1_144' title='bbox 823 1192 894 1246; x_wconf 78' lang='lat' dir='ltr'>quae</span> <span class='ocrx_word' id='word_1_145' title='bbox 913 1183 977 1229; x_wconf 83' lang='lat' dir='ltr'>tuno</span> <span class='ocrx_word' id='word_1_146' title='bbox 993 1191 1036 1228; x_wconf 86' lang='lat' dir='ltr'>re·</span> <span class='ocrx_word' id='word_1_147' title='bbox 1056 1175 1169 1243; x_wconf 82' lang='lat' dir='ltr'>jussum</span> <span class='ocrx_word' id='word_1_148' title='bbox 1188 1179 1299 1232; x_wconf 77' lang='lat' dir='ltr'>numiat</span> <span class='ocrx_word' id='word_1_149' title='bbox 1317 1180 1373 1233; x_wconf 82' lang='lat' dir='ltr'>sibi</span> <span class='ocrx_word' id='word_1_150' title='bbox 1391 1180 1523 1247; x_wconf 74' lang='lat' dir='ltr'>redditis,</span> <span class='ocrx_word' id='word_1_151' title='bbox 1538 1196 1629 1248; x_wconf 90' lang='lat' dir='ltr'>porro</span> <span class='ocrx_word' id='word_1_152' title='bbox 1647 1179 1678 1232; x_wconf 79' lang='lat' dir='ltr'>lei</span> <span class='ocrx_word' id='word_1_153' title='bbox 1696 1179 1899 1235; x_wconf 81' lang='lat' dir='ltr'>admins&#39;strant</span> 
     </span>
     <span class='ocr_line' id='line_1_12' title="bbox 200 1260 1898 1335; baseline 0.003 -20"><span class='ocrx_word' id='word_1_154' title='bbox 200 1263 334 1318; x_wconf 82' lang='lat' dir='ltr'>sonabitt</span> <span class='ocrx_word' id='word_1_155' title='bbox 362 1262 500 1334; x_wconf 85' lang='lat' dir='ltr'>Clsngore</span> <span class='ocrx_word' id='word_1_156' title='bbox 526 1260 819 1330; x_wconf 71' lang='lat' dir='ltr'>subsannabatur,</span> <span class='ocrx_word' id='word_1_157' title='bbox 844 1262 940 1316; x_wconf 89' lang='lat' dir='ltr'>adesse</span> <span class='ocrx_word' id='word_1_158' title='bbox 959 1261 1036 1329; x_wconf 81' lang='lat' dir='ltr'>jubi-</span> <span class='ocrx_word' id='word_1_159' title='bbox 1062 1261 1155 1330; x_wconf 79' lang='lat' dir='ltr'>speum</span> <span class='ocrx_word' id='word_1_160' title='bbox 1187 1271 1212 1318; x_wconf 87' lang='lat' dir='ltr'>et</span> <span class='ocrx_word' id='word_1_161' title='bbox 1246 1281 1333 1335; x_wconf 73' lang='lat' dir='ltr'>uscue</span> <span class='ocrx_word' id='word_1_162' title='bbox 1360 1268 1403 1320; x_wconf 86' lang='lat' dir='ltr'>ad</span> <span class='ocrx_word' id='word_1_163' title='bbox 1429 1268 1530 1321; x_wconf 84' lang='lat' dir='ltr'>mundi</span> <span class='ocrx_word' id='word_1_164' title='bbox 1555 1267 1688 1321; x_wconf 84' lang='lat' dir='ltr'>terminos</span> <span class='ocrx_word' id='word_1_165' title='bbox 1715 1266 1844 1320; x_wconf 78' lang='lat' dir='ltr'>iruanant</span> <span class='ocrx_word' id='word_1_166' title='bbox 1871 1273 1898 1320; x_wconf 90' lang='lat' dir='ltr'>et</span> 
     </span>
     <span class='ocr_line' id='line_1_13' title="bbox 199 1345 1899 1421; baseline 0.003 -18"><span class='ocrx_word' id='word_1_167' title='bbox 199 1349 306 1415; x_wconf 75' lang='lat' dir='ltr'>iacuere,</span> <span class='ocrx_word' id='word_1_168' title='bbox 326 1349 393 1417; x_wconf 55' lang='lat' dir='ltr'>Isau.</span> <span class='ocrx_word' id='word_1_169' title='bbox 414 1354 457 1414; x_wconf 81' lang='lat'>25,</span> <span class='ocrx_word' id='word_1_170' title='bbox 477 1367 502 1404; x_wconf 82' lang='lat' dir='ltr'>r.</span> <span class='ocrx_word' id='word_1_171' title='bbox 522 1353 545 1403; x_wconf 83' lang='lat'>9.</span> <span class='ocrx_word' id='word_1_172' title='bbox 566 1348 607 1403; x_wconf 87' lang='lat' dir='ltr'>sic</span> <span class='ocrx_word' id='word_1_173' title='bbox 623 1346 737 1404; x_wconf 88' lang='lat' dir='ltr'>ultimae</span> <span class='ocrx_word' id='word_1_174' title='bbox 756 1346 839 1402; x_wconf 88' lang='lat' dir='ltr'>tabae</span> <span class='ocrx_word' id='word_1_175' title='bbox 857 1345 971 1417; x_wconf 89' lang='lat' dir='ltr'>clangor</span> <span class='ocrx_word' id='word_1_176' title='bbox 991 1346 1036 1401; x_wconf 89' lang='lat' dir='ltr'>de·</span> <span class='ocrx_word' id='word_1_177' title='bbox 1062 1350 1166 1402; x_wconf 87' lang='lat' dir='ltr'>mortui</span> <span class='ocrx_word' id='word_1_178' title='bbox 1184 1358 1317 1421; x_wconf 77' lang='lat' dir='ltr'>quotquot</span> <span class='ocrx_word' id='word_1_179' title='bbox 1336 1362 1400 1407; x_wconf 88' lang='lat' dir='ltr'>sunt</span> <span class='ocrx_word' id='word_1_180' title='bbox 1418 1370 1451 1406; x_wconf 78' lang='lat' dir='ltr'>ec</span> <span class='ocrx_word' id='word_1_181' title='bbox 1468 1353 1597 1406; x_wconf 83' lang='lat' dir='ltr'>uniuerso</span> <span class='ocrx_word' id='word_1_182' title='bbox 1617 1353 1681 1406; x_wconf 84' lang='lat' dir='ltr'>orbe</span> <span class='ocrx_word' id='word_1_183' title='bbox 1697 1360 1847 1421; x_wconf 73' lang='lat' dir='ltr'>resur-punt</span> <span class='ocrx_word' id='word_1_184' title='bbox 1863 1371 1899 1408; x_wconf 88' lang='lat' dir='ltr'>ac</span> 
     </span>
     <span class='ocr_line' id='line_1_14' title="bbox 199 1431 1899 1509; baseline 0.002 -22"><span class='ocrx_word' id='word_1_185' title='bbox 199 1433 340 1490; x_wconf 80' lang='lat' dir='ltr'><strong>nuntiabit</strong></span> <span class='ocrx_word' id='word_1_186' title='bbox 367 1435 468 1490; x_wconf 84' lang='lat' dir='ltr'>festum</span> <span class='ocrx_word' id='word_1_187' title='bbox 487 1440 646 1500; x_wconf 87' lang='lat' dir='ltr'>aeternum,</span> <span class='ocrx_word' id='word_1_188' title='bbox 670 1432 801 1505; x_wconf 91' lang='lat' dir='ltr'>quodpii</span> <span class='ocrx_word' id='word_1_189' title='bbox 821 1431 946 1487; x_wconf 88' lang='lat' dir='ltr'>incaelo</span> <span class='ocrx_word' id='word_1_190' title='bbox 966 1431 1037 1486; x_wconf 86' lang='lat' dir='ltr'>eele-</span> <span class='ocrx_word' id='word_1_191' title='bbox 1063 1444 1277 1504; x_wconf 68' lang='lat' dir='ltr'>comprecantur.</span> <span class='ocrx_word' id='word_1_192' title='bbox 1317 1436 1354 1492; x_wconf 76' lang='lat' dir='ltr'>nt</span> <span class='ocrx_word' id='word_1_193' title='bbox 1382 1445 1492 1509; x_wconf 70' lang='lat' dir='ltr'>postem</span> <span class='ocrx_word' id='word_1_194' title='bbox 1529 1438 1622 1491; x_wconf 83' lang='lat' dir='ltr'>Tabas</span> <span class='ocrx_word' id='word_1_195' title='bbox 1647 1445 1727 1492; x_wconf 83' lang='lat' dir='ltr'>cocat</span> <span class='ocrx_word' id='word_1_196' title='bbox 1753 1438 1899 1508; x_wconf 79' lang='lat' dir='ltr'>anpels&#39;cas</span> 
     </span>
     <span class='ocr_line' id='line_1_15' title="bbox 199 1516 1900 1592; baseline 0.001 -17"><span class='ocrx_word' id='word_1_197' title='bbox 199 1519 329 1578; x_wconf 89' lang='lat' dir='ltr'>brabunt.</span> <span class='ocrx_word' id='word_1_198' title='bbox 367 1527 391 1576; x_wconf 85' lang='grc'>1.</span> <span class='ocrx_word' id='word_1_199' title='bbox 418 1520 565 1575; x_wconf 74' lang='lat' dir='ltr'>lsrailitae</span> <span class='ocrx_word' id='word_1_200' title='bbox 591 1520 620 1574; x_wconf 91' lang='lat' dir='ltr'>in</span> <span class='ocrx_word' id='word_1_201' title='bbox 638 1519 774 1590; x_wconf 89' lang='lat' dir='ltr'>proelium</span> <span class='ocrx_word' id='word_1_202' title='bbox 794 1518 927 1573; x_wconf 82' lang='lat' dir='ltr'>adversus</span> <span class='ocrx_word' id='word_1_203' title='bbox 943 1516 1036 1573; x_wconf 87' lang='lat' dir='ltr'>hostes</span> <span class='ocrx_word' id='word_1_204' title='bbox 1058 1527 1229 1587; x_wconf 81' lang='lat' dir='ltr'>potestates,</span> <span class='ocrx_word' id='word_1_205' title='bbox 1260 1526 1338 1592; x_wconf 74' lang='lat' dir='ltr'>quod</span> <span class='ocrx_word' id='word_1_206' title='bbox 1366 1525 1598 1592; x_wconf 75' lang='lat' dir='ltr'><strong><em>quemadmodum</em></strong></span> <span class='ocrx_word' id='word_1_207' title='bbox 1630 1524 1696 1577; x_wconf 84' lang='lat' dir='ltr'>tuba</span> <span class='ocrx_word' id='word_1_208' title='bbox 1726 1523 1798 1577; x_wconf 79' lang='lat' dir='ltr'>nibil</span> <span class='ocrx_word' id='word_1_209' title='bbox 1822 1525 1900 1592; x_wconf 75' lang='lat' dir='ltr'>quod</span> 
     </span>
     <span class='ocr_line' id='line_1_16' title="bbox 198 1602 1897 1678; baseline 0 -17"><span class='ocrx_word' id='word_1_210' title='bbox 198 1607 370 1678; x_wconf 76' lang='lat' dir='ltr'>progressuri</span> <span class='ocrx_word' id='word_1_211' title='bbox 396 1606 522 1662; x_wconf 89' lang='lat' dir='ltr'>buccinis</span> <span class='ocrx_word' id='word_1_212' title='bbox 544 1605 714 1677; x_wconf 76' lang='lat' dir='ltr'>clangebant</span> <span class='ocrx_word' id='word_1_213' title='bbox 737 1605 820 1662; x_wconf 88' lang='lat' dir='ltr'>Num.</span> <span class='ocrx_word' id='word_1_214' title='bbox 842 1610 888 1668; x_wconf 90' lang='lat'>10,</span> <span class='ocrx_word' id='word_1_215' title='bbox 915 1620 941 1656; x_wconf 73' lang='lat' dir='ltr'>r,</span> <span class='ocrx_word' id='word_1_216' title='bbox 959 1608 984 1658; x_wconf 84' lang='grc'>2.</span> <span class='ocrx_word' id='word_1_217' title='bbox 1007 1602 1036 1656; x_wconf 92' lang='lat' dir='ltr'>in</span> <span class='ocrx_word' id='word_1_218' title='bbox 1062 1623 1141 1660; x_wconf 86' lang='lat' dir='ltr'>suum</span> <span class='ocrx_word' id='word_1_219' title='bbox 1160 1615 1208 1674; x_wconf 87' lang='lat' dir='ltr'>est,</span> <span class='ocrx_word' id='word_1_220' title='bbox 1227 1608 1347 1676; x_wconf 86' lang='lat' dir='ltr'>intonat,</span> <span class='ocrx_word' id='word_1_221' title='bbox 1364 1611 1415 1663; x_wconf 85' lang='lat' dir='ltr'>sed</span> <span class='ocrx_word' id='word_1_222' title='bbox 1433 1611 1619 1678; x_wconf 77' lang='lat' dir='ltr'>qscodmnque</span> <span class='ocrx_word' id='word_1_223' title='bbox 1636 1609 1745 1673; x_wconf 79' lang='lat' dir='ltr'>artifes</span> <span class='ocrx_word' id='word_1_224' title='bbox 1764 1609 1897 1678; x_wconf 71' lang='lat' dir='ltr'>insuffla·</span> 
     </span>
     <span class='ocr_line' id='line_1_17' title="bbox 199 1688 1897 1765; baseline 0.001 -19"><span class='ocrx_word' id='word_1_225' title='bbox 199 1692 403 1763; x_wconf 86' lang='lat' dir='ltr'>expugnatione</span> <span class='ocrx_word' id='word_1_226' title='bbox 426 1691 502 1747; x_wconf 88' lang='lat' dir='ltr'>urbis</span> <span class='ocrx_word' id='word_1_227' title='bbox 521 1689 633 1765; x_wconf 76' lang='lat' dir='ltr'>iericho</span> <span class='ocrx_word' id='word_1_228' title='bbox 652 1690 811 1746; x_wconf 72' lang='lat' dir='ltr'>sacerdotes</span> <span class='ocrx_word' id='word_1_229' title='bbox 829 1688 905 1744; x_wconf 91' lang='lat' dir='ltr'>tubis</span> <span class='ocrx_word' id='word_1_230' title='bbox 925 1688 1035 1758; x_wconf 79' lang='lat' dir='ltr'>clange</span> <span class='ocrx_word' id='word_1_231' title='bbox 1061 1693 1146 1759; x_wconf 86' lang='lat' dir='ltr'>uerit,</span> <span class='ocrx_word' id='word_1_232' title='bbox 1165 1693 1206 1747; x_wconf 87' lang='lat' dir='ltr'>ita</span> <span class='ocrx_word' id='word_1_233' title='bbox 1224 1701 1251 1746; x_wconf 82' lang='lat' dir='ltr'>et</span> <span class='ocrx_word' id='word_1_234' title='bbox 1266 1693 1325 1747; x_wconf 85' lang='lat' dir='ltr'>Dei</span> <span class='ocrx_word' id='word_1_235' title='bbox 1343 1694 1425 1747; x_wconf 82' lang='lat' dir='ltr'>tubae</span> <span class='ocrx_word' id='word_1_236' title='bbox 1443 1693 1515 1748; x_wconf 78' lang='lat' dir='ltr'>nibet</span> <span class='ocrx_word' id='word_1_237' title='bbox 1531 1695 1684 1764; x_wconf 85' lang='lat' dir='ltr'>proprium</span> <span class='ocrx_word' id='word_1_238' title='bbox 1698 1710 1801 1749; x_wconf 89' lang='lat' dir='ltr'>sonare</span> <span class='ocrx_word' id='word_1_239' title='bbox 1810 1709 1897 1765; x_wconf 86' lang='lat' dir='ltr'>pras-</span> 
     </span>
     <span class='ocr_line' id='line_1_18' title="bbox 199 1773 1897 1849; baseline 0.001 -17"><span class='ocrx_word' id='word_1_240' title='bbox 199 1776 268 1832; x_wconf 86' lang='lat' dir='ltr'>bant</span> <span class='ocrx_word' id='word_1_241' title='bbox 291 1776 350 1835; x_wconf 83' lang='lat' dir='ltr'>los.</span> <span class='ocrx_word' id='word_1_242' title='bbox 371 1783 404 1845; x_wconf 86' lang='grc'>6,</span> <span class='ocrx_word' id='word_1_243' title='bbox 429 1795 454 1834; x_wconf 85' lang='lat' dir='ltr'>v.</span> <span class='ocrx_word' id='word_1_244' title='bbox 480 1785 504 1833; x_wconf 85' lang='grc'>1.</span> <span class='ocrx_word' id='word_1_245' title='bbox 540 1776 676 1833; x_wconf 90' lang='lat' dir='ltr'>exercitus</span> <span class='ocrx_word' id='word_1_246' title='bbox 703 1775 838 1833; x_wconf 80' lang='lat' dir='ltr'>Gideonis</span> <span class='ocrx_word' id='word_1_247' title='bbox 862 1779 958 1830; x_wconf 76' lang='lat' dir='ltr'>conus</span> <span class='ocrx_word' id='word_1_248' title='bbox 984 1773 1034 1827; x_wconf 85' lang='lat' dir='ltr'>Mi·</span> <span class='ocrx_word' id='word_1_249' title='bbox 1061 1786 1185 1842; x_wconf 84' lang='lat' dir='ltr'>sumunt,</span> <span class='ocrx_word' id='word_1_250' title='bbox 1210 1780 1262 1832; x_wconf 83' lang='lat' dir='ltr'>sed</span> <span class='ocrx_word' id='word_1_251' title='bbox 1284 1780 1424 1849; x_wconf 74' lang='lat' dir='ltr'>quidquid</span> <span class='ocrx_word' id='word_1_252' title='bbox 1447 1782 1599 1834; x_wconf 85' lang='lat' dir='ltr'>communis</span> <span class='ocrx_word' id='word_1_253' title='bbox 1622 1780 1752 1835; x_wconf 78' lang='lat' dir='ltr'>damiam</span> <span class='ocrx_word' id='word_1_254' title='bbox 1779 1797 1814 1834; x_wconf 91' lang='lat' dir='ltr'>ac</span> <span class='ocrx_word' id='word_1_255' title='bbox 1832 1797 1897 1835; x_wconf 87' lang='lat' dir='ltr'>con-</span> 
     </span>
     <span class='ocr_line' id='line_1_19' title="bbox 199 1861 1893 1936; baseline 0.001 -18"><span class='ocrx_word' id='word_1_256' title='bbox 199 1863 319 1918; x_wconf 87' lang='lat' dir='ltr'>dianitas</span> <span class='ocrx_word' id='word_1_257' title='bbox 338 1881 467 1935; x_wconf 89' lang='lat' dir='ltr'>pugnans</span> <span class='ocrx_word' id='word_1_258' title='bbox 490 1862 615 1919; x_wconf 76' lang='lat' dir='ltr'>huminis</span> <span class='ocrx_word' id='word_1_259' title='bbox 633 1861 803 1933; x_wconf 74' lang='lat' dir='ltr'>personabat</span> <span class='ocrx_word' id='word_1_260' title='bbox 820 1861 888 1919; x_wconf 86' lang='lat' dir='ltr'>Jnd.</span> <span class='ocrx_word' id='word_1_261' title='bbox 908 1868 934 1931; x_wconf 83' lang='grc'>1,</span> <span class='ocrx_word' id='word_1_262' title='bbox 953 1878 979 1914; x_wconf 83' lang='lat' dir='ltr'>r.</span> <span class='ocrx_word' id='word_1_263' title='bbox 993 1865 1034 1919; x_wconf 82' lang='lat'>22.</span> <span class='ocrx_word' id='word_1_264' title='bbox 1061 1863 1139 1917; x_wconf 76' lang='lat' dir='ltr'>ditm</span> <span class='ocrx_word' id='word_1_265' title='bbox 1164 1882 1220 1934; x_wconf 87' lang='lat' dir='ltr'>per</span> <span class='ocrx_word' id='word_1_266' title='bbox 1249 1865 1450 1935; x_wconf 61' lang='lat' dir='ltr'>archangelum</span> <span class='ocrx_word' id='word_1_267' title='bbox 1479 1866 1520 1920; x_wconf 87' lang='lat' dir='ltr'>eis</span> <span class='ocrx_word' id='word_1_268' title='bbox 1546 1866 1735 1936; x_wconf 69' lang='lat' dir='ltr'>praeceperit.</span> <span class='ocrx_word' id='word_1_269' title='bbox 1788 1864 1893 1920; x_wconf 79' lang='lat' dir='ltr'>Sauras</span> 
     </span>
     <span class='ocr_line' id='line_1_20' title="bbox 199 1947 1895 2023; baseline 0.001 -20"><span class='ocrx_word' id='word_1_270' title='bbox 199 1948 291 2019; x_wconf 84' lang='lat' dir='ltr'>angeli</span> <span class='ocrx_word' id='word_1_271' title='bbox 306 1950 415 2020; x_wconf 90' lang='lat' dir='ltr'>judicis</span> <span class='ocrx_word' id='word_1_272' title='bbox 427 1948 480 2005; x_wconf 88' lang='lat' dir='ltr'>Dei</span> <span class='ocrx_word' id='word_1_273' title='bbox 497 1949 601 2005; x_wconf 89' lang='lat' dir='ltr'>mundo</span> <span class='ocrx_word' id='word_1_274' title='bbox 621 1949 816 2007; x_wconf 77' lang='lat' dir='ltr'>denuntiantes</span> <span class='ocrx_word' id='word_1_275' title='bbox 835 1947 911 2002; x_wconf 90' lang='lat' dir='ltr'>tubis</span> <span class='ocrx_word' id='word_1_276' title='bbox 930 1951 1035 2002; x_wconf 88' lang='lat' dir='ltr'>canunt</span> <span class='ocrx_word' id='word_1_277' title='bbox 1061 1949 1148 2005; x_wconf 83' lang='lat' dir='ltr'>otiose</span> <span class='ocrx_word' id='word_1_278' title='bbox 1168 1950 1306 2021; x_wconf 88' lang='lat' dir='ltr'>disputat,</span> <span class='ocrx_word' id='word_1_279' title='bbox 1329 1968 1365 2005; x_wconf 86' lang='lat' dir='ltr'>an</span> <span class='ocrx_word' id='word_1_280' title='bbox 1387 1968 1420 2007; x_wconf 89' lang='lat' dir='ltr'>ex</span> <span class='ocrx_word' id='word_1_281' title='bbox 1443 1957 1560 2023; x_wconf 85' lang='lat' dir='ltr'>argento</span> <span class='ocrx_word' id='word_1_282' title='bbox 1577 1951 1622 2006; x_wconf 84' lang='lat' dir='ltr'>rei</span> <span class='ocrx_word' id='word_1_283' title='bbox 1641 1968 1720 2016; x_wconf 86' lang='lat' dir='ltr'>aere,</span> <span class='ocrx_word' id='word_1_284' title='bbox 1747 1950 1821 2023; x_wconf 88' lang='lat' dir='ltr'>quod</span> <span class='ocrx_word' id='word_1_285' title='bbox 1838 1949 1895 2022; x_wconf 90' lang='lat' dir='ltr'>ipsi</span> 
     </span>
     <span class='ocr_line' id='line_1_21' title="bbox 197 2031 1896 2107; baseline 0 -15"><span class='ocrx_word' id='word_1_286' title='bbox 197 2036 286 2107; x_wconf 79' lang='lat' dir='ltr'>Apoc.</span> <span class='ocrx_word' id='word_1_287' title='bbox 307 2041 329 2092; x_wconf 85' lang='lat'>8.</span> <span class='ocrx_word' id='word_1_288' title='bbox 348 2042 373 2091; x_wconf 83' lang='grc'>9.</span> <span class='ocrx_word' id='word_1_289' title='bbox 400 2044 428 2092; x_wconf 90' lang='lat' dir='ltr'>et</span> <span class='ocrx_word' id='word_1_290' title='bbox 448 2041 488 2092; x_wconf 91' lang='grc'>11.</span> <span class='ocrx_word' id='word_1_291' title='bbox 511 2035 581 2092; x_wconf 88' lang='lat' dir='ltr'>baec</span> <span class='ocrx_word' id='word_1_292' title='bbox 604 2035 696 2091; x_wconf 90' lang='lat' dir='ltr'>omnia</span> <span class='ocrx_word' id='word_1_293' title='bbox 717 2035 754 2091; x_wconf 88' lang='lat' dir='ltr'>ad</span> <span class='ocrx_word' id='word_1_294' title='bbox 773 2033 870 2090; x_wconf 89' lang='lat' dir='ltr'>tubam</span> <span class='ocrx_word' id='word_1_295' title='bbox 895 2033 924 2089; x_wconf 92' lang='lat' dir='ltr'>in</span> <span class='ocrx_word' id='word_1_296' title='bbox 943 2031 1033 2089; x_wconf 72' lang='lat' dir='ltr'>norb·</span> <span class='ocrx_word' id='word_1_297' title='bbox 1061 2035 1150 2107; x_wconf 83' lang='lat' dir='ltr'>magis</span> <span class='ocrx_word' id='word_1_298' title='bbox 1167 2035 1316 2105; x_wconf 85' lang='lat' dir='ltr'>probatur,</span> <span class='ocrx_word' id='word_1_299' title='bbox 1348 2036 1417 2091; x_wconf 89' lang='lat' dir='ltr'>haec</span> <span class='ocrx_word' id='word_1_300' title='bbox 1436 2035 1506 2092; x_wconf 84' lang='lat' dir='ltr'>tuba</span> <span class='ocrx_word' id='word_1_301' title='bbox 1522 2036 1560 2092; x_wconf 91' lang='lat' dir='ltr'>sit</span> <span class='ocrx_word' id='word_1_302' title='bbox 1576 2035 1685 2101; x_wconf 79' lang='lat' dir='ltr'>sutura,</span> <span class='ocrx_word' id='word_1_303' title='bbox 1712 2053 1749 2091; x_wconf 86' lang='lat' dir='ltr'>an</span> <span class='ocrx_word' id='word_1_304' title='bbox 1768 2052 1802 2092; x_wconf 87' lang='lat' dir='ltr'>ex</span> <span class='ocrx_word' id='word_1_305' title='bbox 1821 2035 1896 2092; x_wconf 91' lang='lat' dir='ltr'>nube</span> 
     </span>
     <span class='ocr_line' id='line_1_22' title="bbox 199 2119 1304 2193; baseline 0.001 -18"><span class='ocrx_word' id='word_1_306' title='bbox 199 2122 267 2178; x_wconf 87' lang='lat' dir='ltr'>simo</span> <span class='ocrx_word' id='word_1_307' title='bbox 301 2122 345 2176; x_wconf 92' lang='lat' dir='ltr'>die</span> <span class='ocrx_word' id='word_1_308' title='bbox 375 2121 539 2193; x_wconf 85' lang='lat' dir='ltr'>angelorum</span> <span class='ocrx_word' id='word_1_309' title='bbox 568 2120 722 2177; x_wconf 88' lang='lat' dir='ltr'>ministerio</span> <span class='ocrx_word' id='word_1_310' title='bbox 749 2119 903 2176; x_wconf 86' lang='lat' dir='ltr'>sonituram</span> <span class='ocrx_word' id='word_1_311' title='bbox 928 2134 1034 2173; x_wconf 83' lang='lat' dir='ltr'>accam</span> <span class='ocrx_word' id='word_1_312' title='bbox 1060 2128 1089 2176; x_wconf 88' lang='lat' dir='ltr'>et</span> <span class='ocrx_word' id='word_1_313' title='bbox 1107 2120 1236 2176; x_wconf 80' lang='lat' dir='ltr'>metensis</span> <span class='ocrx_word' id='word_1_314' title='bbox 1252 2128 1304 2178; x_wconf 84' lang='lat' dir='ltr'>etc.</span> 
     </span>
     <span class='ocr_line' id='line_1_23' title="bbox 199 2204 1033 2278; baseline -0.004 -16"><span class='ocrx_word' id='word_1_315' title='bbox 199 2208 304 2263; x_wconf 82' lang='lat' dir='ltr'>mederi</span> <span class='ocrx_word' id='word_1_316' title='bbox 318 2214 441 2278; x_wconf 83' lang='lat' dir='ltr'>possunt.</span> <span class='ocrx_word' id='word_1_317' title='bbox 468 2213 492 2262; x_wconf 81' lang='lat'>8.</span> <span class='ocrx_word' id='word_1_318' title='bbox 503 2207 606 2278; x_wconf 80' lang='lat' dir='ltr'>Angeli</span> <span class='ocrx_word' id='word_1_319' title='bbox 619 2206 761 2262; x_wconf 83' lang='lat' dir='ltr'>Christum</span> <span class='ocrx_word' id='word_1_320' title='bbox 772 2206 802 2260; x_wconf 94' lang='lat' dir='ltr'>in</span> <span class='ocrx_word' id='word_1_321' title='bbox 814 2206 907 2261; x_wconf 89' lang='lat' dir='ltr'>coelos</span> <span class='ocrx_word' id='word_1_322' title='bbox 920 2204 1033 2260; x_wconf 79' lang='lat' dir='ltr'>adscen</span> 
     </span>
     <span class='ocr_line' id='line_1_24' title="bbox 200 2291 1033 2362; baseline -0.004 -15"><span class='ocrx_word' id='word_1_323' title='bbox 200 2294 309 2350; x_wconf 69' lang='lat' dir='ltr'>denum</span> <span class='ocrx_word' id='word_1_324' title='bbox 331 2311 394 2347; x_wconf 87' lang='lat' dir='ltr'>cum</span> <span class='ocrx_word' id='word_1_325' title='bbox 411 2293 508 2362; x_wconf 81' lang='lat' dir='ltr'>jubila</span> <span class='ocrx_word' id='word_1_326' title='bbox 530 2292 720 2361; x_wconf 85' lang='lat' dir='ltr'>deduxsrnnt;</span> <span class='ocrx_word' id='word_1_327' title='bbox 747 2291 788 2346; x_wconf 89' lang='lat' dir='ltr'>sic</span> <span class='ocrx_word' id='word_1_328' title='bbox 808 2291 927 2346; x_wconf 88' lang='lat' dir='ltr'>eundem</span> <span class='ocrx_word' id='word_1_329' title='bbox 943 2291 973 2344; x_wconf 91' lang='lat' dir='ltr'>in</span> <span class='ocrx_word' id='word_1_330' title='bbox 991 2306 1033 2345; x_wconf 87' lang='lat' dir='ltr'>re·</span> 
     </span>
     <span class='ocr_line' id='line_1_25' title="bbox 200 2376 1034 2446; baseline -0.002 -14"><span class='ocrx_word' id='word_1_331' title='bbox 200 2379 261 2434; x_wconf 88' lang='lat' dir='ltr'>ditn</span> <span class='ocrx_word' id='word_1_332' title='bbox 287 2378 324 2433; x_wconf 92' lang='lat' dir='ltr'>ad</span> <span class='ocrx_word' id='word_1_333' title='bbox 347 2379 585 2435; x_wconf 83' lang='lat' dir='ltr'>resuscitationem</span> <span class='ocrx_word' id='word_1_334' title='bbox 603 2382 772 2432; x_wconf 80' lang='lat' dir='ltr'>mortumum</span> <span class='ocrx_word' id='word_1_335' title='bbox 789 2383 818 2433; x_wconf 89' lang='lat' dir='ltr'>st</span> <span class='ocrx_word' id='word_1_336' title='bbox 833 2376 972 2446; x_wconf 86' lang='lat' dir='ltr'>judicium</span> <span class='ocrx_word' id='word_1_337' title='bbox 989 2392 1034 2430; x_wconf 90' lang='lat' dir='ltr'>co·</span> 
     </span>
     <span class='ocr_line' id='line_1_26' title="bbox 201 2461 2011 2538; baseline -0.003 -19"><span class='ocrx_word' id='word_1_338' title='bbox 201 2463 380 2521; x_wconf 89' lang='lat' dir='ltr'>mitabuntur.</span> <span class='ocrx_word' id='word_1_339' title='bbox 433 2463 589 2519; x_wconf 82' lang='lat' dir='ltr'>Adscendit</span> <span class='ocrx_word' id='word_1_340' title='bbox 617 2462 753 2518; x_wconf 88' lang='lat' dir='ltr'>Dominus</span> <span class='ocrx_word' id='word_1_341' title='bbox 793 2462 824 2516; x_wconf 87' lang='lat' dir='ltr'>in</span> <span class='ocrx_word' id='word_1_342' title='bbox 858 2477 924 2516; x_wconf 81' lang='lat' dir='ltr'>aare</span> <span class='ocrx_word' id='word_1_343' title='bbox 953 2461 1034 2514; x_wconf 82' lang='lat' dir='ltr'>tutae</span> <span class='ocrx_word' id='word_1_344' title='bbox 1332 2478 1353 2538; x_wconf 69' lang='grc' dir='ltr'><strong>ο</strong></span> <span class='ocrx_word' id='word_1_345' title='bbox 1373 2477 1531 2538; x_wconf 71' lang='lat' dir='ltr'>APUT</span> <span class='ocrx_word' id='word_1_346' title='bbox 1566 2477 1626 2538; x_wconf 47' lang='grc' dir='ltr'>Π,</span> <span class='ocrx_word' id='word_1_347' title='bbox 1908 2490 1965 2533; x_wconf 55' lang='grc' dir='ltr'>ω,</span> <span class='ocrx_word' id='word_1_348' title='bbox 1978 2491 2011 2534; x_wconf 53' lang='lat'><em>2</em></span> 
     </span>
     <span class='ocr_line' id='line_1_27' title="bbox 200 2543 1783 2615; baseline -0.006 -9"><span class='ocrx_word' id='word_1_349' title='bbox 200 2551 302 2607; x_wconf 82' lang='lat' dir='ltr'>Pselm.</span> <span class='ocrx_word' id='word_1_350' title='bbox 316 2558 359 2615; x_wconf 79' lang='grc'>41,</span> <span class='ocrx_word' id='word_1_351' title='bbox 378 2568 404 2607; x_wconf 87' lang='lat' dir='ltr'>r.</span> <span class='ocrx_word' id='word_1_352' title='bbox 417 2555 441 2606; x_wconf 85' lang='lat'>6.</span> <span class='ocrx_word' id='word_1_353' title='bbox 461 2551 502 2605; x_wconf 86' lang='lat' dir='ltr'>sic</span> <span class='ocrx_word' id='word_1_354' title='bbox 521 2552 552 2604; x_wconf 86' lang='lat' dir='ltr'>in</span> <span class='ocrx_word' id='word_1_355' title='bbox 570 2551 637 2604; x_wconf 81' lang='lat' dir='ltr'>tuba</span> <span class='ocrx_word' id='word_1_356' title='bbox 659 2550 719 2603; x_wconf 87' lang='lat' dir='ltr'>Dei</span> <span class='ocrx_word' id='word_1_357' title='bbox 736 2548 772 2605; x_wconf 87' lang='lat' dir='ltr'>ds</span> <span class='ocrx_word' id='word_1_358' title='bbox 787 2547 866 2603; x_wconf 88' lang='lat' dir='ltr'>coelo</span> <span class='ocrx_word' id='word_1_359' title='bbox 884 2546 1035 2602; x_wconf 81' lang='lat' dir='ltr'>descendet</span> <span class='ocrx_word' id='word_1_360' title='bbox 1779 2543 1783 2549; x_wconf 84' lang='grc'><strong>’</strong></span> 
     </span>
     <span class='ocr_line' id='line_1_28' title="bbox 203 2632 1894 2705; baseline -0.001 -3"><span class='ocrx_word' id='word_1_361' title='bbox 203 2637 470 2702; x_wconf 79' lang='lat' dir='ltr'>1.Thsss.s,r.1e.</span> <span class='ocrx_word' id='word_1_362' title='bbox 498 2632 1127 2703; x_wconf 67' lang='lat' dir='ltr'>e.1er.te,v.2tinstituiturtestum1)ss</span> <span class='ocrx_word' id='word_1_363' title='bbox 1156 2633 1392 2705; x_wconf 79' lang='lat' dir='ltr'><strong>MATERIA</strong></span> <span class='ocrx_word' id='word_1_364' title='bbox 1420 2632 1894 2702; x_wconf 78' lang='lat' dir='ltr'>RESURRECTIONIS.</span> 
     </span>
     <span class='ocr_line' id='line_1_29' title="bbox 200 2718 1034 2790; baseline -0.007 -11"><span class='ocrx_word' id='word_1_365' title='bbox 200 2723 338 2779; x_wconf 86' lang='lat' dir='ltr'>tubarum.</span> <span class='ocrx_word' id='word_1_366' title='bbox 377 2723 414 2776; x_wconf 89' lang='lat' dir='ltr'>In</span> <span class='ocrx_word' id='word_1_367' title='bbox 437 2737 531 2776; x_wconf 83' lang='lat' dir='ltr'>mense</span> <span class='ocrx_word' id='word_1_368' title='bbox 549 2721 667 2790; x_wconf 84' lang='lat' dir='ltr'>septimo</span> <span class='ocrx_word' id='word_1_369' title='bbox 687 2720 717 2773; x_wconf 85' lang='lat' dir='ltr'>in</span> <span class='ocrx_word' id='word_1_370' title='bbox 729 2719 826 2789; x_wconf 89' lang='lat' dir='ltr'>primo</span> <span class='ocrx_word' id='word_1_371' title='bbox 844 2718 911 2787; x_wconf 84' lang='lat' dir='ltr'>(die)</span> <span class='ocrx_word' id='word_1_372' title='bbox 930 2719 1034 2773; x_wconf 82' lang='lat' dir='ltr'>mensis</span> 
     </span>
     <span class='ocr_line' id='line_1_30' title="bbox 200 2801 2002 2874; baseline -0.007 -11"><span class='ocrx_word' id='word_1_373' title='bbox 200 2810 254 2863; x_wconf 86' lang='lat' dir='ltr'>crit</span> <span class='ocrx_word' id='word_1_374' title='bbox 267 2809 345 2863; x_wconf 82' lang='lat' dir='ltr'>sabis</span> <span class='ocrx_word' id='word_1_375' title='bbox 361 2808 524 2861; x_wconf 73' lang='lat' dir='ltr'>eabbmisum</span> <span class='ocrx_word' id='word_1_376' title='bbox 540 2807 676 2859; x_wconf 77' lang='lat' dir='ltr'>memoria</span> <span class='ocrx_word' id='word_1_377' title='bbox 693 2805 851 2874; x_wconf 76' lang='lat' dir='ltr'>clanport&#39;s,</span> <span class='ocrx_word' id='word_1_378' title='bbox 868 2806 1031 2860; x_wconf 80' lang='lat' dir='ltr'>convocatio</span> <span class='ocrx_word' id='word_1_379' title='bbox 1094 2809 1137 2858; x_wconf 78' lang='grc'>67.</span> <span class='ocrx_word' id='word_1_380' title='bbox 1165 2802 1294 2856; x_wconf 80' lang='lat' dir='ltr'>Materia</span> <span class='ocrx_word' id='word_1_381' title='bbox 1319 2801 1526 2856; x_wconf 84' lang='lat' dir='ltr'>resurrectionis</span> <span class='ocrx_word' id='word_1_382' title='bbox 1544 2801 1722 2873; x_wconf 82' lang='lat' dir='ltr'>(quibusdam</span> <span class='ocrx_word' id='word_1_383' title='bbox 1739 2803 1895 2873; x_wconf 65' lang='lat' dir='ltr'>suh&#39;ectum</span> <span class='ocrx_word' id='word_1_384' title='bbox 1907 2807 2002 2852; x_wconf 60' lang='lat' dir='ltr'>astaus</span> 
     </span>
     <span class='ocr_line' id='line_1_31' title="bbox 199 2872 2006 2966; baseline -0.001 -20"><span class='ocrx_word' id='word_1_385' title='bbox 199 2902 314 2961; x_wconf 63' lang='lat' dir='ltr'>sanctem</span> <span class='ocrx_word' id='word_1_386' title='bbox 329 2894 356 2946; x_wconf 92' lang='lat' dir='ltr'>in</span> <span class='ocrx_word' id='word_1_387' title='bbox 370 2893 421 2948; x_wconf 89' lang='lat' dir='ltr'>hoc</span> <span class='ocrx_word' id='word_1_388' title='bbox 436 2892 507 2948; x_wconf 80' lang='lat' dir='ltr'>testo</span> <span class='ocrx_word' id='word_1_389' title='bbox 519 2890 650 2946; x_wconf 87' lang='lat' dir='ltr'>tubarum</span> <span class='ocrx_word' id='word_1_390' title='bbox 663 2889 802 2946; x_wconf 85' lang='lat' dir='ltr'>Hebraeis</span> <span class='ocrx_word' id='word_1_391' title='bbox 815 2891 922 2966; x_wconf 61' lang='lat' dir='ltr'>³³2th</span> <span class='ocrx_word' id='word_1_392' title='bbox 939 2880 1034 2965; x_wconf 52' lang='lat' dir='ltr'>ittet,</span> <span class='ocrx_word' id='word_1_393' title='bbox 1061 2907 1115 2961; x_wconf 80' lang='lat' dir='ltr'>quo</span> <span class='ocrx_word' id='word_1_394' title='bbox 1139 2887 1225 2957; x_wconf 90' lang='lat' dir='ltr'>dicta)</span> <span class='ocrx_word' id='word_1_395' title='bbox 1254 2893 1319 2944; x_wconf 92' lang='lat' dir='ltr'>sunt</span> <span class='ocrx_word' id='word_1_396' title='bbox 1343 2904 1460 2959; x_wconf 87' lang='lat' dir='ltr'>corpora</span> <span class='ocrx_word' id='word_1_397' title='bbox 1482 2888 1623 2944; x_wconf 88' lang='lat' dir='ltr'>hominum</span> <span class='ocrx_word' id='word_1_398' title='bbox 1648 2905 1765 2944; x_wconf 85' lang='lat' dir='ltr'>numero</span> <span class='ocrx_word' id='word_1_399' title='bbox 1785 2896 1812 2944; x_wconf 89' lang='lat' dir='ltr'>et</span> <span class='ocrx_word' id='word_1_400' title='bbox 1831 2890 1895 2944; x_wconf 70' lang='lat' dir='ltr'>sub</span> <span class='ocrx_word' id='word_1_401' title='bbox 1907 2872 2006 2955; x_wconf 51' lang='lat' dir='ltr'>{diliis</span> 
     </span>
     <span class='ocr_line' id='line_1_32' title="bbox 199 2974 1894 3048; baseline 0 -15"><span class='ocrx_word' id='word_1_402' title='bbox 199 2980 334 3033; x_wconf 68' lang='lat' dir='ltr'>memores</span> <span class='ocrx_word' id='word_1_403' title='bbox 359 2978 519 3048; x_wconf 82' lang='lat' dir='ltr'>ctanpors&#39;s,</span> <span class='ocrx_word' id='word_1_404' title='bbox 548 2978 625 3033; x_wconf 89' lang='lat' dir='ltr'>dicto</span> <span class='ocrx_word' id='word_1_405' title='bbox 651 2975 688 3031; x_wconf 85' lang='lat' dir='ltr'>ab</span> <span class='ocrx_word' id='word_1_406' title='bbox 715 2981 776 3031; x_wconf 87' lang='lat' dir='ltr'>ortu</span> <span class='ocrx_word' id='word_1_407' title='bbox 799 2975 866 3031; x_wconf 89' lang='lat' dir='ltr'>solis</span> <span class='ocrx_word' id='word_1_408' title='bbox 882 2992 977 3048; x_wconf 54' lang='lat' dir='ltr'>,usque</span> <span class='ocrx_word' id='word_1_409' title='bbox 997 2976 1034 3032; x_wconf 89' lang='lat' dir='ltr'>ad</span> <span class='ocrx_word' id='word_1_410' title='bbox 1060 2976 1168 3031; x_wconf 86' lang='lat' dir='ltr'>stantia</span> <span class='ocrx_word' id='word_1_411' title='bbox 1187 2976 1300 3040; x_wconf 76' lang='lat' dir='ltr'>cartem,</span> <span class='ocrx_word' id='word_1_412' title='bbox 1327 2991 1400 3046; x_wconf 91' lang='lat' dir='ltr'>quae</span> <span class='ocrx_word' id='word_1_413' title='bbox 1417 2980 1527 3030; x_wconf 75' lang='lat' dir='ltr'>momua</span> <span class='ocrx_word' id='word_1_414' title='bbox 1545 2974 1614 3030; x_wconf 88' lang='lat' dir='ltr'>alias</span> <span class='ocrx_word' id='word_1_415' title='bbox 1632 2980 1725 3032; x_wconf 73' lang='lat' dir='ltr'>umen</span> <span class='ocrx_word' id='word_1_416' title='bbox 1744 2975 1894 3047; x_wconf 70' lang='lat' dir='ltr'>quanam</span> 
     </span>
     <span class='ocr_line' id='line_1_33' title="bbox 200 3059 1896 3132; baseline -0.001 -13"><span class='ocrx_word' id='word_1_417' title='bbox 200 3071 306 3119; x_wconf 88' lang='lat' dir='ltr'>noctem</span> <span class='ocrx_word' id='word_1_418' title='bbox 356 3064 424 3119; x_wconf 88' lang='lat' dir='ltr'>tuba</span> <span class='ocrx_word' id='word_1_419' title='bbox 462 3063 633 3128; x_wconf 86' lang='lat' dir='ltr'>canebatur,</span> <span class='ocrx_word' id='word_1_420' title='bbox 678 3062 758 3131; x_wconf 81' lang='lat' dir='ltr'>cujm</span> <span class='ocrx_word' id='word_1_421' title='bbox 797 3060 862 3116; x_wconf 80' lang='lat' dir='ltr'>sesti</span> <span class='ocrx_word' id='word_1_422' title='bbox 898 3061 1034 3117; x_wconf 73' lang='lat' dir='ltr'>munnam</span> <span class='ocrx_word' id='word_1_423' title='bbox 1061 3061 1183 3117; x_wconf 85' lang='lat' dir='ltr'>divinam</span> <span class='ocrx_word' id='word_1_424' title='bbox 1206 3060 1394 3132; x_wconf 87' lang='lat' dir='ltr'>operationem</span> <span class='ocrx_word' id='word_1_425' title='bbox 1419 3060 1524 3116; x_wconf 65' lang='lat' dir='ltr'>sertim</span> <span class='ocrx_word' id='word_1_426' title='bbox 1568 3059 1724 3117; x_wconf 89' lang='lat' dir='ltr'>Probsmus</span> <span class='ocrx_word' id='word_1_427' title='bbox 1744 3062 1798 3117; x_wconf 89' lang='lat' dir='ltr'>boc</span> <span class='ocrx_word' id='word_1_428' title='bbox 1820 3066 1844 3118; x_wconf 94' lang='grc'>1.</span> <span class='ocrx_word' id='word_1_429' title='bbox 1863 3079 1896 3117; x_wconf 78' lang='lat' dir='ltr'>ea</span> 
     </span>
     <span class='ocr_line' id='line_1_34' title="bbox 198 3146 1896 3219; baseline -0.001 -13"><span class='ocrx_word' id='word_1_430' title='bbox 198 3149 321 3206; x_wconf 84' lang='lat' dir='ltr'>Hebraei</span> <span class='ocrx_word' id='word_1_431' title='bbox 343 3149 480 3206; x_wconf 58' lang='lat' dir='ltr'>Mesenis</span> <span class='ocrx_word' id='word_1_432' title='bbox 496 3148 659 3205; x_wconf 84' lang='lat' dir='ltr'>Schindlera</span> <span class='ocrx_word' id='word_1_433' title='bbox 682 3147 713 3201; x_wconf 93' lang='lat' dir='ltr'>in</span> <span class='ocrx_word' id='word_1_434' title='bbox 729 3146 807 3203; x_wconf 88' lang='lat' dir='ltr'>lexic.</span> <span class='ocrx_word' id='word_1_435' title='bbox 830 3148 860 3203; x_wconf 90' lang='lat' dir='ltr'>in</span> <span class='ocrx_word' id='word_1_436' title='bbox 879 3163 947 3203; x_wconf 85' lang='lat' dir='ltr'>roca</span> <span class='ocrx_word' id='word_1_437' title='bbox 966 3148 1034 3199; x_wconf 70' lang='lat' dir='ltr'>&#39;inti</span> <span class='ocrx_word' id='word_1_438' title='bbox 1061 3148 1175 3202; x_wconf 82' lang='lat' dir='ltr'>disertis</span> <span class='ocrx_word' id='word_1_439' title='bbox 1201 3155 1227 3201; x_wconf 89' lang='lat' dir='ltr'>et</span> <span class='ocrx_word' id='word_1_440' title='bbox 1249 3146 1412 3217; x_wconf 83' lang='lat' dir='ltr'>perspicuis</span> <span class='ocrx_word' id='word_1_441' title='bbox 1441 3146 1610 3219; x_wconf 78' lang='lat' dir='ltr'>Scripturas</span> <span class='ocrx_word' id='word_1_442' title='bbox 1636 3149 1728 3202; x_wconf 66' lang='lat' dir='ltr'>dictes.</span> <span class='ocrx_word' id='word_1_443' title='bbox 1766 3146 1832 3206; x_wconf 86' lang='lat' dir='ltr'>Job.</span> <span class='ocrx_word' id='word_1_444' title='bbox 1854 3153 1896 3215; x_wconf 84' lang='lat' dir='ltr'>ts,</span> 
     </span>
     <span class='ocr_line' id='line_1_35' title="bbox 199 3232 1895 3307; baseline -0.001 -16"><span class='ocrx_word' id='word_1_445' title='bbox 199 3238 271 3293; x_wconf 86' lang='lat' dir='ltr'>inter</span> <span class='ocrx_word' id='word_1_446' title='bbox 289 3236 412 3307; x_wconf 88' lang='lat' dir='ltr'>reliquas</span> <span class='ocrx_word' id='word_1_447' title='bbox 430 3235 535 3291; x_wconf 88' lang='lat' dir='ltr'>hancce</span> <span class='ocrx_word' id='word_1_448' title='bbox 551 3234 698 3306; x_wconf 82' lang='lat' dir='ltr'>proterunt</span> <span class='ocrx_word' id='word_1_449' title='bbox 716 3241 747 3289; x_wconf 88' lang='lat' dir='ltr'>ut</span> <span class='ocrx_word' id='word_1_450' title='bbox 765 3236 947 3290; x_wconf 80' lang='lat' dir='ltr'>recordemur</span> <span class='ocrx_word' id='word_1_451' title='bbox 967 3235 1035 3305; x_wconf 84' lang='lat' dir='ltr'>diei,</span> <span class='ocrx_word' id='word_1_452' title='bbox 1060 3251 1086 3289; x_wconf 84' lang='lat' dir='ltr'>v.</span> <span class='ocrx_word' id='word_1_453' title='bbox 1104 3238 1153 3288; x_wconf 82' lang='lat'>25:</span> <span class='ocrx_word' id='word_1_454' title='bbox 1181 3233 1218 3286; x_wconf 87' lang='lat' dir='ltr'>In</span> <span class='ocrx_word' id='word_1_455' title='bbox 1246 3232 1397 3287; x_wconf 69' lang='lat' dir='ltr'>aerumma</span> <span class='ocrx_word' id='word_1_456' title='bbox 1421 3233 1525 3287; x_wconf 71' lang='lat' dir='ltr'>aicae</span> <span class='ocrx_word' id='word_1_457' title='bbox 1543 3240 1622 3288; x_wconf 85' lang='lat' dir='ltr'>terra</span> <span class='ocrx_word' id='word_1_458' title='bbox 1638 3241 1816 3289; x_wconf 74' lang='lat' dir='ltr'>surrectum</span> <span class='ocrx_word' id='word_1_459' title='bbox 1833 3252 1895 3289; x_wconf 87' lang='lat' dir='ltr'>sum</span> 
     </span>
     <span class='ocr_line' id='line_1_36' title="bbox 199 3319 1895 3392; baseline 0.001 -16"><span class='ocrx_word' id='word_1_460' title='bbox 199 3341 253 3392; x_wconf 77' lang='lat' dir='ltr'>qua</span> <span class='ocrx_word' id='word_1_461' title='bbox 277 3323 308 3376; x_wconf 88' lang='lat' dir='ltr'>in</span> <span class='ocrx_word' id='word_1_462' title='bbox 330 3322 416 3376; x_wconf 84' lang='lat' dir='ltr'>citam</span> <span class='ocrx_word' id='word_1_463' title='bbox 437 3321 568 3376; x_wconf 81' lang='lat' dir='ltr'>redibunt</span> <span class='ocrx_word' id='word_1_464' title='bbox 585 3321 696 3378; x_wconf 83' lang='lat' dir='ltr'>mortui.</span> <span class='ocrx_word' id='word_1_465' title='bbox 733 3321 777 3375; x_wconf 86' lang='lat' dir='ltr'>Hi</span> <span class='ocrx_word' id='word_1_466' title='bbox 795 3321 869 3375; x_wconf 88' lang='lat' dir='ltr'>enim</span> <span class='ocrx_word' id='word_1_467' title='bbox 886 3328 1035 3391; x_wconf 79' lang='lat' dir='ltr'>rmurpent</span> <span class='ocrx_word' id='word_1_468' title='bbox 1060 3336 1086 3375; x_wconf 86' lang='lat' dir='ltr'>v.</span> <span class='ocrx_word' id='word_1_469' title='bbox 1106 3323 1147 3375; x_wconf 80' lang='lat'>26.</span> <span class='ocrx_word' id='word_1_470' title='bbox 1165 3326 1191 3374; x_wconf 90' lang='lat' dir='ltr'>et</span> <span class='ocrx_word' id='word_1_471' title='bbox 1210 3336 1323 3373; x_wconf 89' lang='lat' dir='ltr'>rursum</span> <span class='ocrx_word' id='word_1_472' title='bbox 1340 3319 1538 3374; x_wconf 82' lang='lat' dir='ltr'>circumdabor</span> <span class='ocrx_word' id='word_1_473' title='bbox 1550 3319 1630 3389; x_wconf 87' lang='lat' dir='ltr'>pelle</span> <span class='ocrx_word' id='word_1_474' title='bbox 1647 3337 1710 3376; x_wconf 88' lang='lat' dir='ltr'>mea</span> <span class='ocrx_word' id='word_1_475' title='bbox 1727 3326 1755 3375; x_wconf 86' lang='lat' dir='ltr'>et</span> <span class='ocrx_word' id='word_1_476' title='bbox 1766 3321 1797 3375; x_wconf 88' lang='lat' dir='ltr'>in</span> <span class='ocrx_word' id='word_1_477' title='bbox 1809 3338 1895 3377; x_wconf 86' lang='lat' dir='ltr'>carne</span> 
     </span>
     <span class='ocr_line' id='line_1_37' title="bbox 199 3405 1896 3479; baseline 0.002 -18"><span class='ocrx_word' id='word_1_478' title='bbox 199 3426 261 3462; x_wconf 85' lang='lat' dir='ltr'>cum</span> <span class='ocrx_word' id='word_1_479' title='bbox 283 3407 417 3476; x_wconf 79' lang='lat' dir='ltr'>clanpore</span> <span class='ocrx_word' id='word_1_480' title='bbox 441 3407 523 3461; x_wconf 82' lang='lat' dir='ltr'>tubae</span> <span class='ocrx_word' id='word_1_481' title='bbox 548 3415 574 3461; x_wconf 87' lang='lat' dir='ltr'>et</span> <span class='ocrx_word' id='word_1_482' title='bbox 597 3407 839 3475; x_wconf 70' lang='lat' dir='ltr'>concrepabuntur</span> <span class='ocrx_word' id='word_1_483' title='bbox 862 3424 919 3461; x_wconf 91' lang='lat' dir='ltr'>non</span> <span class='ocrx_word' id='word_1_484' title='bbox 937 3408 1033 3476; x_wconf 85' lang='lat' dir='ltr'>aliter,</span> <span class='ocrx_word' id='word_1_485' title='bbox 1061 3422 1122 3461; x_wconf 89' lang='lat' dir='ltr'>mea</span> <span class='ocrx_word' id='word_1_486' title='bbox 1138 3405 1236 3460; x_wconf 84' lang='lat' dir='ltr'>ridebo</span> <span class='ocrx_word' id='word_1_487' title='bbox 1255 3406 1416 3472; x_wconf 89' lang='lat' dir='ltr'>Dominum,</span> <span class='ocrx_word' id='word_1_488' title='bbox 1435 3422 1462 3464; x_wconf 86' lang='lat' dir='ltr'>r.</span> <span class='ocrx_word' id='word_1_489' title='bbox 1480 3410 1521 3465; x_wconf 78' lang='lat' dir='ltr'>tt.</span> <span class='ocrx_word' id='word_1_490' title='bbox 1538 3423 1618 3478; x_wconf 75' lang='lat' dir='ltr'>auem</span> <span class='ocrx_word' id='word_1_491' title='bbox 1634 3408 1748 3463; x_wconf 63' lang='lat' dir='ltr'>currus</span> <span class='ocrx_word' id='word_1_492' title='bbox 1763 3425 1826 3463; x_wconf 86' lang='lat' dir='ltr'>sum</span> <span class='ocrx_word' id='word_1_493' title='bbox 1844 3425 1896 3479; x_wconf 81' lang='lat' dir='ltr'>epo</span> 
     </span>
     <span class='ocr_line' id='line_1_38' title="bbox 199 3492 1895 3565; baseline 0.001 -19"><span class='ocrx_word' id='word_1_494' title='bbox 199 3511 234 3547; x_wconf 88' lang='lat' dir='ltr'>ac</span> <span class='ocrx_word' id='word_1_495' title='bbox 259 3511 321 3546; x_wconf 89' lang='lat' dir='ltr'>cum</span> <span class='ocrx_word' id='word_1_496' title='bbox 343 3493 425 3547; x_wconf 82' lang='lat' dir='ltr'>audit</span> <span class='ocrx_word' id='word_1_497' title='bbox 448 3493 572 3562; x_wconf 85' lang='lat' dir='ltr'>populus</span> <span class='ocrx_word' id='word_1_498' title='bbox 590 3509 683 3547; x_wconf 81' lang='lat' dir='ltr'>eorem</span> <span class='ocrx_word' id='word_1_499' title='bbox 702 3493 796 3563; x_wconf 76' lang='lat' dir='ltr'>nece,</span> <span class='ocrx_word' id='word_1_500' title='bbox 820 3492 892 3548; x_wconf 66' lang='lat' dir='ltr'>mast</span> <span class='ocrx_word' id='word_1_501' title='bbox 908 3493 1042 3548; x_wconf 77' lang='lat' dir='ltr'>ds&#39;eiturt·</span> <span class='ocrx_word' id='word_1_502' title='bbox 1060 3493 1131 3548; x_wconf 67' lang='lat' dir='ltr'>ruisi</span> <span class='ocrx_word' id='word_1_503' title='bbox 1152 3500 1178 3547; x_wconf 89' lang='lat' dir='ltr'>et</span> <span class='ocrx_word' id='word_1_504' title='bbox 1204 3492 1283 3548; x_wconf 86' lang='lat' dir='ltr'>oculi</span> <span class='ocrx_word' id='word_1_505' title='bbox 1304 3493 1361 3547; x_wconf 86' lang='lat' dir='ltr'>mei</span> <span class='ocrx_word' id='word_1_506' title='bbox 1384 3495 1563 3565; x_wconf 87' lang='lat' dir='ltr'>conspecturi</span> <span class='ocrx_word' id='word_1_507' title='bbox 1578 3502 1642 3551; x_wconf 87' lang='lat' dir='ltr'>sunt</span> <span class='ocrx_word' id='word_1_508' title='bbox 1661 3503 1687 3550; x_wconf 89' lang='lat' dir='ltr'>et</span> <span class='ocrx_word' id='word_1_509' title='bbox 1702 3513 1759 3551; x_wconf 88' lang='lat' dir='ltr'>non</span> <span class='ocrx_word' id='word_1_510' title='bbox 1776 3496 1895 3551; x_wconf 74' lang='lat' dir='ltr'>adsensa.</span> 
     </span>
     <span class='ocr_line' id='line_1_39' title="bbox 202 3577 1896 3644; baseline 0.002 -10"><span class='ocrx_word' id='word_1_511' title='bbox 202 3581 303 3635; x_wconf 80' lang='lat' dir='ltr'>Omnes</span> <span class='ocrx_word' id='word_1_512' title='bbox 332 3579 442 3633; x_wconf 85' lang='lat' dir='ltr'>incolae</span> <span class='ocrx_word' id='word_1_513' title='bbox 472 3578 549 3633; x_wconf 82' lang='lat' dir='ltr'>orbis</span> <span class='ocrx_word' id='word_1_514' title='bbox 579 3586 605 3632; x_wconf 88' lang='lat' dir='ltr'>et</span> <span class='ocrx_word' id='word_1_515' title='bbox 632 3579 807 3633; x_wconf 73' lang='lat' dir='ltr'>habitatores</span> <span class='ocrx_word' id='word_1_516' title='bbox 834 3587 942 3644; x_wconf 85' lang='lat' dir='ltr'>terrae,</span> <span class='ocrx_word' id='word_1_517' title='bbox 973 3597 1034 3634; x_wconf 87' lang='lat' dir='ltr'>cum</span> <span class='ocrx_word' id='word_1_518' title='bbox 1061 3578 1091 3635; x_wconf 86' lang='lat' dir='ltr'>Si</span> <span class='ocrx_word' id='word_1_519' title='bbox 1117 3577 1207 3634; x_wconf 82' lang='lat' dir='ltr'>labus</span> <span class='ocrx_word' id='word_1_520' title='bbox 1234 3577 1264 3633; x_wconf 93' lang='lat' dir='ltr'>in</span> <span class='ocrx_word' id='word_1_521' title='bbox 1289 3594 1373 3634; x_wconf 88' lang='lat' dir='ltr'>carne</span> <span class='ocrx_word' id='word_1_522' title='bbox 1399 3594 1451 3634; x_wconf 87' lang='lat' dir='ltr'>sua</span> <span class='ocrx_word' id='word_1_523' title='bbox 1479 3583 1508 3634; x_wconf 93' lang='lat' dir='ltr'>et</span> <span class='ocrx_word' id='word_1_524' title='bbox 1531 3579 1619 3636; x_wconf 88' lang='lat' dir='ltr'>oculis</span> <span class='ocrx_word' id='word_1_525' title='bbox 1647 3581 1704 3636; x_wconf 89' lang='lat' dir='ltr'>suis</span> <span class='ocrx_word' id='word_1_526' title='bbox 1727 3581 1836 3637; x_wconf 81' lang='lat' dir='ltr'>visurus</span> <span class='ocrx_word' id='word_1_527' title='bbox 1852 3587 1896 3637; x_wconf 89' lang='lat' dir='ltr'>est</span> 
     </span>
     <span class='ocr_line' id='line_1_40' title="bbox 200 3663 1894 3737; baseline 0.001 -16"><span class='ocrx_word' id='word_1_528' title='bbox 200 3666 352 3721; x_wconf 69' lang='lat' dir='ltr'>suenum</span> <span class='ocrx_word' id='word_1_529' title='bbox 370 3665 505 3719; x_wconf 72' lang='lat' dir='ltr'>senilium</span> <span class='ocrx_word' id='word_1_530' title='bbox 524 3666 665 3734; x_wconf 84' lang='lat' dir='ltr'>mentium,</span> <span class='ocrx_word' id='word_1_531' title='bbox 683 3664 816 3720; x_wconf 69' lang='grc' dir='ltr'>νίἀοόιῖίε</span> <span class='ocrx_word' id='word_1_532' title='bbox 832 3673 859 3720; x_wconf 87' lang='lat' dir='ltr'>et</span> <span class='ocrx_word' id='word_1_533' title='bbox 876 3683 939 3720; x_wconf 76' lang='lat' dir='ltr'>crem</span> <span class='ocrx_word' id='word_1_534' title='bbox 957 3666 1034 3721; x_wconf 74' lang='lat' dir='ltr'>clam</span> <span class='ocrx_word' id='word_1_535' title='bbox 1060 3663 1210 3720; x_wconf 89' lang='lat' dir='ltr'>Dominum</span> <span class='ocrx_word' id='word_1_536' title='bbox 1228 3669 1257 3718; x_wconf 89' lang='lat' dir='ltr'>et</span> <span class='ocrx_word' id='word_1_537' title='bbox 1275 3681 1331 3720; x_wconf 90' lang='lat' dir='ltr'>non</span> <span class='ocrx_word' id='word_1_538' title='bbox 1348 3663 1428 3732; x_wconf 88' lang='lat' dir='ltr'>alius,</span> <span class='ocrx_word' id='word_1_539' title='bbox 1446 3664 1544 3736; x_wconf 90' lang='lat' dir='ltr'>utique</span> <span class='ocrx_word' id='word_1_540' title='bbox 1564 3666 1689 3737; x_wconf 87' lang='lat' dir='ltr'>ejusdem</span> <span class='ocrx_word' id='word_1_541' title='bbox 1706 3683 1821 3724; x_wconf 88' lang='lat' dir='ltr'>numero</span> <span class='ocrx_word' id='word_1_542' title='bbox 1834 3683 1894 3723; x_wconf 85' lang='lat' dir='ltr'>cor·</span> 
     </span>
     <span class='ocr_line' id='line_1_41' title="bbox 200 3748 1893 3824; baseline 0.001 -18"><span class='ocrx_word' id='word_1_543' title='bbox 200 3751 490 3823; x_wconf 60' lang='lat' dir='ltr'>pertremendum.</span> <span class='ocrx_word' id='word_1_544' title='bbox 526 3748 628 3806; x_wconf 70' lang='lat' dir='ltr'>contar</span> <span class='ocrx_word' id='word_1_545' title='bbox 640 3751 773 3806; x_wconf 91' lang='lat' dir='ltr'>Drusium</span> <span class='ocrx_word' id='word_1_546' title='bbox 791 3750 821 3806; x_wconf 92' lang='lat' dir='ltr'>in</span> <span class='ocrx_word' id='word_1_547' title='bbox 841 3757 934 3807; x_wconf 80' lang='lat' dir='ltr'>annot</span> <span class='ocrx_word' id='word_1_548' title='bbox 951 3751 987 3810; x_wconf 83' lang='lat' dir='ltr'>N.</span> <span class='ocrx_word' id='word_1_549' title='bbox 1000 3750 1034 3807; x_wconf 88' lang='grc' dir='ltr'>Τ.</span> <span class='ocrx_word' id='word_1_550' title='bbox 1059 3751 1134 3824; x_wconf 87' lang='lat' dir='ltr'>poris</span> <span class='ocrx_word' id='word_1_551' title='bbox 1167 3749 1333 3806; x_wconf 77' lang='lat' dir='ltr'>emunectic</span> <span class='ocrx_word' id='word_1_552' title='bbox 1365 3755 1504 3822; x_wconf 89' lang='lat' dir='ltr'>sequetur.</span> <span class='ocrx_word' id='word_1_553' title='bbox 1556 3750 1687 3808; x_wconf 74' lang='lat' dir='ltr'>Rufinus</span> <span class='ocrx_word' id='word_1_554' title='bbox 1718 3754 1747 3808; x_wconf 91' lang='lat' dir='ltr'>in</span> <span class='ocrx_word' id='word_1_555' title='bbox 1777 3754 1893 3824; x_wconf 83' lang='lat' dir='ltr'>exposit.</span> 
     </span>
     <span class='ocr_line' id='line_1_42' title="bbox 198 3836 1894 3910; baseline 0.001 -16"><span class='ocrx_word' id='word_1_556' title='bbox 198 3846 270 3910; x_wconf 84' lang='lat' dir='ltr'>part.</span> <span class='ocrx_word' id='word_1_557' title='bbox 288 3842 312 3895; x_wconf 81' lang='lat'>2.</span> <span class='ocrx_word' id='word_1_558' title='bbox 337 3839 366 3893; x_wconf 92' lang='lat' dir='ltr'>in</span> <span class='ocrx_word' id='word_1_559' title='bbox 388 3854 449 3908; x_wconf 85' lang='lat' dir='ltr'>cap.</span> <span class='ocrx_word' id='word_1_560' title='bbox 474 3841 516 3893; x_wconf 81' lang='lat'>2⁴.</span> <span class='ocrx_word' id='word_1_561' title='bbox 539 3836 638 3892; x_wconf 81' lang='lat' dir='ltr'>Matth.</span> <span class='ocrx_word' id='word_1_562' title='bbox 661 3853 747 3909; x_wconf 86' lang='lat' dir='ltr'>super</span> <span class='ocrx_word' id='word_1_563' title='bbox 769 3836 855 3893; x_wconf 85' lang='lat' dir='ltr'>rerba</span> <span class='ocrx_word' id='word_1_564' title='bbox 870 3838 967 3893; x_wconf 86' lang='lat' dir='ltr'>Mittet</span> <span class='ocrx_word' id='word_1_565' title='bbox 984 3858 1033 3893; x_wconf 89' lang='lat' dir='ltr'>an·</span> <span class='ocrx_word' id='word_1_566' title='bbox 1060 3838 1150 3910; x_wconf 82' lang='lat' dir='ltr'>symb.</span> <span class='ocrx_word' id='word_1_567' title='bbox 1172 3855 1199 3909; x_wconf 92' lang='lat' dir='ltr'>p.</span> <span class='ocrx_word' id='word_1_568' title='bbox 1219 3841 1284 3896; x_wconf 78' lang='lat'><strong>378:</strong></span> <span class='ocrx_word' id='word_1_569' title='bbox 1309 3837 1392 3901; x_wconf 83' lang='lat' dir='ltr'>Quod</span> <span class='ocrx_word' id='word_1_570' title='bbox 1411 3837 1441 3892; x_wconf 87' lang='lat' dir='ltr'>in</span> <span class='ocrx_word' id='word_1_571' title='bbox 1461 3837 1585 3905; x_wconf 72' lang='lat' dir='ltr'>symbolo</span> <span class='ocrx_word' id='word_1_572' title='bbox 1602 3840 1788 3908; x_wconf 65' lang='lat' dir='ltr'>adjunpitum</span> <span class='ocrx_word' id='word_1_573' title='bbox 1807 3843 1894 3895; x_wconf 83' lang='lat' dir='ltr'>cresto</span> 
     </span>
     <span class='ocr_line' id='line_1_43' title="bbox 199 3923 1893 3999; baseline -0.001 -17"><span class='ocrx_word' id='word_1_574' title='bbox 199 3929 277 3999; x_wconf 74' lang='lat' dir='ltr'>pelas</span> <span class='ocrx_word' id='word_1_575' title='bbox 300 3945 361 3981; x_wconf 90' lang='lat' dir='ltr'>cum</span> <span class='ocrx_word' id='word_1_576' title='bbox 383 3927 458 3983; x_wconf 86' lang='lat' dir='ltr'>tuba.</span> <span class='ocrx_word' id='word_1_577' title='bbox 495 3923 552 3980; x_wconf 85' lang='lat' dir='ltr'>Sed</span> <span class='ocrx_word' id='word_1_578' title='bbox 579 3924 669 3996; x_wconf 90' lang='lat' dir='ltr'>qualis</span> <span class='ocrx_word' id='word_1_579' title='bbox 694 3923 742 3979; x_wconf 90' lang='lat' dir='ltr'>ille</span> <span class='ocrx_word' id='word_1_580' title='bbox 765 3925 880 3997; x_wconf 86' lang='lat' dir='ltr'>clangor</span> <span class='ocrx_word' id='word_1_581' title='bbox 895 3924 981 3982; x_wconf 88' lang='lat' dir='ltr'>tubae</span> <span class='ocrx_word' id='word_1_582' title='bbox 998 3927 1034 3981; x_wconf 90' lang='lat' dir='ltr'>sit</span> <span class='ocrx_word' id='word_1_583' title='bbox 1059 3926 1144 3995; x_wconf 79' lang='lat' dir='ltr'>bajus</span> <span class='ocrx_word' id='word_1_584' title='bbox 1161 3924 1258 3979; x_wconf 86' lang='lat' dir='ltr'>carnis</span> <span class='ocrx_word' id='word_1_585' title='bbox 1274 3923 1522 3993; x_wconf 74' lang='lat' dir='ltr'>resurrectionem,</span> <span class='ocrx_word' id='word_1_586' title='bbox 1548 3924 1614 3979; x_wconf 81' lang='lat' dir='ltr'>ride</span> <span class='ocrx_word' id='word_1_587' title='bbox 1638 3942 1723 3994; x_wconf 77' lang='lat' dir='ltr'>guam</span> <span class='ocrx_word' id='word_1_588' title='bbox 1742 3942 1893 3981; x_wconf 79' lang='lat' dir='ltr'>comosum</span> 
     </span>
     <span class='ocr_line' id='line_1_44' title="bbox 200 4008 1894 4083; baseline -0.003 -13"><span class='ocrx_word' id='word_1_589' title='bbox 200 4017 323 4083; x_wconf 85' lang='lat' dir='ltr'>tuturus,</span> <span class='ocrx_word' id='word_1_590' title='bbox 345 4013 484 4068; x_wconf 88' lang='lat' dir='ltr'>bominem</span> <span class='ocrx_word' id='word_1_591' title='bbox 501 4017 598 4067; x_wconf 87' lang='lat' dir='ltr'>exacte</span> <span class='ocrx_word' id='word_1_592' title='bbox 614 4011 687 4067; x_wconf 88' lang='lat' dir='ltr'>scire</span> <span class='ocrx_word' id='word_1_593' title='bbox 702 4012 870 4068; x_wconf 85' lang='lat' dir='ltr'>arbitramur</span> <span class='ocrx_word' id='word_1_594' title='bbox 887 4014 1034 4083; x_wconf 90' lang='lat' dir='ltr'>neminem,</span> <span class='ocrx_word' id='word_1_595' title='bbox 1058 4013 1097 4067; x_wconf 89' lang='lat' dir='ltr'>sit</span> <span class='ocrx_word' id='word_1_596' title='bbox 1121 4011 1289 4081; x_wconf 70' lang='lat' dir='ltr'>Scripturas</span> <span class='ocrx_word' id='word_1_597' title='bbox 1311 4010 1405 4065; x_wconf 74' lang='lat' dir='ltr'>dietis</span> <span class='ocrx_word' id='word_1_598' title='bbox 1444 4008 1523 4072; x_wconf 80' lang='lat' dir='ltr'>Quid</span> <span class='ocrx_word' id='word_1_599' title='bbox 1545 4010 1619 4063; x_wconf 86' lang='lat' dir='ltr'>enim</span> <span class='ocrx_word' id='word_1_600' title='bbox 1644 4011 1729 4064; x_wconf 82' lang='lat' dir='ltr'>aliud</span> <span class='ocrx_word' id='word_1_601' title='bbox 1747 4011 1894 4067; x_wconf 82' lang='lat' dir='ltr'>indicator</span> 
     </span>
     <span class='ocr_line' id='line_1_45' title="bbox 199 4095 1895 4175; baseline -0.002 -18"><span class='ocrx_word' id='word_1_602' title='bbox 199 4104 318 4175; x_wconf 87' lang='lat' dir='ltr'>ideoque</span> <span class='ocrx_word' id='word_1_603' title='bbox 346 4101 376 4156; x_wconf 93' lang='lat' dir='ltr'>in</span> <span class='ocrx_word' id='word_1_604' title='bbox 402 4099 495 4154; x_wconf 88' lang='lat' dir='ltr'>medio</span> <span class='ocrx_word' id='word_1_605' title='bbox 522 4097 718 4170; x_wconf 86' lang='lat' dir='ltr'>relinquimus,</span> <span class='ocrx_word' id='word_1_606' title='bbox 746 4115 782 4153; x_wconf 90' lang='lat' dir='ltr'>an</span> <span class='ocrx_word' id='word_1_607' title='bbox 808 4115 858 4170; x_wconf 89' lang='lat' dir='ltr'>per</span> <span class='ocrx_word' id='word_1_608' title='bbox 887 4115 952 4154; x_wconf 88' lang='lat' dir='ltr'>eum</span> <span class='ocrx_word' id='word_1_609' title='bbox 980 4118 1034 4156; x_wconf 78' lang='lat' dir='ltr'>aas</span> <span class='ocrx_word' id='word_1_610' title='bbox 1058 4099 1090 4152; x_wconf 88' lang='lat' dir='ltr'>in</span> <span class='ocrx_word' id='word_1_611' title='bbox 1112 4098 1205 4152; x_wconf 84' lang='lat' dir='ltr'>serbis</span> <span class='ocrx_word' id='word_1_612' title='bbox 1220 4097 1306 4164; x_wconf 80' lang='lat' dir='ltr'>Jobi,</span> <span class='ocrx_word' id='word_1_613' title='bbox 1333 4113 1396 4150; x_wconf 83' lang='lat' dir='ltr'>curn</span> <span class='ocrx_word' id='word_1_614' title='bbox 1422 4095 1507 4160; x_wconf 84' lang='lat' dir='ltr'>dicit,</span> <span class='ocrx_word' id='word_1_615' title='bbox 1531 4097 1598 4166; x_wconf 76' lang='lat' dir='ltr'>onia</span> <span class='ocrx_word' id='word_1_616' title='bbox 1623 4097 1769 4152; x_wconf 76' lang='lat' dir='ltr'>macitabit</span> <span class='ocrx_word' id='word_1_617' title='bbox 1787 4098 1895 4170; x_wconf 87' lang='lat' dir='ltr'>pellem</span> 
     </span>
     <span class='ocr_line' id='line_1_46' title="bbox 199 4181 1894 4261; baseline -0.004 -17"><span class='ocrx_word' id='word_1_618' title='bbox 199 4191 289 4261; x_wconf 85' lang='lat' dir='ltr'>ipsius</span> <span class='ocrx_word' id='word_1_619' title='bbox 311 4187 431 4252; x_wconf 77' lang='lat' dir='ltr'>Christi,</span> <span class='ocrx_word' id='word_1_620' title='bbox 448 4202 485 4240; x_wconf 91' lang='lat' dir='ltr'>an</span> <span class='ocrx_word' id='word_1_621' title='bbox 501 4201 567 4241; x_wconf 78' lang='lat' dir='ltr'>vero</span> <span class='ocrx_word' id='word_1_622' title='bbox 585 4185 693 4239; x_wconf 87' lang='lat' dir='ltr'>clamor</span> <span class='ocrx_word' id='word_1_623' title='bbox 710 4184 746 4238; x_wconf 86' lang='lat' dir='ltr'>ab</span> <span class='ocrx_word' id='word_1_624' title='bbox 763 4184 874 4255; x_wconf 79' lang='lat' dir='ltr'>anpelis</span> <span class='ocrx_word' id='word_1_625' title='bbox 892 4186 1034 4250; x_wconf 77' lang='lat' dir='ltr'>formatus</span> <span class='ocrx_word' id='word_1_626' title='bbox 1058 4199 1164 4249; x_wconf 72' lang='lat' dir='ltr'>mam,</span> <span class='ocrx_word' id='word_1_627' title='bbox 1182 4198 1255 4252; x_wconf 75' lang='lat' dir='ltr'>puae</span> <span class='ocrx_word' id='word_1_628' title='bbox 1271 4182 1341 4237; x_wconf 80' lang='lat' dir='ltr'>baec</span> <span class='ocrx_word' id='word_1_629' title='bbox 1357 4197 1430 4235; x_wconf 82' lang='lat' dir='ltr'>nunc</span> <span class='ocrx_word' id='word_1_630' title='bbox 1447 4181 1560 4250; x_wconf 77' lang='lat' dir='ltr'>haurit,</span> <span class='ocrx_word' id='word_1_631' title='bbox 1585 4183 1605 4236; x_wconf 91' lang='lat' dir='ltr'>i.</span> <span class='ocrx_word' id='word_1_632' title='bbox 1626 4197 1650 4240; x_wconf 84' lang='lat' dir='ltr'>e.</span> <span class='ocrx_word' id='word_1_633' title='bbox 1670 4199 1742 4252; x_wconf 77' lang='lat' dir='ltr'>puae</span> <span class='ocrx_word' id='word_1_634' title='bbox 1761 4183 1818 4237; x_wconf 86' lang='lat' dir='ltr'>ista</span> <span class='ocrx_word' id='word_1_635' title='bbox 1838 4192 1894 4239; x_wconf 85' lang='lat' dir='ltr'>tor-</span> 
     </span>
     <span class='ocr_line' id='line_1_47' title="bbox 200 4267 1895 4346; baseline -0.005 -15"><span class='ocrx_word' id='word_1_636' title='bbox 200 4273 317 4346; x_wconf 83' lang='lat' dir='ltr'>intelligi</span> <span class='ocrx_word' id='word_1_637' title='bbox 335 4272 445 4328; x_wconf 88' lang='lat' dir='ltr'>debeat.</span> <span class='ocrx_word' id='word_1_638' title='bbox 482 4269 633 4342; x_wconf 81' lang='lat' dir='ltr'>Apostolus</span> <span class='ocrx_word' id='word_1_639' title='bbox 654 4274 676 4326; x_wconf 83' lang='lat'>1.</span> <span class='ocrx_word' id='word_1_640' title='bbox 695 4267 757 4326; x_wconf 80' lang='lat' dir='ltr'>Cor.</span> <span class='ocrx_word' id='word_1_641' title='bbox 776 4275 822 4335; x_wconf 81' lang='lat'>15,</span> <span class='ocrx_word' id='word_1_642' title='bbox 844 4287 869 4324; x_wconf 83' lang='lat' dir='ltr'>r.</span> <span class='ocrx_word' id='word_1_643' title='bbox 890 4275 931 4326; x_wconf 77' lang='lat'>52.</span> <span class='ocrx_word' id='word_1_644' title='bbox 956 4271 1032 4326; x_wconf 90' lang='lat' dir='ltr'>inde·</span> <span class='ocrx_word' id='word_1_645' title='bbox 1059 4276 1152 4325; x_wconf 82' lang='lat' dir='ltr'>mesta</span> <span class='ocrx_word' id='word_1_646' title='bbox 1161 4268 1332 4339; x_wconf 86' lang='lat' dir='ltr'>perpetitur.</span> <span class='ocrx_word' id='word_1_647' title='bbox 1368 4267 1470 4321; x_wconf 89' lang='lat' dir='ltr'>Nonne</span> <span class='ocrx_word' id='word_1_648' title='bbox 1488 4274 1586 4337; x_wconf 88' lang='lat' dir='ltr'>aperte</span> <span class='ocrx_word' id='word_1_649' title='bbox 1603 4268 1689 4337; x_wconf 65' lang='lat' dir='ltr'>lepus</span> <span class='ocrx_word' id='word_1_650' title='bbox 1707 4268 1804 4323; x_wconf 88' lang='lat' dir='ltr'>carnis</span> <span class='ocrx_word' id='word_1_651' title='bbox 1823 4270 1895 4324; x_wconf 84' lang='lat' dir='ltr'>dicit</span> 
     </span>
    </p>
   </div>
   <div class='ocr_carea' id='block_1_3' title="bbox 198 4354 1894 5205">
    <p class='ocr_par' dir='ltr' id='par_1_3' title="bbox 198 4354 1894 5205">
     <span class='ocr_line' id='line_1_48' title="bbox 200 4354 1894 4428; baseline -0.004 -11"><span class='ocrx_word' id='word_1_652' title='bbox 200 4361 278 4417; x_wconf 82' lang='lat' dir='ltr'>finite</span> <span class='ocrx_word' id='word_1_653' title='bbox 303 4359 371 4415; x_wconf 85' lang='lat' dir='ltr'>dicit</span> <span class='ocrx_word' id='word_1_654' title='bbox 397 4363 526 4414; x_wconf 75' lang='grc' dir='ltr'><strong><em>σαλπίσει</em></strong></span> <span class='ocrx_word' id='word_1_655' title='bbox 544 4373 597 4412; x_wconf 89' lang='lat' dir='ltr'>nec</span> <span class='ocrx_word' id='word_1_656' title='bbox 616 4355 707 4425; x_wconf 82' lang='lat' dir='ltr'>addit,</span> <span class='ocrx_word' id='word_1_657' title='bbox 732 4373 768 4411; x_wconf 86' lang='lat' dir='ltr'>an</span> <span class='ocrx_word' id='word_1_658' title='bbox 792 4355 828 4411; x_wconf 90' lang='lat' dir='ltr'>de</span> <span class='ocrx_word' id='word_1_659' title='bbox 846 4355 966 4428; x_wconf 80' lang='lat' dir='ltr'>angelis,</span> <span class='ocrx_word' id='word_1_660' title='bbox 995 4373 1032 4411; x_wconf 84' lang='lat' dir='ltr'>un</span> <span class='ocrx_word' id='word_1_661' title='bbox 1058 4354 1290 4410; x_wconf 83' lang='lat' dir='ltr'>resurrectionem</span> <span class='ocrx_word' id='word_1_662' title='bbox 1309 4354 1459 4417; x_wconf 59' lang='lat' dir='ltr'>mam!</span> <span class='ocrx_word' id='word_1_663' title='bbox 1481 4354 1568 4424; x_wconf 79' lang='lat' dir='ltr'>lujres</span> <span class='ocrx_word' id='word_1_664' title='bbox 1591 4355 1718 4426; x_wconf 71' lang='lat' dir='ltr'>iamiam,</span> <span class='ocrx_word' id='word_1_665' title='bbox 1748 4371 1821 4425; x_wconf 70' lang='lat' dir='ltr'>meae</span> <span class='ocrx_word' id='word_1_666' title='bbox 1839 4356 1894 4410; x_wconf 84' lang='lat' dir='ltr'>tri-</span> 
     </span>
     <span class='ocr_line' id='line_1_49' title="bbox 199 4439 1894 4514; baseline -0.003 -13"><span class='ocrx_word' id='word_1_667' title='bbox 199 4446 309 4501; x_wconf 84' lang='lat' dir='ltr'>Cbristo</span> <span class='ocrx_word' id='word_1_668' title='bbox 326 4446 378 4500; x_wconf 89' lang='lat' dir='ltr'>hoc</span> <span class='ocrx_word' id='word_1_669' title='bbox 397 4449 542 4514; x_wconf 87' lang='lat' dir='ltr'>acceptum</span> <span class='ocrx_word' id='word_1_670' title='bbox 558 4441 633 4498; x_wconf 79' lang='lat' dir='ltr'>velit</span> <span class='ocrx_word' id='word_1_671' title='bbox 672 4447 694 4497; x_wconf 93' lang='grc'>1.</span> <span class='ocrx_word' id='word_1_672' title='bbox 706 4440 806 4504; x_wconf 70' lang='lat' dir='ltr'>&#39;l&#39;hesa</span> <span class='ocrx_word' id='word_1_673' title='bbox 819 4447 845 4509; x_wconf 83' lang='lat' dir='ltr'>t,</span> <span class='ocrx_word' id='word_1_674' title='bbox 857 4456 883 4498; x_wconf 82' lang='lat' dir='ltr'>v.</span> <span class='ocrx_word' id='word_1_675' title='bbox 898 4446 938 4496; x_wconf 85' lang='lat' dir='ltr'>ts.</span> <span class='ocrx_word' id='word_1_676' title='bbox 950 4447 1033 4498; x_wconf 84' lang='lat' dir='ltr'>vocat</span> <span class='ocrx_word' id='word_1_677' title='bbox 1059 4442 1235 4497; x_wconf 76' lang='lat' dir='ltr'>bsdationum</span> <span class='ocrx_word' id='word_1_678' title='bbox 1258 4447 1286 4494; x_wconf 91' lang='lat' dir='ltr'>et</span> <span class='ocrx_word' id='word_1_679' title='bbox 1305 4439 1489 4494; x_wconf 85' lang='lat' dir='ltr'>tentationum</span> <span class='ocrx_word' id='word_1_680' title='bbox 1509 4440 1699 4496; x_wconf 75' lang='lat' dir='ltr'>ensciamenta</span> <span class='ocrx_word' id='word_1_681' title='bbox 1717 4458 1792 4494; x_wconf 86' lang='lat' dir='ltr'>nunc</span> <span class='ocrx_word' id='word_1_682' title='bbox 1810 4442 1894 4496; x_wconf 80' lang='lat' dir='ltr'>assti-</span> 
     </span>
     <span class='ocr_line' id='line_1_50' title="bbox 199 4523 1894 4602; baseline -0.004 -14"><span class='ocrx_word' id='word_1_683' title='bbox 199 4535 290 4588; x_wconf 80' lang='lat' dir='ltr'>tubam</span> <span class='ocrx_word' id='word_1_684' title='bbox 309 4533 375 4602; x_wconf 86' lang='lat' dir='ltr'>Dei,</span> <span class='ocrx_word' id='word_1_685' title='bbox 395 4530 445 4586; x_wconf 89' lang='lat' dir='ltr'>sed</span> <span class='ocrx_word' id='word_1_686' title='bbox 462 4534 554 4602; x_wconf 88' lang='lat' dir='ltr'>potest</span> <span class='ocrx_word' id='word_1_687' title='bbox 571 4529 623 4583; x_wconf 86' lang='lat' dir='ltr'>hoc</span> <span class='ocrx_word' id='word_1_688' title='bbox 642 4527 733 4599; x_wconf 90' lang='lat' dir='ltr'>accipi</span> <span class='ocrx_word' id='word_1_689' title='bbox 750 4526 787 4581; x_wconf 90' lang='lat' dir='ltr'>de</span> <span class='ocrx_word' id='word_1_690' title='bbox 805 4525 873 4581; x_wconf 88' lang='lat' dir='ltr'>tuba</span> <span class='ocrx_word' id='word_1_691' title='bbox 881 4525 935 4582; x_wconf 89' lang='lat' dir='ltr'>Dei</span> <span class='ocrx_word' id='word_1_692' title='bbox 950 4529 1032 4598; x_wconf 86' lang='lat' dir='ltr'>jussu</span> <span class='ocrx_word' id='word_1_693' title='bbox 1058 4536 1111 4584; x_wconf 84' lang='lat' dir='ltr'>net.</span> <span class='ocrx_word' id='word_1_694' title='bbox 1150 4525 1252 4581; x_wconf 82' lang='lat' dir='ltr'>Confer</span> <span class='ocrx_word' id='word_1_695' title='bbox 1277 4523 1480 4596; x_wconf 79' lang='lat' dir='ltr'>Hieronymum</span> <span class='ocrx_word' id='word_1_696' title='bbox 1512 4524 1541 4580; x_wconf 91' lang='lat' dir='ltr'>in</span> <span class='ocrx_word' id='word_1_697' title='bbox 1568 4542 1665 4582; x_wconf 84' lang='lat' dir='ltr'>comm</span> <span class='ocrx_word' id='word_1_698' title='bbox 1693 4525 1768 4583; x_wconf 86' lang='lat' dir='ltr'>Jobi.</span> <span class='ocrx_word' id='word_1_699' title='bbox 1815 4525 1894 4591; x_wconf 80' lang='lat' dir='ltr'>Quae</span> 
     </span>
     <span class='ocr_line' id='line_1_51' title="bbox 199 4609 1894 4687; baseline -0.003 -13"><span class='ocrx_word' id='word_1_700' title='bbox 199 4636 233 4674; x_wconf 90' lang='lat' dir='ltr'>sc</span> <span class='ocrx_word' id='word_1_701' title='bbox 263 4619 394 4674; x_wconf 80' lang='lat' dir='ltr'>mndata</span> <span class='ocrx_word' id='word_1_702' title='bbox 425 4617 463 4672; x_wconf 91' lang='lat' dir='ltr'>ab</span> <span class='ocrx_word' id='word_1_703' title='bbox 494 4613 596 4687; x_wconf 86' lang='lat' dir='ltr'>angelo</span> <span class='ocrx_word' id='word_1_704' title='bbox 628 4613 665 4669; x_wconf 88' lang='lat' dir='ltr'>ad</span> <span class='ocrx_word' id='word_1_705' title='bbox 691 4613 852 4684; x_wconf 86' lang='lat' dir='ltr'>clangorem</span> <span class='ocrx_word' id='word_1_706' title='bbox 876 4611 1031 4669; x_wconf 81' lang='lat' dir='ltr'>ammsnds.</span> <span class='ocrx_word' id='word_1_707' title='bbox 1058 4618 1169 4669; x_wconf 88' lang='lat' dir='ltr'>nostrae</span> <span class='ocrx_word' id='word_1_708' title='bbox 1193 4609 1415 4683; x_wconf 87' lang='lat' dir='ltr'>interpretationi</span> <span class='ocrx_word' id='word_1_709' title='bbox 1432 4609 1627 4681; x_wconf 79' lang='lat' dir='ltr'>obvertuntur,</span> <span class='ocrx_word' id='word_1_710' title='bbox 1653 4611 1829 4682; x_wconf 88' lang='lat' dir='ltr'>exposuimus</span> <span class='ocrx_word' id='word_1_711' title='bbox 1847 4631 1894 4669; x_wconf 92' lang='lat' dir='ltr'>su-</span> 
     </span>
     <span class='ocr_line' id='line_1_52' title="bbox 198 4696 1894 4776; baseline -0.004 -16"><span class='ocrx_word' id='word_1_712' title='bbox 198 4704 337 4776; x_wconf 86' lang='lat' dir='ltr'>Didymus</span> <span class='ocrx_word' id='word_1_713' title='bbox 366 4703 442 4774; x_wconf 88' lang='lat' dir='ltr'>apud</span> <span class='ocrx_word' id='word_1_714' title='bbox 472 4700 585 4758; x_wconf 90' lang='lat' dir='ltr'>Hieron.</span> <span class='ocrx_word' id='word_1_715' title='bbox 612 4700 640 4756; x_wconf 91' lang='lat' dir='ltr'>in</span> <span class='ocrx_word' id='word_1_716' title='bbox 668 4699 747 4771; x_wconf 80' lang='lat' dir='ltr'>episc</span> <span class='ocrx_word' id='word_1_717' title='bbox 773 4698 810 4754; x_wconf 89' lang='lat' dir='ltr'>ad</span> <span class='ocrx_word' id='word_1_718' title='bbox 830 4697 979 4754; x_wconf 79' lang='lat' dir='ltr'>Minatium</span> <span class='ocrx_word' id='word_1_719' title='bbox 1003 4702 1033 4754; x_wconf 86' lang='lat' dir='ltr'>ct</span> <span class='ocrx_word' id='word_1_720' title='bbox 1057 4699 1158 4772; x_wconf 87' lang='lat' dir='ltr'>perias.</span> <span class='ocrx_word' id='word_1_721' title='bbox 1196 4698 1241 4753; x_wconf 91' lang='lat' dir='ltr'>Ps.</span> <span class='ocrx_word' id='word_1_722' title='bbox 1263 4702 1312 4763; x_wconf 85' lang='grc'>31,</span> <span class='ocrx_word' id='word_1_723' title='bbox 1337 4714 1363 4752; x_wconf 82' lang='lat' dir='ltr'>r.</span> <span class='ocrx_word' id='word_1_724' title='bbox 1385 4701 1433 4751; x_wconf 84' lang='lat'>21:</span> <span class='ocrx_word' id='word_1_725' title='bbox 1468 4698 1597 4753; x_wconf 72' lang='lat' dir='ltr'>Ctmtodit</span> <span class='ocrx_word' id='word_1_726' title='bbox 1627 4696 1768 4752; x_wconf 82' lang='lat' dir='ltr'>Dominus</span> <span class='ocrx_word' id='word_1_727' title='bbox 1799 4700 1894 4754; x_wconf 88' lang='lat' dir='ltr'>omnia</span> 
     </span>
     <span class='ocr_line' id='line_1_53' title="bbox 198 4782 1892 4861; baseline -0.003 -15"><span class='ocrx_word' id='word_1_728' title='bbox 198 4790 387 4846; x_wconf 81' lang='lat' dir='ltr'>Alexandrum</span> <span class='ocrx_word' id='word_1_729' title='bbox 406 4805 479 4861; x_wconf 88' lang='lat' dir='ltr'>quae</span> <span class='ocrx_word' id='word_1_730' title='bbox 499 4795 542 4843; x_wconf 87' lang='lat' dir='ltr'>est</span> <span class='ocrx_word' id='word_1_731' title='bbox 562 4791 625 4842; x_wconf 80' lang='lat'>152:</span> <span class='ocrx_word' id='word_1_732' title='bbox 650 4786 733 4850; x_wconf 80' lang='lat' dir='ltr'>stod</span> <span class='ocrx_word' id='word_1_733' title='bbox 750 4785 781 4838; x_wconf 89' lang='lat' dir='ltr'>in</span> <span class='ocrx_word' id='word_1_734' title='bbox 800 4784 1031 4840; x_wconf 70' lang='lat' dir='ltr'>massmanno</span> <span class='ocrx_word' id='word_1_735' title='bbox 1058 4802 1123 4841; x_wconf 86' lang='lat' dir='ltr'>ossa</span> <span class='ocrx_word' id='word_1_736' title='bbox 1139 4785 1253 4854; x_wconf 85' lang='lat' dir='ltr'>piorum</span> <span class='ocrx_word' id='word_1_737' title='bbox 1271 4791 1298 4838; x_wconf 91' lang='lat' dir='ltr'>et</span> <span class='ocrx_word' id='word_1_738' title='bbox 1316 4800 1401 4837; x_wconf 73' lang='lat' dir='ltr'>mum</span> <span class='ocrx_word' id='word_1_739' title='bbox 1421 4799 1455 4837; x_wconf 80' lang='lat' dir='ltr'>ea</span> <span class='ocrx_word' id='word_1_740' title='bbox 1473 4783 1535 4836; x_wconf 83' lang='lat' dir='ltr'>illis</span> <span class='ocrx_word' id='word_1_741' title='bbox 1553 4800 1610 4837; x_wconf 91' lang='lat' dir='ltr'>non</span> <span class='ocrx_word' id='word_1_742' title='bbox 1622 4782 1738 4852; x_wconf 79' lang='lat' dir='ltr'>peribit.</span> <span class='ocrx_word' id='word_1_743' title='bbox 1768 4782 1830 4840; x_wconf 82' lang='lat' dir='ltr'>Esa.</span> <span class='ocrx_word' id='word_1_744' title='bbox 1850 4789 1892 4850; x_wconf 82' lang='grc'>26,</span> 
     </span>
     <span class='ocr_line' id='line_1_54' title="bbox 198 4867 1892 4942; baseline -0.004 -10"><span class='ocrx_word' id='word_1_745' title='bbox 198 4878 302 4933; x_wconf 89' lang='lat' dir='ltr'>mortui</span> <span class='ocrx_word' id='word_1_746' title='bbox 319 4877 452 4930; x_wconf 87' lang='lat' dir='ltr'>dicuntur</span> <span class='ocrx_word' id='word_1_747' title='bbox 469 4873 669 4942; x_wconf 86' lang='lat' dir='ltr'>resurrecturi,</span> <span class='ocrx_word' id='word_1_748' title='bbox 688 4871 832 4942; x_wconf 85' lang='lat' dir='ltr'>duplicem</span> <span class='ocrx_word' id='word_1_749' title='bbox 849 4871 932 4925; x_wconf 79' lang='lat' dir='ltr'>tabee</span> <span class='ocrx_word' id='word_1_750' title='bbox 945 4870 1031 4939; x_wconf 79' lang='lat' dir='ltr'>sipni·</span> <span class='ocrx_word' id='word_1_751' title='bbox 1057 4888 1084 4927; x_wconf 84' lang='lat' dir='ltr'>v.</span> <span class='ocrx_word' id='word_1_752' title='bbox 1106 4874 1153 4924; x_wconf 82' lang='lat' dir='ltr'>ts:</span> <span class='ocrx_word' id='word_1_753' title='bbox 1184 4869 1280 4925; x_wconf 83' lang='lat' dir='ltr'>Vivent</span> <span class='ocrx_word' id='word_1_754' title='bbox 1297 4868 1403 4923; x_wconf 83' lang='lat' dir='ltr'>mortui</span> <span class='ocrx_word' id='word_1_755' title='bbox 1417 4867 1473 4933; x_wconf 90' lang='lat' dir='ltr'>tui,</span> <span class='ocrx_word' id='word_1_756' title='bbox 1499 4868 1638 4922; x_wconf 70' lang='lat' dir='ltr'>caderem</span> <span class='ocrx_word' id='word_1_757' title='bbox 1655 4883 1717 4922; x_wconf 88' lang='lat' dir='ltr'>meo</span> <span class='ocrx_word' id='word_1_758' title='bbox 1735 4877 1892 4940; x_wconf 80' lang='lat' dir='ltr'>rmurpent.</span> 
     </span>
     <span class='ocr_line' id='line_1_55' title="bbox 198 4937 1894 5031; baseline -0.005 -13"><span class='ocrx_word' id='word_1_759' title='bbox 198 4965 365 5031; x_wconf 74' lang='lat' dir='ltr'>ficationem,</span> <span class='ocrx_word' id='word_1_760' title='bbox 382 4970 412 5016; x_wconf 90' lang='lat' dir='ltr'>ut</span> <span class='ocrx_word' id='word_1_761' title='bbox 429 4962 548 5030; x_wconf 78' lang='lat' dir='ltr'>clanpor</span> <span class='ocrx_word' id='word_1_762' title='bbox 564 4960 645 5015; x_wconf 83' lang='lat' dir='ltr'>mbae</span> <span class='ocrx_word' id='word_1_763' title='bbox 659 4966 710 5013; x_wconf 92' lang='lat' dir='ltr'>aut</span> <span class='ocrx_word' id='word_1_764' title='bbox 720 4959 796 5012; x_wconf 85' lang='lat' dir='ltr'>oecis</span> <span class='ocrx_word' id='word_1_765' title='bbox 807 4958 915 5013; x_wconf 83' lang='lat' dir='ltr'>indicet</span> <span class='ocrx_word' id='word_1_766' title='bbox 923 4957 1031 5028; x_wconf 78' lang='lat' dir='ltr'>mapni-</span> <span class='ocrx_word' id='word_1_767' title='bbox 1056 4953 1102 5010; x_wconf 82' lang='lat' dir='ltr'>Iu</span> <span class='ocrx_word' id='word_1_768' title='bbox 1126 4954 1199 5010; x_wconf 91' lang='lat' dir='ltr'>enim</span> <span class='ocrx_word' id='word_1_769' title='bbox 1223 4952 1310 5010; x_wconf 85' lang='lat' dir='ltr'>Hebr.</span> <span class='ocrx_word' id='word_1_770' title='bbox 1330 4937 1423 5028; x_wconf 46' lang='lat' dir='ltr'>&#39;&#39;lid-³,</span> <span class='ocrx_word' id='word_1_771' title='bbox 1450 4952 1529 5007; x_wconf 92' lang='lat' dir='ltr'>reddi</span> <span class='ocrx_word' id='word_1_772' title='bbox 1552 4957 1659 5022; x_wconf 88' lang='lat' dir='ltr'>potest,</span> <span class='ocrx_word' id='word_1_773' title='bbox 1686 4958 1719 5007; x_wconf 91' lang='lat' dir='ltr'>ut</span> <span class='ocrx_word' id='word_1_774' title='bbox 1735 4950 1820 5008; x_wconf 83' lang='lat' dir='ltr'>verba</span> <span class='ocrx_word' id='word_1_775' title='bbox 1838 4953 1894 5009; x_wconf 91' lang='lat' dir='ltr'>ists</span> 
     </span>
     <span class='ocr_line' id='line_1_56' title="bbox 198 5037 1893 5119; baseline -0.006 -14"><span class='ocrx_word' id='word_1_776' title='bbox 198 5051 331 5113; x_wconf 79' lang='lat' dir='ltr'>tudinem,</span> <span class='ocrx_word' id='word_1_777' title='bbox 345 5050 432 5119; x_wconf 80' lang='lat' dir='ltr'>jueta</span> <span class='ocrx_word' id='word_1_778' title='bbox 448 5047 526 5102; x_wconf 79' lang='lat' dir='ltr'>silnd</span> <span class='ocrx_word' id='word_1_779' title='bbox 541 5048 620 5117; x_wconf 80' lang='lat' dir='ltr'>quod</span> <span class='ocrx_word' id='word_1_780' title='bbox 638 5047 774 5115; x_wconf 86' lang='lat' dir='ltr'>scriptum</span> <span class='ocrx_word' id='word_1_781' title='bbox 793 5052 851 5110; x_wconf 87' lang='lat' dir='ltr'>est,</span> <span class='ocrx_word' id='word_1_782' title='bbox 870 5044 965 5099; x_wconf 71' lang='lat' dir='ltr'>exalta</span> <span class='ocrx_word' id='word_1_783' title='bbox 985 5061 1031 5098; x_wconf 88' lang='lat' dir='ltr'>sc·</span> <span class='ocrx_word' id='word_1_784' title='bbox 1056 5040 1211 5097; x_wconf 83' lang='lat' dir='ltr'>referantur</span> <span class='ocrx_word' id='word_1_785' title='bbox 1235 5039 1271 5096; x_wconf 87' lang='lat' dir='ltr'>sd</span> <span class='ocrx_word' id='word_1_786' title='bbox 1296 5039 1387 5111; x_wconf 90' lang='lat' dir='ltr'>ipsum</span> <span class='ocrx_word' id='word_1_787' title='bbox 1409 5037 1586 5108; x_wconf 89' lang='lat' dir='ltr'>prophetam,</span> <span class='ocrx_word' id='word_1_788' title='bbox 1618 5038 1671 5093; x_wconf 89' lang='lat' dir='ltr'>boc</span> <span class='ocrx_word' id='word_1_789' title='bbox 1697 5055 1793 5106; x_wconf 85' lang='lat' dir='ltr'>sensu,</span> <span class='ocrx_word' id='word_1_790' title='bbox 1822 5039 1893 5095; x_wconf 87' lang='lat' dir='ltr'>sicut</span> 
     </span>
     <span class='ocr_line' id='line_1_57' title="bbox 198 5124 1892 5205; baseline -0.006 -14"><span class='ocrx_word' id='word_1_791' title='bbox 198 5151 256 5191; x_wconf 77' lang='lat' dir='ltr'>cens</span> <span class='ocrx_word' id='word_1_792' title='bbox 274 5144 350 5190; x_wconf 87' lang='lat' dir='ltr'>tuam</span> <span class='ocrx_word' id='word_1_793' title='bbox 367 5134 441 5191; x_wconf 85' lang='lat' dir='ltr'>sicut</span> <span class='ocrx_word' id='word_1_794' title='bbox 460 5135 544 5204; x_wconf 84' lang='lat' dir='ltr'>tuba,·</span> <span class='ocrx_word' id='word_1_795' title='bbox 571 5140 621 5187; x_wconf 83' lang='lat' dir='ltr'>aut</span> <span class='ocrx_word' id='word_1_796' title='bbox 647 5138 777 5205; x_wconf 86' lang='lat' dir='ltr'>apertam</span> <span class='ocrx_word' id='word_1_797' title='bbox 796 5132 919 5186; x_wconf 82' lang='lat' dir='ltr'>amnium</span> <span class='ocrx_word' id='word_1_798' title='bbox 937 5147 1031 5184; x_wconf 83' lang='lat' dir='ltr'>recur-</span> <span class='ocrx_word' id='word_1_799' title='bbox 1056 5144 1110 5199; x_wconf 86' lang='lat' dir='ltr'>ego</span> <span class='ocrx_word' id='word_1_800' title='bbox 1126 5124 1225 5181; x_wconf 79' lang='lat' dir='ltr'>Esaias</span> <span class='ocrx_word' id='word_1_801' title='bbox 1244 5142 1307 5180; x_wconf 89' lang='lat' dir='ltr'>meo</span> <span class='ocrx_word' id='word_1_802' title='bbox 1324 5140 1440 5195; x_wconf 87' lang='lat' dir='ltr'>corpore</span> <span class='ocrx_word' id='word_1_803' title='bbox 1458 5139 1615 5194; x_wconf 87' lang='lat' dir='ltr'>resurgam,</span> <span class='ocrx_word' id='word_1_804' title='bbox 1641 5124 1683 5179; x_wconf 90' lang='lat' dir='ltr'>sic</span> <span class='ocrx_word' id='word_1_805' title='bbox 1707 5124 1812 5195; x_wconf 86' lang='lat' dir='ltr'>pariter</span> <span class='ocrx_word' id='word_1_806' title='bbox 1830 5125 1892 5181; x_wconf 85' lang='lat' dir='ltr'>reli·</span> 
     </span>
    </p>
   </div>
   <div class='ocr_carea' id='block_1_4' title="bbox 197 5210 1894 5373">
    <p class='ocr_par' dir='ltr' id='par_1_4' title="bbox 197 5210 1894 5373">
     <span class='ocr_line' id='line_1_58' title="bbox 197 5210 1894 5294; baseline -0.005 -18"><span class='ocrx_word' id='word_1_807' title='bbox 197 5225 361 5294; x_wconf 78' lang='lat' dir='ltr'>reetimeem,</span> <span class='ocrx_word' id='word_1_808' title='bbox 379 5222 461 5290; x_wconf 74' lang='lat' dir='ltr'>iacta</span> <span class='ocrx_word' id='word_1_809' title='bbox 479 5220 571 5289; x_wconf 74' lang='lat' dir='ltr'>msc,</span> <span class='ocrx_word' id='word_1_810' title='bbox 589 5221 704 5290; x_wconf 69' lang='lat' dir='ltr'>manda</span> <span class='ocrx_word' id='word_1_811' title='bbox 723 5218 803 5281; x_wconf 80' lang='lat' dir='ltr'>facis</span> <span class='ocrx_word' id='word_1_812' title='bbox 819 5217 1029 5286; x_wconf 73' lang='lat' dir='ltr'>eleemosynam,</span> <span class='ocrx_word' id='word_1_813' title='bbox 1057 5214 1105 5287; x_wconf 88' lang='lat' dir='ltr'>qui</span> <span class='ocrx_word' id='word_1_814' title='bbox 1130 5211 1230 5269; x_wconf 87' lang='lat' dir='ltr'>mortui</span> <span class='ocrx_word' id='word_1_815' title='bbox 1257 5210 1293 5267; x_wconf 88' lang='lat' dir='ltr'>ad</span> <span class='ocrx_word' id='word_1_816' title='bbox 1317 5226 1403 5266; x_wconf 90' lang='lat' dir='ltr'>unum</span> <span class='ocrx_word' id='word_1_817' title='bbox 1428 5226 1523 5267; x_wconf 89' lang='lat' dir='ltr'>omues</span> <span class='ocrx_word' id='word_1_818' title='bbox 1542 5215 1688 5282; x_wconf 83' lang='lat' dir='ltr'>resurgent</span> <span class='ocrx_word' id='word_1_819' title='bbox 1706 5227 1757 5265; x_wconf 91' lang='lat' dir='ltr'>suo</span> <span class='ocrx_word' id='word_1_820' title='bbox 1775 5211 1894 5283; x_wconf 84' lang='lat' dir='ltr'>quisque</span> 
     </span>
     <span class='ocr_line' id='line_1_59' title="bbox 197 5295 1893 5373; baseline -0.006 -9"><span class='ocrx_word' id='word_1_821' title='bbox 197 5309 267 5364; x_wconf 82' lang='lat' dir='ltr'>noli·</span> <span class='ocrx_word' id='word_1_822' title='bbox 283 5324 385 5365; x_wconf 84' lang='lat' dir='ltr'>canere</span> <span class='ocrx_word' id='word_1_823' title='bbox 409 5307 475 5363; x_wconf 79' lang='lat' dir='ltr'>tata</span> <span class='ocrx_word' id='word_1_824' title='bbox 496 5312 561 5360; x_wconf 86' lang='lat' dir='ltr'>ante</span> <span class='ocrx_word' id='word_1_825' title='bbox 585 5310 626 5373; x_wconf 85' lang='lat' dir='ltr'>te,</span> <span class='ocrx_word' id='word_1_826' title='bbox 649 5303 684 5358; x_wconf 84' lang='lat' dir='ltr'>id</span> <span class='ocrx_word' id='word_1_827' title='bbox 708 5310 750 5357; x_wconf 85' lang='lat' dir='ltr'>set</span> <span class='ocrx_word' id='word_1_828' title='bbox 772 5303 936 5358; x_wconf 82' lang='lat' dir='ltr'>abscondite</span> <span class='ocrx_word' id='word_1_829' title='bbox 954 5309 982 5357; x_wconf 84' lang='lat' dir='ltr'>et</span> <span class='ocrx_word' id='word_1_830' title='bbox 999 5303 1031 5356; x_wconf 85' lang='lat' dir='ltr'>in</span> <span class='ocrx_word' id='word_1_831' title='bbox 1056 5315 1178 5372; x_wconf 86' lang='lat' dir='ltr'>corpore.</span> <span class='ocrx_word' id='word_1_832' title='bbox 1209 5297 1350 5354; x_wconf 84' lang='lat' dir='ltr'>Lutherus</span> <span class='ocrx_word' id='word_1_833' title='bbox 1368 5296 1493 5353; x_wconf 81' lang='lat' dir='ltr'>reddidit</span> <span class='ocrx_word' id='word_1_834' title='bbox 1509 5298 1657 5364; x_wconf 72' lang='grc' dir='ltr'>δεικτικῶς,</span> <span class='ocrx_word' id='word_1_835' title='bbox 1674 5297 1724 5354; x_wconf 79' lang='lat' dir='ltr'>nit</span> <span class='ocrx_word' id='word_1_836' title='bbox 1742 5298 1797 5355; x_wconf 72' lang='lat' dir='ltr'>betti</span> <span class='ocrx_word' id='word_1_837' title='bbox 1810 5295 1893 5368; x_wconf 67' lang='lat' dir='ltr'>aaa·</span> 
     </span>
    </p>
   </div>
   <div class='ocr_carea' id='block_1_5' title="bbox 196 5382 1893 5557">
    <p class='ocr_par' dir='ltr' id='par_1_5' title="bbox 196 5382 1893 5557">
     <span class='ocr_line' id='line_1_60' title="bbox 196 5382 1893 5462; baseline -0.008 -12"><span class='ocrx_word' id='word_1_838' title='bbox 196 5405 303 5450; x_wconf 88' lang='lat' dir='ltr'>secreto</span> <span class='ocrx_word' id='word_1_839' title='bbox 335 5397 389 5462; x_wconf 76' lang='lat' dir='ltr'>fac</span> <span class='ocrx_word' id='word_1_840' title='bbox 422 5390 649 5449; x_wconf 85' lang='lat' dir='ltr'>misericordiam</span> <span class='ocrx_word' id='word_1_841' title='bbox 675 5393 730 5446; x_wconf 90' lang='lat' dir='ltr'>etc.</span> <span class='ocrx_word' id='word_1_842' title='bbox 780 5389 818 5442; x_wconf 83' lang='lat' dir='ltr'>ln</span> <span class='ocrx_word' id='word_1_843' title='bbox 851 5388 1032 5460; x_wconf 69' lang='lat' dir='ltr'>Apocalypsi</span> <span class='ocrx_word' id='word_1_844' title='bbox 1056 5402 1127 5445; x_wconf 84' lang='lat' dir='ltr'>nunt.</span> <span class='ocrx_word' id='word_1_845' title='bbox 1162 5384 1227 5442; x_wconf 78' lang='lat' dir='ltr'>ssa.</span> <span class='ocrx_word' id='word_1_846' title='bbox 1249 5389 1291 5450; x_wconf 79' lang='lat' dir='ltr'>tt,</span> <span class='ocrx_word' id='word_1_847' title='bbox 1309 5400 1335 5440; x_wconf 79' lang='lat' dir='ltr'>r.</span> <span class='ocrx_word' id='word_1_848' title='bbox 1355 5388 1400 5441; x_wconf 79' lang='lat' dir='ltr'>tt:</span> <span class='ocrx_word' id='word_1_849' title='bbox 1422 5384 1497 5438; x_wconf 88' lang='lat' dir='ltr'>Ossa</span> <span class='ocrx_word' id='word_1_850' title='bbox 1515 5390 1609 5437; x_wconf 84' lang='lat' dir='ltr'>uestra</span> <span class='ocrx_word' id='word_1_851' title='bbox 1627 5384 1713 5453; x_wconf 75' lang='lat' dir='ltr'>quasi</span> <span class='ocrx_word' id='word_1_852' title='bbox 1729 5382 1817 5437; x_wconf 74' lang='lat' dir='ltr'>iterim</span> <span class='ocrx_word' id='word_1_853' title='bbox 1830 5399 1893 5453; x_wconf 78' lang='lat' dir='ltr'>per·</span> 
     </span>
     <span class='ocr_line' id='line_1_61' title="bbox 196 5469 1893 5557; baseline -0.006 -20"><span class='ocrx_word' id='word_1_854' title='bbox 196 5490 300 5557; x_wconf 87' lang='lat' dir='ltr'>septem</span> <span class='ocrx_word' id='word_1_855' title='bbox 324 5481 521 5539; x_wconf 71' lang='lat' dir='ltr'>damasum</span> <span class='ocrx_word' id='word_1_856' title='bbox 546 5477 643 5549; x_wconf 77' lang='lat' dir='ltr'>anpeti</span> <span class='ocrx_word' id='word_1_857' title='bbox 668 5492 730 5534; x_wconf 87' lang='lat' dir='ltr'>cum</span> <span class='ocrx_word' id='word_1_858' title='bbox 760 5473 847 5546; x_wconf 73' lang='lat' dir='ltr'>tute,</span> <span class='ocrx_word' id='word_1_859' title='bbox 877 5473 1029 5532; x_wconf 66' lang='lat' dir='ltr'>mumma</span> <span class='ocrx_word' id='word_1_860' title='bbox 1056 5473 1207 5531; x_wconf 82' lang='lat' dir='ltr'>minabunt.</span> <span class='ocrx_word' id='word_1_861' title='bbox 1242 5469 1345 5531; x_wconf 73' lang='lat' dir='ltr'>mat.</span> <span class='ocrx_word' id='word_1_862' title='bbox 1364 5475 1406 5542; x_wconf 82' lang='lat' dir='ltr'>et,</span> <span class='ocrx_word' id='word_1_863' title='bbox 1424 5486 1449 5527; x_wconf 83' lang='lat' dir='ltr'>r.</span> <span class='ocrx_word' id='word_1_864' title='bbox 1467 5475 1498 5526; x_wconf 76' lang='lat' dir='ltr'>te</span> <span class='ocrx_word' id='word_1_865' title='bbox 1518 5470 1592 5528; x_wconf 86' lang='lat' dir='ltr'>Ossa</span> <span class='ocrx_word' id='word_1_866' title='bbox 1609 5471 1697 5527; x_wconf 87' lang='lat' dir='ltr'>arida</span> <span class='ocrx_word' id='word_1_867' title='bbox 1717 5469 1815 5528; x_wconf 81' lang='lat' dir='ltr'>audite</span> <span class='ocrx_word' id='word_1_868' title='bbox 1832 5485 1893 5526; x_wconf 86' lang='lat' dir='ltr'>esr-</span> 
     </span>
    </p>
   </div>
   <div class='ocr_carea' id='block_1_6' title="bbox 0 0 2056 6005">
    <p class='ocr_par' dir='ltr' id='par_1_6' title="bbox 0 0 2056 6005">
     <span class='ocr_line' id='line_1_62' title="bbox 0 0 2056 6005; baseline 0 0"><span class='ocrx_word' id='word_1_869' title='bbox 0 0 2056 6005; x_wconf 95' lang='lat' dir='ltr'> </span> 
     </span>
    </p>
   </div>
  </div>
 </body>
</html>
