4104 6014
224 215 289 283 tta
809 210 933 271 LOCUS
950 208 1157 269 vlcnsmus
1174 210 1323 270 SEXTUS

225 359 376 433 inscissus
394 368 494 432 negat,
517 370 582 434 post
606 380 748 420 excessum
765 382 782 420 s
800 364 858 420 vita
875 360 1062 434 poenitentiae
1088 369 1163 415 trum
1180 364 1265 433 hujus
1281 364 1357 418 uitae
1374 365 1497 419 solemur
1515 373 1543 419 st
1569 365 1665 419 nuans
1682 371 1781 433 pause
1798 363 1929 431 certabet

225 445 270 501 vel
300 447 483 503 satisfactioni
512 449 604 504 adhuc
626 467 687 506 esse
711 452 812 506 locum.
860 450 969 520 Impius
998 454 1061 500 aute
1088 465 1145 501 non
1165 456 1206 502 est
1224 457 1292 517 poet
1312 450 1397 517 hujus
1417 449 1491 503 vitae
1517 453 1598 513 (inem
1623 449 1787 516 nepotiatio.
1826 449 1928 502 Disso-

220 533 455 600 justificationem
472 536 603 604 operibus
627 539 662 590 de
684 554 807 604 conprsso
832 538 926 590 Deum
941 535 1062 604 placare
1089 533 1148 587 luto
1167 534 1219 587 hoc
1238 535 1348 588 tbeatro
1371 553 1491 590 coronas
1515 536 1624 594 mereri,
1642 552 1700 588 non
1726 535 1822 588 datm.
1864 534 1928 589 Hoc

227 618 370 687 eidemque
387 620 554 686 satisfacere
579 639 676 691 posse,
704 622 779 694 quod
803 621 986 676 Bellerminus
1010 619 1063 673 hoc
1088 626 1197 689 tempus
1209 628 1250 674 est
1263 621 1471 689 poenitentiae,
1491 623 1704 690 illudjudieii;
1723 620 1775 673 hoc
1795 637 1927 689 aponum,

92 711 214 754 tulate.
227 703 289 760 loeo
314 705 425 773 amerit,
452 722 503 761 nec
521 705 679 777 Cyprianus
707 725 758 763 nec
781 724 876 763 sacrae
899 708 997 762 literae
1015 704 1062 759 do
1089 705 1167 759 illud
1192 724 1380 774 coronarum;
1406 707 1459 759 boc
1482 708 1605 770 laboris,
1635 707 1712 760 illud
1729 707 1849 775 quietim·
1877 707 1928 760 boc

227 795 359 854 cuerunt,
376 791 425 846 sed
446 800 489 846 est
508 802 693 848 commentum
712 792 965 860 scholasticorum.)
1008 789 1063 843 Bs-
1088 808 1256 861 erumnae,
1279 792 1355 846 utne
1371 793 1572 846 retributionis.
1606 792 1640 845 ln
1665 792 1736 846 hom.
1758 790 1793 847 de
1816 791 1874 848 div.
1899 798 1928 846 et

226 874 305 929 silius
324 874 354 930 in
372 875 468 934 moral.
492 895 600 931 summa
629 886 651 934 t.
670 895 694 934 c.
715 886 745 935 t:
772 881 855 943 Qsmd
876 886 942 948 post
960 878 1062 932 disces·
1091 877 1171 934 Lan:
1190 879 1235 931 Ne
1250 885 1389 947 putemus,
1408 878 1500 945 nobis,
1518 895 1579 930 cum
1597 879 1667 931 illuc
1684 878 1858 946 venerimus,
1877 878 1927 930 mi·

225 981 286 1014 sum
316 978 349 1015 ee
373 962 427 1015 bac
452 964 512 1015 uita
539 981 594 1017 non
623 973 663 1018 est
683 974 792 1035 tempus
815 974 889 1020 recte
913 967 1063 1027 factorum,
1090 964 1278 1017 scricordiam
1303 981 1362 1017 esse
1386 964 1579 1032 tribuendam,
1601 965 1726 1032 quinon
1746 963 1872 1030 opimas,
1897 973 1927 1016 ut

225 1064 288 1100 cum
318 1048 400 1100 Deus
420 1064 558 1117 praecem
585 1057 694 1119 tempus
714 1052 745 1103 in
768 1051 981 1118 lonpanimitatc
1005 1050 1063 1102 ἀίσ-
1089 1051 1199 1103 ueniam
1216 1066 1372 1103 mereamur
1388 1050 1526 1119 accipere,
1544 1051 1597 1102 etsi
1610 1049 1757 1103 Abrabam
1769 1066 1827 1117 pro
1845 1049 1925 1103 mon

225 1132 369 1201 tribuerit,
396 1135 437 1186 ad
461 1135 651 1202 operationem
678 1153 787 1198 corum,
813 1152 885 1205 quae
903 1137 945 1188 aci
971 1136 1063 1204 ipsum
1089 1143 1177 1203 repet,
1195 1137 1248 1188 etsi
1267 1136 1337 1202 Nori,
1356 1136 1411 1188 etsi
1423 1136 1539 1190 Daniel.
1570 1137 1647 1187 Dum
1666 1135 1755 1203 ipitur
1771 1142 1881 1202 msnpus
1896 1136 1926 1193 is

221 1218 400 1286 placandum
433 1237 468 1273 ac
511 1221 658 1290 benipnum
698 1223 878 1276 recidendum
911 1223 1063 1291 pertinent.
1090 1221 1226 1288 manibus,
1240 1220 1394 1288 plurimam
1403 1220 1483 1273 nobis
1496 1221 1576 1288 apud
1588 1223 1681 1273 Deum
1692 1221 1832 1288 fiduciam
1840 1235 1926 1288 praev

225 1302 377 1375 Gregorius
404 1306 599 1363 Nazianzenus
625 1307 654 1362 in
680 1307 802 1363 metricis
833 1311 896 1380 περι
922 1311 978 1361 sair
997 1306 1060 1361 καθ’
1086 1323 1230 1376 paremus.
1249 1305 1342 1360 homil.
1362 1312 1386 1361 2.
1406 1307 1441 1361 de
1458 1306 1537 1362 Lea:
1557 1307 1658 1358 Omnia
1676 1306 1723 1359 bic
1743 1305 1926 1366 dissoluant

226 1389 335 1459 lauris,
353 1407 438 1448 earm.
453 1398 476 1461 l,
493 1410 520 1447 v.
535 1398 600 1448 ³06:
620 1393 691 1447 Post
710 1394 940 1463 temporanoctis
951 1401 1061 1463 postre-
1090 1391 1163 1444 citra
1181 1392 1337 1446 molestiam
1357 1392 1434 1445 illud
1461 1393 1560 1445 uideor
1583 1390 1717 1445 tribunal.
1760 1393 1861 1444 Donec
1880 1392 1926 1444 bic

225 1493 300 1544 mac,
325 1495 386 1531 cum
408 1478 470 1545 7'am
493 1495 574 1533 nemo
599 1496 763 1534 succurrere
775 1480 874 1549 passu.
913 1480 1062 1534 lienibus
1089 1478 1242 1540 Murus,
1266 1495 1331 1550 spes
1347 1477 1517 1546 praeclaras
1537 1476 1683 1538 habemus,
1702 1476 1793 1542 ‚simul
1808 1494 1875 1531 nero
1892 1494 1927 1531 ac

225 1565 271 1617 tic
292 1565 390 1618 etenim
412 1564 493 1618 nobis
515 1572 556 1618 est
577 1573 694 1634 promtu
723 1566 849 1632 medela,
876 1574 943 1635 post
968 1574 1061 1620 arcem
1090 1563 1166 1616 illud
1184 1563 1410 1631 discesserimus,
1440 1581 1497 1616 non
1515 1569 1555 1615 est
1568 1571 1670 1630 postca
1695 1562 1726 1615 in
1742 1563 1822 1615 nobis
1841 1562 1926 1615 eitum

226 1653 327 1705 clausa
344 1660 385 1705 est
402 1651 492 1706 omnis
510 1653 653 1707 medecina
671 1652 782 1720 smmis,
1087 1650 1232 1718 poenitere
1254 1666 1342 1718 neque
1363 1649 1511 1702 commune
1536 1647 1655 1702 diluere.
1699 1648 1758 1701 Hic
1783 1648 1878 1701 luctas
1899 1656 1926 1701 et

226 1735 322 1792 trees
342 1735 408 1798 ἄκος
422 1737 590 1810 μερόπεσσι,
613 1741 647 1793 sci
671 1729 696 1793 δ’
717 1738 820 1792 ὕστατα
842 1740 943 1812 lisura
962 1734 1060 1793 nisse.
1089 1735 1287 1789 certaminibus
1305 1735 1393 1804 meus,
1410 1734 1474 1788 illic
1496 1751 1619 1787 coronae
1637 1741 1663 1786 et
1675 1733 1802 1801 praemii
1817 1741 1926 1803 ternpus

227 1822 404 1893 Epiphanius
428 1823 535 1880 haeres.
552 1830 596 1880 59.
613 1831 711 1878 contra
737 1823 872 1880 Cethsros
897 1824 999 1881 tute:
1025 1825 1063 1878 In
1090 1821 1152 1876 erit.
1172 1819 1275 1878 Homil.
1295 1826 1322 1878 4.
1339 1819 1370 1874 in
1388 1835 1412 1874 e.
1433 1818 1574 1874 2.}1ebr.:
1601 1819 1698 1887 Neque
1725 1820 1798 1871 enim
1822 1819 1873 1887 qui
1895 1819 1925 1873 is

225 1911 325 1973 futuro
342 1908 437 1962 seculo
452 1917 518 1979 post
536 1910 658 1964 bominis
670 1919 786 1965 mortem
801 1927 858 1964 non
870 1910 983 1979 jejunii
996 1926 1063 1978 sup·
1087 1907 1235 1977 praesenti
1252 1907 1311 1960 uita
1329 1914 1446 1974 peccota
1462 1922 1518 1957 non
1536 1905 1693 1971 abluerunt,
1710 1913 1811 1973 postea
1829 1924 1925 1960 conso·

222 1995 373 2064 peditutio,
391 2012 448 2049 nan
462 1995 653 2064 pneumatice
669 1997 788 2063 vocatio,
806 2013 857 2050 nec
873 1997 1062 2063 ekemosunae
1089 1994 1225 2047 lationem
1247 1991 1374 2059 aliquam
1399 1990 1539 2043 inventuri
1561 1998 1634 2045 sunt.
1676 1989 1800 2061 (Excipit
1819 1989 1925 2045 Baliar-

227 2078 375 2134 osteutatio
393 2085 446 2136 etc.
491 2081 529 2134 Et
555 2087 667 2151 postea:
696 2082 796 2151 Neque
820 2083 950 2150 pietatis,
974 2097 1064 2151 neque
1091 2079 1190 2143 minus,
1205 2076 1522 2144 Obrusustamumloqui
1536 2076 1742 2130 decembrium
1753 2078 1925 2141 mortalium,

223 2167 415 2236 poenitentiae
427 2168 628 2237 empeditstio,
646 2165 794 2240 πορισμὸς,
805 2176 871 2236 post
887 2175 1003 2221 mortem
1015 2174 1062 2221 est
1089 2167 1157 2235 quia
1175 2165 1301 2232 exemplo
1320 2163 1457 2232 epulonis,
1476 2161 1526 2232 qui
1542 2165 1573 2215 in
1590 2162 1715 2230 psbenna
1733 2163 1924 2230 cruciabatur,

227 2251 393 2307 Ambrosius
410 2251 458 2308 lib.
477 2252 513 2308 de
532 2251 606 2307 bono
626 2253 722 2307 mortis
742 2269 803 2323 esp.
817 2257 847 2308 2:
870 2253 927 2315 Qui
943 2253 989 2306 tte
1005 2271 1063 2306 non
1089 2259 1188 2319 monet,
1206 2266 1241 2304 ns
1261 2249 1426 2319 differamus
1444 2247 1697 2302 concessissemus
1718 2248 1808 2301 aliam
1826 2249 1923 2302 uinum

227 2338 367 2406 acceperit
385 2345 568 2407 peccatorum
590 2338 798 2405 remissionem,
827 2339 889 2394 illic
917 2356 974 2392 nou
1000 2340 1061 2401 crit,
1088 2338 1316 2409 Respondemus:
1335 2336 1390 2389 imo
1409 2352 1474 2389 vero
1491 2334 1561 2388 nihii
1579 2335 1616 2388 ad
1630 2333 1856 2389 satisfaciendum
1876 2352 1922 2389 no·
1939 2346 1983 2388 xvi

226 2424 358 2477 nimirum
375 2423 406 2475 in
423 2424 524 2492 putria
540 2424 689 2479 beatorum.
726 2423 848 2495 (Excipit
866 2425 1060 2491 Bellarminus,
1089 2424 1132 2479 bis
1162 2423 1289 2478 relictum
1319 2439 1380 2477 esse
1410 2421 1526 2485 asserit,
1561 2436 1623 2473 cum
1656 2419 1723 2474 illuc
1760 2419 1924 2489 abierimus3

225 2509 307 2578 laquei
327 2508 507 2562 Ancharium
537 2510 573 2562 dc
600 2509 765 2563 remissione
790 2510 964 2579 mortalium,
995 2509 1062 2580 quia
1089 2527 1188 2565 coram·
1209 2508 1312 2564 Christi
1345 2507 1494 2575 tribunali,
1524 2506 1571 2560 cui
1602 2507 1696 2561 stetim
1722 2516 1923 2575 postmortem

227 2594 321 2662 addit,
346 2610 403 2647 non
422 2593 476 2647 erit
499 2602 592 2647 autem
611 2595 663 2663 qui
680 2597 722 2648 ad
738 2597 825 2650 uitam
845 2606 988 2650 aeternam
1005 2613 1061 2650 non
1089 2603 1311 2667 praesentamur,
1338 2593 1407 2647 nihii
1427 2593 1578 2664 quidquam
1604 2593 1633 2646 in
1658 2600 1817 2647 sanctorum
1842 2592 1926 2648 inter·

224 2680 348 2751 pomos
360 2680 523 2748 nomenis,
548 2681 617 2749 quia
640 2680 699 2735 uita
716 2690 833 2736 aeterna
851 2683 981 2737 remissio
994 2698 1061 2751 pec·
1089 2682 1260 2739 cessionibus
1279 2681 1410 2753 preasidii
1428 2696 1574 2749 superesse
1596 2678 1638 2732 ait
1656 2695 1689 2732 ac
1708 2678 1810 2733 diserte
1829 2685 1923 2748 negat,

226 2773 353 2820 catorum
388 2773 438 2820 est.
496 2765 723 2837 Respondemus:
767 2776 853 2839 negat
887 2768 1061 2837 Ambrosius,
1089 2770 1133 2824 sei
1152 2769 1220 2839 spei,
1236 2768 1281 2822 vel
1294 2765 1488 2836 poeniteutiae,
1506 2764 1549 2818 vel
1563 2764 1758 2818 consolationis
1771 2763 1925 2836 quidquam

226 2857 344 2921 peccam
362 2850 491 2906 mortalis
509 2859 573 2922 post
592 2869 735 2907 excessum
755 2870 789 2909 ex
806 2854 860 2908 hec
879 2854 939 2909 vita
958 2853 1062 2909 homiui
1089 2862 1287 2927 postmortem
1315 2854 1371 2907 illis
1391 2852 1526 2921 reliquum
1554 2868 1627 2917 esso,
1658 2851 1706 2920 qui
1730 2867 1763 2904 ex
1791 2850 1846 2905 hnc
1866 2851 1926 2906 rita

227 2936 344 3005 remitti,
371 2936 422 2991 sed
443 2955 477 2993 ex
494 2954 527 2992 ao
545 2937 641 2993 inferri
666 2939 779 3010 nequit,
811 2940 932 2995 venialia
951 2938 1063 3006 remitti,
1090 2944 1150 2998 sine
1168 2948 1346 3011 peccatorum
1371 2938 1492 2993 omnium
1512 2953 1545 2991 ac
1572 2937 1745 3007 singulorum
1764 2937 1925 2992 remissione

228 3021 296 3093 quia
316 3021 345 3076 in
362 3037 466 3093 genere
484 3022 553 3077 dicit
571 3025 754 3095 Ambrosius,
781 3026 831 3094 qui
847 3026 892 3080 bic
909 3044 966 3079 non
984 3043 1062 3078 ncce-
1091 3028 1291 3090 decesserunt.)
1332 3024 1456 3079 Isidorus
1474 3023 1614 3078 Pelusiote
1632 3021 1823 3092 chrysostomi
1842 3023 1924 3077 disci·

223 3108 303 3176 pcrit
315 3117 498 3176 peccatorum
514 3110 721 3177 remissionem,
748 3111 813 3165 illic
844 3129 900 3166 non
918 3112 984 3178 erit,
1013 3111 1062 3166 ubi
1091 3113 1172 3184 pulus
1191 3112 1239 3168 lib.
1259 3118 1282 3167 3.
1301 3111 1381 3180 epist.
1401 3118 1448 3166 ou:
1466 3111 1524 3163 lies
1544 3110 1628 3177 buiris
1646 3109 1721 3161 uince
1740 3110 1925 3163 certaminum

227 3209 293 3249 sero
317 3193 411 3259 docet,
439 3195 469 3246 in
481 3196 653 3264 purgatorio
677 3198 855 3265 qumundom
873 3205 1063 3266 peccatorum,
1091 3218 1124 3253 ac
1147 3217 1203 3252 non
1228 3215 1398 3253 coronarum
1420 3196 1568 3248 materiam
1589 3195 1741 3262 praebentp
1765 3211 1811 3247 res
1835 3204 1927 3248 autem

228 3279 358 3334 videlicet
376 3279 535 3346 venialium,
554 3281 742 3336 remissionem
760 3280 959 3352 sperandami)
996 3281 1062 3336 Hie·
1091 3289 1210 3350 fissurae
1229 3285 1364 3338 bonomm
1381 3290 1408 3335 ct
1428 3280 1629 3350 proemiorum.
1674 3278 1813 3340 Quocirca
1831 3297 1927 3335 rerum

228 3382 361 3436 ronymus
385 3365 416 3420 in
437 3383 534 3423 comm
561 3383 586 3422 e.
605 3373 630 3425 6.
657 3366 721 3424 Gal.
742 3375 771 3423 et
795 3367 933 3439 allegatur
956 3369 1063 3438 injure
1091 3373 1264 3427 accessionem
1281 3371 1498 3438 aspersionem,
1522 3385 1555 3420 ne
1573 3367 1684 3433 alioqui
1700 3367 1729 3418 in
1746 3369 1848 3429 futura
1866 3369 1924 3421 cita

229 3450 363 3507 mnenico
380 3467 405 3505 c.
449 3450 483 3504 In
502 3452 641 3521 praesenti
662 3458 703 3509 13.
731 3471 759 3524 q.
779 3458 810 3509 ιι
836 3457 916 3507 Dans
932 3457 963 3508 in
978 3472 1064 3522 prae-
1091 3459 1188 3512 inutili
1202 3455 1376 3525 poenitenda
1394 3454 1565 3516 afficiamur.
1606 3452 1757 3508 iiSimilia
1776 3461 1926 3509 occurrunt

228 3539 302 3593 senti
317 3537 414 3593 seculo
436 3556 547 3606 sumus,
574 3539 631 3592 siue
655 3540 843 3604 mationibus,
861 3541 920 3594 siue
938 3541 1065 3595 canuto
1090 3545 1166 3615 apud
1183 3542 1409 3612 Chrysostomum
1428 3540 1501 3596 hom.
1514 3544 1555 3593 43.
1575 3538 1603 3591 in
1623 3537 1692 3593 Gen.
1705 3546 1770 3594 tom.
1792 3544 1815 3594 1.
1832 3538 1851 3594 f.
1868 3544 1926 3595 ott.

231 3642 284 3679 nos
303 3623 419 3678 insuam
437 3623 612 3690 coadjuvare
625 3641 791 3692 pomumus,
809 3643 871 3678 cum
888 3635 978 3680 eumin
998 3634 1063 3680 ante
1091 3629 1184 3685 homil.
1204 3635 1228 3685 3.
1247 3627 1276 3680 in
1295 3627 1374 3697 epist.
1394 3626 1430 3680 ad
1444 3625 1570 3695 ,Philipp
1596 3633 1661 3678 tom.
1681 3631 1705 3679 ι.
1733 3624 1753 3679 f.
1774 3631 1815 3678 20.
1834 3623 1925 3681 homil.

230 3710 356 3764 tribunal
377 3709 481 3763 Christi
502 3709 673 3774 vennianus,
694 3729 749 3765 non
773 3711 846 3776 Job,
869 3730 925 3765 non
945 3713 1063 3775 Darsicl,
1092 3722 1133 3771 ³6.
1152 3716 1181 3769 in
1194 3714 1292 3768 Matth.
1311 3720 1377 3766 tom.
1396 3718 1418 3765 2.
1438 3711 1457 3765 f.
1472 3717 1530 3765 248.
1553 3710 1672 3778 Ephrem
1693 3708 1797 3778 Syrum
1816 3711 1925 3765 laurent

230 3814 280 3851 nec
292 3788 367 3850 Noi'
379 3812 482 3864 rorare
500 3805 634 3866 poterunt
655 3815 710 3866 pro
730 3815 884 3867 quoquam,
907 3801 959 3852 scd
980 3817 1063 3852 rinus·
1091 3804 1126 3857 de
1146 3802 1192 3856 die
1208 3799 1308 3871 judicii
1327 3798 1346 3852 i.
1363 3805 1420 3853 tii.
1435 3797 1622 3867 Augustiuum
1636 3805 1664 3850 ct
1677 3796 1883 3850 'theodoretum
1897 3795 1925 3850 in

228 3883 343 3955 quisque
363 3899 435 3935 onus
451 3900 532 3935 suum
556 3884 686 3952 portabit
704 3884 753 3949 (ad
771 3883 872 3939 Christi
892 3901 958 3939 vero
976 3884 1063 3939 tribu·
1090 3887 1192 3942 Psalm.
1214 3885 1280 3941 ques
1321 3884 1496 3954 Augustinus
1522 3883 1550 3935 in
1578 3881 1711 3935 enchirid.
1736 3881 1773 3935 ad
1793 3881 1923 3937 Laurens

228 3969 274 4024 nal
293 3967 473 4038 deducimur,
501 3967 595 4022 smum
615 3977 648 4023 ut
664 3984 698 4023 ex
717 3970 855 4040 praesenti
876 3971 970 4025 seculo
986 3987 1063 4026 exce-
1091 3992 1153 4044 cep.
1177 3978 1239 4028 115:
1269 3972 1326 4024 Hic
1343 3979 1384 4023 est
1408 3970 1497 4022 omisis
1515 3969 1644 4021 centaurio
1661 3976 1857 4035 peccaminum,
1881 3968 1926 4022 bs'e

228 4056 336 4124 dimus)
395 4053 501 4111 *albe
547 4055 668 4123 Tempus
701 4057 831 4110 sementis
874 4064 979 4127 tempus
1024 4066 1065 4111 cst
1090 4059 1268 4122 testationes,
1289 4073 1362 4126 quae
1380 4073 1432 4108 nas
1450 4056 1492 4107 ad
1507 4055 1683 4123 peccandum
1702 4052 1864 4122 appellunt,
1880 4053 1926 4109 bic

223 4156 362 4210 praesens
392 4148 419 4195 et
447 4141 520 4203 rita,
551 4158 635 4211 quam
666 4141 815 4198 esurimus.
860 4141 897 4194 In
927 4143 981 4195 bac
1005 4144 1064 4196 uita
1091 4145 1210 4212 (lituique
1227 4143 1342 4210 uualum,
1359 4143 1435 4194 unde
1455 4142 1582 4208 cupimus
1601 4139 1733 4207 libcrari,
1752 4138 1814 4192 illic
1832 4148 1925 4193 amas

228 4228 293 4282 licet
312 4229 392 4281 sobs's
413 4229 492 4297 quod
507 4227 635 4282 edumas
656 4229 802 4286 seminare.
847 4229 917 4284 Cum
933 4229 990 4282 ista
1006 4230 1065 4282 υἱισ
1091 4231 1164 4283 nilnl
1188 4238 1229 4283 est
1255 4246 1359 4282 coruus
1389 4244 1469 4282 serm.
1487 4232 1528 4282 66.
1551 4225 1586 4280 de
1610 4233 1711 4294 temp:
1734 4226 1771 4279 In
1794 4226 1848 4279 bac
1867 4221 1926 4281 uita

229 4314 382 4382 trmres'ers't,
399 4314 544 4382 operandi
557 4321 665 4382 tempus
681 4313 865 4382 σιιῘιιιιιν.Μ
902 4313 1065 4384 Chrysosto·
1091 4323 1198 4370 tantum
1230 4313 1422 4386 praescientiae
1448 4320 1529 4379 patet
1560 4311 1690 4380 libertas,
1717 4319 1783 4379 post
1811 4320 1925 4366 mortem

230 4417 291 4453 mus
314 4397 410 4453 homil.
437 4404 476 4454 75.
503 4398 533 4452 in
560 4397 657 4454 Matth
680 4414 741 4469 cap.
770 4405 811 4455 23.
839 4416 866 4469 p.
891 4405 955 4455 419:
982 4402 1066 4454 Omni
1091 4404 1172 4457 nulla
1190 4401 1370 4456 causationis
1397 4406 1438 4451 est
1456 4398 1579 4453 licentia.
1605 4396 1686 4451 ibid:
1709 4397 1747 4450 In
1764 4398 1816 4451 boc
1833 4398 1926 4452 seculo

227 4485 324 4539 studio
348 4485 555 4553 incumbamus,
584 4492 615 4537 ut
638 4485 674 4536 ab
698 4487 877 4552 aspritudine
903 4486 1064 4555 iniquitatis
1087 4489 1291 4558 poentientiam
1306 4485 1479 4548 facientibus
1491 4484 1551 4536 Dei
1568 4484 1766 4537 misericordia
1785 4484 1926 4551 subuenit;

229 4569 347 4625 liberati
371 4571 438 4623 sani
462 4586 496 4624 es
524 4571 579 4624 bac
603 4571 662 4624 usta
687 4572 853 4625 recedamus
879 4580 905 4625 et
929 4581 1064 4640 quamam
1092 4576 1121 4627 in
1140 4575 1242 4639 recuro
1261 4580 1352 4626 arsum
1365 4570 1539 4640 possidentia
1556 4581 1613 4623 non
1626 4570 1754 4637 projicit,
1772 4572 1824 4621 scd
1839 4570 1927 4623 rotro·

228 4672 298 4724 uno
315 4672 411 4709 seruos
429 4664 456 4710 et
478 4672 579 4710 uernae
604 4663 725 4724 nostros,
744 4674 806 4710 eum
824 4666 985 4725 nemotant,
1008 4665 1064 4710 stu·
1090 4679 1152 4714 nem
1177 4677 1291 4728 opertum
1317 4656 1463 4710 reddituri
1486 4673 1588 4710 surram.
1617 4653 1665 4710 lib.
1685 4662 1725 4711 50.
1753 4654 1927 4711 homiliarum

228 4743 309 4796 dium
327 4742 505 4811 adhibemus,
531 4749 640 4799 tantam
667 4743 860 4810 cliiipentiam,
886 4761 948 4799 curn
967 4745 1064 4798 unium
1092 4747 1164 4801 hom.
1193 4753 1224 4800 5:
1265 4745 1344 4796 Haec
1372 4761 1440 4810 erpo
1467 4744 1578 4806 fratres
1605 4741 1749 4795 carissimi
1774 4742 1928 4795 salubriter

227 4837 328 4882 suestra
344 4828 468 4892 laboret,
489 4847 546 4898 pro
569 4830 650 4883 nabis
670 4829 741 4897 ipsis
759 4847 944 4886 assumamus.
983 4832 1064 4885 Certe
1092 4832 1246 4901 capitantcs
1272 4829 1416 4894 faciamus
1436 4829 1577 4881 arcadias
1606 4845 1668 4880 cum
1691 4829 1861 4881 aduersario
1878 4845 1927 4882 no·

227 4929 396 4987 qusamquam
430 4915 652 4985 propinquiores
688 4933 740 4970 nos
770 4917 828 4984 ipsi
858 4916 938 4969 nobis
968 4917 1064 4985 simus,
1092 4926 1162 4991 stro,
1182 4919 1248 4970 dum
1264 4934 1358 4968 murus
1371 4915 1402 4968 in
1418 4915 1465 4968 ura
1484 4932 1546 4967 cum
1564 4915 1625 4977 illo,
1645 4913 1696 4966 boc
1714 4921 1754 4965 cst
1773 4914 1928 4967 comertia-
1968 4930 1978 4941 “

227 5017 312 5070 quam
326 5000 403 5056 serui
418 5002 517 5069 nostri,
535 5010 562 5054 st
574 5001 740 5070 corporibus
751 5001 862 5055 ammas
873 5002 962 5056 multo
978 5019 1064 5072 prac-
1090 5021 1152 5057 nnus
1170 5004 1254 5055 verbo
1277 5003 1348 5068 Dei,
1383 5003 1449 5054 dcam
1473 5002 1566 5054 adhuc
1592 5018 1688 5053 summ
1713 4998 1744 5051 in
1765 5001 1828 5068 oia,
1860 5000 1929 5069 quia

227 5087 377 5140 stantieres
403 5086 476 5156 sint,
500 5086 626 5156 optabile
642 5094 736 5140 tarsen
755 5087 826 5141 nuti
844 5095 898 5155 est,
915 5088 943 5141 si
965 5089 1063 5141 sabem
1089 5098 1190 5159 postca
1220 5106 1281 5140 mem
1312 5090 1348 5140 cle
1381 5088 1432 5141 boc
1460 5088 1556 5140 seculo
1585 5086 1814 5151 transiuerimus,
1845 5085 1930 5141 natta

227 5172 375 5240 ucmmlem
412 5171 524 5241 utrique
567 5171 613 5225 rei
651 5173 829 5240 dilipentiam
872 5175 1067 5243 conseramus«
1091 5174 1265 5243 compunctio
1281 5172 1326 5225 uel
1344 5173 1445 5242 aliqua
1459 5172 1622 5240 sainjactio
1634 5171 1797 5226 remanebit.
1830 5170 1931 5225 ludes

230 5257 339 5320 Qseodsi
365 5260 449 5313 mado
466 5276 523 5311 non
539 5257 697 5327 faciemus,
723 5277 785 5313 cum
808 5259 879 5313 illuc
902 5257 1064 5325 abierimus,
1092 5268 1215 5314 restatur
1233 5259 1360 5312 mint'stm
1378 5266 1523 5313 otcarcer.
1552 5255 1642 5325 Epist.
1658 5255 1931 5314 cinamomum

228 5342 301 5397 nibil
318 5345 396 5399 nobis
415 5346 456 5398 ad
474 5344 709 5408 smisfacieudum
720 5345 902 5416 relinquitur.
930 5344 964 5400 In
983 5362 1063 5401 serm.
1093 5347 1162 5401 Post
1180 5346 1254 5399 bunc
1271 5345 1357 5398 uitam
1377 5362 1435 5397 uon
1455 5353 1493 5396 est
1520 5344 1597 5397 lencm
1622 5361 1729 5395 urorum
1747 5342 1931 5409 corripmuio

229 5429 265 5487 de
283 5428 394 5495 enaim.
420 5432 450 5486 in
469 5431 606 5487 Eunoen:
634 5430 729 5487 Veste
750 5431 832 5499 horu,
850 5433 965 5502 quaudo
986 5433 1062 5487 tltea-
1090 5450 1168 5496 rum,
1199 5449 1266 5484 nam
1285 5441 1352 5499 post
1379 5431 1452 5484 barse
1481 5430 1567 5483 uitam
1594 5429 1710 5498 quisque
1740 5428 1774 5482 id
1810 5428 1933 5499 bubebst,
