4104 6014
967 286 1020 345 DE
1042 283 1181 346 MORTE
1550 356 1552 361 ‚
1862 298 1922 358 231

222 447 275 504 bae
292 456 401 518 tempta
418 455 446 502 et
464 448 597 519 deincepe
619 463 707 517 arque
731 446 773 499 ad
796 446 945 499 terminum
962 442 1191 514 reeuli,lprabat
1209 445 1329 499 banarei
1348 453 1523 513 canetenim,
1551 461 1616 500 nam
1642 445 1687 500 bic
1705 447 1812 515 triplam
1837 447 1926 502 bonor

226 536 257 589 a
275 536 401 590 nonem
419 534 564 589 racana·
580 541 644 587 mm
660 550 716 586 em
734 532 765 585 n
784 549 814 586 n
829 532 915 601 epea,
944 532 1013 600 quea
1036 502 1252 621 minoramus
1279 539 1329 586 mr.
1372 533 1488 587 Prima
1512 541 1552 588 er
1576 533 1736 601 mmmmm
1754 534 1831 587 aaa
1860 533 1925 602 (oei

224 621 340 676 illarum
360 621 535 675 anteriorum
552 637 604 674 aaa
624 627 680 673 eet:
703 619 741 671 In
762 617 888 672 Domina
909 616 1061 670 laetabitur
1088 615 1263 685 celebratio),
1284 619 1415 672 &lemur
1434 620 1508 673 enim
1525 621 1589 673 Dea
1607 620 1719 687 cratiae
1737 636 1829 688 apere,
1848 621 1927 690 quad

224 708 321 762 anima
340 724 412 776 mea,
426 715 454 761 et
467 707 585 761 ictorum
599 706 791 776 posteriorum
808 721 860 758 coa
878 711 934 757 ert.-
956 701 1062 756 Gratia
1073 746 1076 791 i
1088 704 1241 758 aetendem't
1261 705 1389 773 exempla
1409 706 1637 771 mnericardiae,
1655 706 1732 774 arrad
1748 704 1926 775 eipniricarit,

225 794 285 846 Dei
319 810 414 847 numm
448 793 482 846 id
513 795 591 861 quad
625 809 728 845 eumue.
783 789 911 846 Alterum
949 786 1117 859 reepicitlre
1136 789 1207 844 celle
1225 791 1338 846 calcare
1355 791 1487 857 bomine-r,
1507 793 1585 862 quad
1603 791 1713 844 dederit
1732 792 1859 845 doctaree
1876 800 1927 846 aut

224 885 345 947 nanctae,
363 883 396 932 ut
415 878 489 932 dana
499 877 553 932 Dei
571 882 730 932 reverenter
746 877 775 931 in
793 875 861 947 ipeie
873 878 1062 946 agnoscentur
1089 875 1150 929 alia
1167 878 1245 929 dana
1265 877 1408 933 eccleciae.
1439 878 1479 931 Et
1496 877 1653 931 baecdana
1665 884 1696 930 ut
1713 883 1777 929 euru
1795 877 1926 945 mamma,

223 971 252 1020 et
277 963 380 1019 debitia
397 963 487 1017 morlia
511 962 730 1035 amplificentur,
758 962 825 1032 quin
849 969 877 1017 et
902 960 992 1016 nancti
1008 959 1062 1029 ipsi
1089 962 1130 1015 ita
1147 963 1354 1031 amplificanda
1368 971 1433 1017 eunt
1453 971 1479 1017 et
1497 963 1643 1017 medendi
1658 963 1717 1032 ipei
1734 964 1833 1031 canen,
1850 965 1928 1032 quad

223 1049 390 1114 laudentur,
414 1048 489 1119 quod
517 1049 597 1104 danie
622 1048 676 1102 illie
701 1047 822 1103 fideliter
841 1044 945 1101 fuerint
962 1044 1005 1100 uei
1024 1044 1062 1098 ad
1088 1047 1133 1099 bie
1156 1047 1239 1101 danie
1259 1048 1386 1117 fideliter
1403 1049 1461 1102 eint
1477 1049 1537 1114 uei,
1566 1049 1639 1102 eierat
1668 1047 1797 1103 Gtrnrm
1824 1048 1926 1102 laudat

223 1135 312 1190 divini
348 1134 466 1189 neminie
498 1134 616 1206 gloriam
653 1140 682 1188 et
718 1133 854 1189 eccleciae
884 1133 1003 1187 ealutem
1034 1136 1063 1186 et
1088 1134 1188 1196 fidelee
1218 1135 1413 1203 nepotiataree.
1466 1136 1613 1189 Secundam
1638 1135 1729 1189 cubuc
1755 1142 1796 1189 eet
1825 1137 1926 1200 confir·

223 1219 459 1285 aedificationem,
495 1236 551 1291 quo
585 1219 641 1274 fine
672 1219 767 1274 David
803 1218 903 1274 Pealm.
943 1224 998 1275 105.
1034 1223 1063 1273 et
1089 1220 1176 1273 matio
1195 1218 1266 1285 fidei
1282 1227 1405 1285 naetrae,
1425 1238 1485 1274 cum
1502 1221 1642 1286 mdemue,
1659 1222 1746 1274 Petra
1764 1221 1924 1275 candamri

223 1307 564 1362 Pealm.106.Siracidea
589 1323 649 1376 cap.
667 1312 707 1361 44.
726 1313 766 1362 45.
788 1311 830 1362 ιι.
849 1312 892 1364 4't.
912 1310 953 1361 48.
972 1311 1014 1361 49.
1035 1309 1064 1360 et
1088 1307 1275 1375 nepatianem,
1301 1306 1437 1376 eripimur
1457 1309 1484 1360 et
1510 1324 1574 1373 naa,
1603 1315 1633 1361 ut
1658 1309 1751 1375 mapie
1770 1309 1926 1375 amamur,

225 1399 268 1450 50.
289 1389 448 1461 Stephanae
467 1393 561 1448 Actor.
581 1399 604 1447 t.
636 1391 741 1447 Paulus
760 1392 848 1449 Hebr.
870 1399 909 1448 ll.
926 1390 1062 1462 prolixum
1089 1393 1166 1460 praed
1181 1409 1244 1446 nere
1261 1393 1358 1460 pratia
1376 1394 1504 1447 enubere
1519 1410 1609 1462 cupra
1622 1400 1777 1463 peccatum.
1815 1394 1927 1449 Tertiae

227 1483 385 1533 aenatorum
413 1477 451 1534 V.
478 1479 511 1534 Τ.
543 1478 703 1549 catalogum
736 1485 909 1534 recensent<
938 1478 1064 1532 Tertium
1089 1478 1177 1533 bonor
1198 1487 1239 1532 ert
1256 1479 1376 1533 imbutio
1396 1480 1518 1549 primum
1533 1480 1622 1546 fidei,
1646 1480 1749 1534 deinde
1769 1487 1926 1534 ceterarum

227 1563 342 1634 respicit
358 1582 409 1618 nae
428 1565 515 1634 iprae,
535 1570 567 1618 ut
583 1565 753 1632 doctrinam,
777 1563 869 1630 iidem,
889 1580 976 1635 apem,
995 1563 1064 1618 cari-
1089 1564 1234 1632 nirtrrtum,
1261 1582 1332 1636 qnae
1359 1565 1470 1619 imitari
1489 1583 1544 1635 pra
1568 1584 1622 1619 erra
1647 1566 1762 1635 quiaque
1780 1566 1925 1620 vacatione

225 1656 327 1718 tatem,
349 1650 607 1719 mansuetudinem,
632 1651 795 1722 patientiam
813 1656 841 1705 et
861 1649 982 1721 reliquae
1000 1665 1061 1703 aan-
1089 1650 1179 1705 debet.
1225 1648 1369 1705 Confeaaio
1397 1648 1630 1721 wirtembergica
1661 1651 1690 1705 in
1719 1668 1742 1708 e.
1767 1651 1803 1705 de
1836 1652 1924 1706 invoa.

226 1741 334 1791 aterum
353 1736 469 1792 virtutae
487 1753 537 1807 pro
558 1737 640 1792 modo
659 1753 693 1791 ac
722 1736 834 1791 modulo
852 1744 962 1791 nonnae
982 1739 1220 1820 vaca-*nanctae
1244 1736 1311 1788 Nan
1334 1742 1375 1789 eat
1405 1736 1535 1800 dumam,
1566 1736 1633 1806 quin
1663 1737 1798 1791 nummaria
1828 1753 1924 1791 earum

228 1821 311 1876 tionie
348 1821 495 1877 imitemur.
550 1821 635 1879 Hebr.
675 1826 719 1889 13,
755 1841 781 1878 v.
819 1829 849 1878 l:
892 1822 1063 1875 Mementote
1088 1830 1262 1890 cunctarum,
1290 1822 1340 1890 qui
1366 1839 1428 1876 cum
1453 1830 1543 1876 eree-nt
1567 1823 1596 1876 in
1615 1823 1669 1876 bac
1690 1824 1837 1893 corporali
1855 1826 1922 1893 nita,

223 1909 455 1979 praepositarum
483 1915 650 1974 neutrarum,
681 1909 732 1976 pai
766 1909 844 1963 cebir
880 1908 968 1961 locuti
999 1907 1234 2005 auntpeccleeiam
1251 1907 1296 1960 cel
1316 1908 1458 1975 doctrina,
1483 1908 1527 1961 nel
1553 1908 1680 1976 scriptia,
1704 1910 1749 1963 rel
1767 1907 1923 1980 miraculie,

226 1993 338 2047 verbum
367 1994 487 2048 Domini
493 2035 500 2060 ,
524 2011 642 2063 quarum
665 1995 801 2049 intuentes
824 1995 927 2047 eaitum
951 1993 1132 2085 cancer-'ccl
1161 1993 1294 2064 exemplie
1318 1994 1456 2062 juverunt
1481 2000 1507 2046 et
1533 1995 1590 2047 eice
1618 1994 1756 2061 martyria
1784 1996 1927 2064 teeaficati

228 2079 346 2134 eatianie
359 2080 508 2133 imitemini
520 2082 613 2144 fidem.
644 2080 747 2152 Philip.
760 2086 821 2151 3,v.
839 2087 884 2136 ll:
900 2081 1152 2199 [milmarm'mm
1183 2077 1329 2133 ceritatem
1359 2075 1510 2146 evangelii,
1543 2079 1601 2132 er‘ce
1633 2081 1790 2148 tranquillo
1825 2081 1925 2135 martie

228 2164 285 2218 mei
295 2172 379 2219 catate
389 2166 500 2232 fratrer
512 2173 538 2218 et
550 2166 695 2246 abeemrate
712 2183 768 2233 eae,
790 2167 840 2236 qui
855 2167 897 2220 ita
910 2166 1063 2232 ambulant,
1089 2179 1190 2230 penere
1209 2163 1241 2216 in
1254 2163 1366 2219 Cirrieta
1385 2163 1603 2229 obdormierunt,
1623 2165 1722 2218 debeat
1740 2168 1820 2234 apud
1831 2184 1925 2222 amnne

228 2251 302 2305 cient
320 2252 430 2305 babetie
443 2255 574 2320 formam
591 2270 650 2308 nar.
700 2259 722 2309 1.
741 2252 815 2308 Petr.
834 2259 865 2320 3,
885 2270 911 2305 r.
932 2257 965 2307 6:
986 2251 1064 2306 Sara
1075 2206 1078 2297 l
1085 2248 1153 2318 piar
1167 2257 1351 2303 camaeaneta
1371 2258 1468 2304 caecet
1482 2252 1700 2304 camarendandi
1711 2251 1767 2304 eint
1781 2251 1923 2317 eccleciae,

225 2336 371 2390 obediebat
399 2337 548 2406 Abrahae,
579 2339 723 2392 dominum
752 2357 813 2392 eum
838 2356 956 2406 uacant,
983 2339 1064 2405 cuine
1089 2342 1121 2388 ut
1139 2336 1271 2389 doctrinm
1295 2344 1322 2389 et
1340 2335 1473 2404 ecemplie
1495 2337 1621 2405 ipsarum
1646 2337 1677 2390 in
1702 2353 1769 2389 nera
1785 2338 1844 2402 lide
1861 2355 1924 2392 con-

226 2424 293 2476 eetie
309 2423 389 2486 filiae
406 2424 612 2487 benefacientes
630 2429 681 2479 etc.
715 2423 818 2480 Confer
834 2422 912 2479 Rom
932 2429 957 2490 4,
974 2441 999 2477 v.
1024 2428 1063 2479 12.
1084 2421 1233 2489 firmemur
1250 2430 1277 2475 et
1301 2424 1524 2480 adnectendam
1546 2438 1643 2476 veram
1665 2423 1798 2491 pietatem
1816 2423 1925 2492 inflam·

228 2515 249 2565 ι.
271 2509 332 2565 Cor.
352 2515 383 2578 4,
412 2525 439 2566 v.
458 2514 499 2565 16.
527 2525 589 2580 cap.
612 2516 657 2575 ll,
683 2526 709 2563 v.
730 2516 753 2566 1.
787 2509 923 2565 l.These.
944 2515 971 2577 1,
990 2528 1016 2564 v.
1040 2514 1064 2565 6.
1091 2522 1204 2563 memnr.
1245 2505 1386 2562 Lntherue
1404 2507 1433 2561 in
1452 2514 1524 2577 poet
1547 2507 1576 2562 in
1594 2507 1645 2563 ier.
1664 2506 1728 2565 Joh.
1747 2507 1871 2580 Evangr
1892 2508 1927 2564 Si

227 2601 252 2652 2.
266 2595 363 2650 'I'heea
380 2599 404 2664 3,
424 2613 450 2648 r.
468 2601 493 2651 ι.
515 2600 538 2652 1.
553 2595 625 2651 Tim
644 2601 669 2664 4,
687 2613 714 2650 v.
738 2601 776 2651 12.
794 2594 880 2650 Hebr.
896 2612 923 2652 c.
939 2600 963 2664 6,
982 2612 1007 2648 v.
1026 2601 1063 2650 12.
1090 2592 1145 2645 rite
1163 2594 1264 2646 decere
1280 2593 1390 2662 plebem
1407 2593 1537 2659 eelimue,
1556 2594 1598 2647 eie
1616 2593 1744 2662 eeempla
1765 2603 1925 2650 sanctarum

226 2680 307 2736 Hanc
334 2680 517 2736 imitationem
544 2681 683 2751 pertinere
702 2681 738 2735 ad
763 2681 881 2753 gloriam
897 2686 1064 2750 sanctornm,
1087 2679 1258 2749 praedicari
1276 2679 1428 2748 oportebit,
1455 2679 1536 2733 utin
1563 2679 1601 2732 iia
1622 2682 1701 2734 Deua
1721 2681 1924 2751 mapnitieetur,

226 2767 367 2839 colligitur
379 2783 411 2822 ex
424 2764 546 2836 Philipp.
563 2783 625 2837 cap.
644 2772 668 2834 2,
687 2784 712 2820 v.
730 2773 775 2822 15:
795 2767 907 2821 emera
925 2767 955 2820 in
972 2767 1063 2820 media
1089 2781 1140 2818 nae
1157 2782 1223 2818 cera
1242 2764 1392 2818 innitemur
1409 2765 1450 2818 ad
1468 2765 1587 2818 eimilem
1607 2767 1667 2819 Dei
1684 2767 1817 2835 pretium,
1837 2783 1925 2835 opera

228 2855 354 2907 nationie
368 2869 480 2921 prauae
499 2854 570 2905 ciaet
589 2853 754 2922 luminaria,
774 2870 798 2908 v.
814 2857 853 2907 lo.
873 2853 987 2906 uerbum
1004 2852 1064 2905 cita
1090 2866 1187 2904 earum
1219 2850 1262 2904 ric
1295 2850 1469 2919 praedicari
1508 2852 1651 2916 convenit,
1686 2860 1717 2905 ut
1758 2853 1925 2918 obedientia,

227 2940 394 2994 continenter
421 2940 462 2991 ad
486 2938 609 3006 pluriam
635 2955 724 2991 meam
747 2940 778 2991 ia
805 2939 852 2991 die
880 2937 988 2992 cerari
1010 2943 1063 2994 ete.
1090 2954 1146 3004 qua
1164 2952 1232 2989 auae
1254 2937 1398 2990 cacatiani
1418 2937 1603 2991 incernierunt
1626 2938 1720 2993 canati
1739 2945 1766 2991 et
1780 2938 1925 2992 mandmie

227 3024 349 3079 Baailiua
367 3039 486 3079 aermon.
503 3024 533 3078 in
551 3022 688 3078 Gordium
706 3029 872 3094 martyrem:
895 3025 930 3077 Ut
948 3041 981 3077 ec
999 3025 1064 3093 ipae
1089 3023 1146 3076 eibi
1185 3023 1315 3091 aper-ioue
1358 3024 1540 3092 reinduerunt,
1580 3024 1660 3077 nabin
1707 3026 1923 3081 commendetur.

226 3110 400 3165 naturaliter
430 3109 530 3162 emicat
558 3109 711 3178 eplendar,
740 3127 772 3165 err
794 3117 932 3178 unpuenta
956 3126 1064 3180 piraque
1090 3106 1230 3163 *renum
1252 3114 1317 3166 tam.
1335 3113 1360 3162 4.
1392 3105 1454 3164 lem
1480 3107 1574 3166 Germ.
1606 3125 1671 3180 pag.
1704 3114 1763 3165 ³44.
1800 3115 1865 3183 tom.
1900 3115 1924 3166 6.

227 3195 392 3266 praedanti
411 3196 582 3265 diffunditur
603 3197 686 3263 adar,
711 3197 753 3249 eie
775 3212 790 3248 e
811 3204 971 3250 cunctarum
991 3214 1063 3251 eam·
1089 3210 1155 3265 pag.
1176 3195 1268 3248 4465*

227 3283 427 3337 memoratione
451 3289 590 3348 pertarum
614 3283 655 3334 ad
678 3298 770 3336 aranee
793 3283 1064 3352 provenientium,
1162 3284 1221 3335 373.
1257 3279 1431 3350 Opponeuda
1451 3279 1522 3335 haec
1541 3285 1607 3335 eunt
1631 3286 1653 3336 1.
1673 3281 1831 3335 calumniae
1848 3284 1923 3335 Pan·

228 3368 306 3424 Idem
325 3367 419 3424 homil.
435 3367 464 3421 in
477 3373 519 3422 40.
538 3365 691 3438 Martyres:
712 3367 744 3421 In
756 3369 808 3438 qui
822 3385 972 3438 peneraeac
988 3370 1064 3424 air-ar
1090 3366 1250 3434 tificiarum,
1269 3383 1326 3437 qua
1344 3366 1381 3421 ob
1400 3371 1530 3437 negatam
1549 3371 1706 3422 eanctarnm
1723 3366 1923 3424 invocationem

229 3471 324 3509 amare
343 3454 536 3524 complectitur
555 3453 587 3506 in
604 3453 744 3507 similibue
769 3455 952 3523 tenrparibue,
970 3455 1064 3509 imita·
1090 3451 1242 3523 ignominia
1266 3468 1312 3506 eoa
1333 3451 1444 3506 afficere
1463 3459 1492 3507 et
1508 3451 1633 3507 debitum
1652 3452 1784 3508 honorem
1802 3453 1858 3508 illie
1874 3454 1922 3510 de-

228 3541 302 3594 tiane
328 3540 452 3603 inferior
477 3556 534 3591 nan
552 3539 613 3595 erit.
653 3540 757 3592 Lauda
777 3540 894 3608 inpenue
913 3556 989 3609 eum,
1015 3541 1066 3609 qni
1089 3538 1199 3594 trahere
1219 3537 1345 3592 dicimur.
1376 3538 1537 3593 Andradiue
1556 3538 1585 3593 in
1605 3539 1709 3595 dnene.
1730 3540 1826 3598 concil.
1846 3539 1923 3596 Tria

228 3625 395 3693 martyrium
412 3624 548 3694 pertulit,
577 3640 632 3694 qua
656 3626 711 3686 fiae
734 3633 843 3692 martyr
870 3626 1013 3680 voluntate
1039 3634 1065 3680 et
1090 3623 1210 3679 scribere
1224 3641 1279 3678 non
1297 3622 1416 3688 erubuit,
1434 3641 1486 3680 nae
1503 3642 1565 3678 cum
1584 3623 1705 3694 Gajanie
1722 3633 1748 3679 et
1767 3627 1921 3680 Eunomia-

229 3713 351 3766 decedac
382 3711 457 3764 citra
479 3710 717 3779 perrecatianem,
753 3711 827 3764 citra
856 3713 958 3779 ipnem,
990 3713 1064 3766 eitra
1091 3711 1136 3764 nie
1165 3712 1266 3764 (lacere
1295 3710 1439 3776 nefariam
1464 3711 1675 3765 contemtionem
1699 3720 1726 3766 et
1753 3713 1923 3781 eamilcqcm

224 3797 354 3866 stapella,
375 3797 474 3850 eadem
494 3813 557 3848 cum
570 3795 622 3849 illa
641 3798 768 3850 mercede
783 3797 885 3866 dipnnc
899 3799 995 3860 saetae
1011 3804 1063 3854 etc.
1090 3797 1301 3866 despicientiam
1337 3803 1513 3866 sanctarum,
1547 3794 1665 3866 qnorum
1696 3798 1816 3867 epiritnc
1843 3802 1923 3868 apud

230 3884 292 3937 Hac
312 3890 352 3935 eet
378 3889 534 3949 nrartprum
557 3882 725 3950 encomium,
752 3883 908 3936 caberictia
935 3884 1063 3937 nimirum
1091 3886 1183 3937 Deum
1202 3883 1305 3939 cicant.
1344 3881 1512 3937 Paeeevinne
1537 3882 1734 3952 calumniatur,
1760 3885 1840 3939 nobie
1867 3903 1923 3939 nan

228 3968 659 4036 concrepatorumadcirtutem.
687 3967 901 4038 Chrysaetomua
916 3968 1009 4023 homil.
1019 3975 1062 4025 44.
1090 3984 1191 4039 rapere
1208 3968 1359 4022 articulum
1376 3968 1496 4038 cymbali
1512 3970 1664 4038 apanalici
1681 3971 1717 4023 de
1734 3972 1923 4025 camnruniane

230 4055 258 4108 in
288 4053 374 4110 Gen:
404 4057 491 4108 Bana
522 4070 610 4124 opera
638 4057 748 4121 apenda
780 4053 944 4108 cremar-iam
972 4057 1065 4110 naetri
1089 4062 1250 4110 cunctarum
1284 4072 1319 4109 ac
1352 4055 1476 4125 proinde
1513 4056 1684 4110 invocationi
1721 4072 1817 4110 earum
1850 4058 1924 4112 nme

228 4141 432 4209 relinquamur,
468 4147 500 4193 ut
535 4157 596 4192 cam
630 4139 695 4192 birra
726 4139 954 4208 mipracerimae‚
988 4141 1063 4194 vitae
1090 4142 1219 4209 tribuere,
1238 4140 1279 4195 aie
1297 4140 1371 4198 enim
1389 4141 1485 4197 acribit
1502 4141 1532 4195 in
1551 4141 1633 4197 refut.
1652 4157 1777 4212 reepane.
1792 4141 1922 4213 Chytraei

228 4234 342 4282 caetrae
368 4225 492 4293 dilipene
517 4234 543 4279 et
567 4233 703 4279 accurata
727 4227 900 4280 conuersatio
920 4228 956 4279 eit
977 4228 1062 4280 mani·
1089 4245 1116 4298 p.
1132 4231 1197 4282 274:
1220 4225 1275 4281 Vae
1290 4225 1472 4297 (Iautherani),
1492 4227 1739 4297 puiburarticulna
1756 4229 1875 4296 cymbali
1887 4231 1923 4282 de

229 4321 347 4365 ruentum
366 4319 395 4365 et
414 4312 545 4365 doctrina
563 4310 702 4377 amnibus,
731 4311 780 4378 qni
803 4312 833 4364 in
856 4329 907 4365 nae
925 4320 1062 4380 epactam.
1089 4313 1279 4368 communione
1309 4320 1468 4368 cunctarum
1498 4331 1554 4368 nan
1582 4315 1667 4383 rapit.
1718 4315 1817 4385 Neque
1849 4315 1922 4368 enim

229 4397 269 4450 Ex
289 4396 390 4468 quibua
416 4395 545 4451 amnibus
569 4393 746 4449 manifestum
770 4400 826 4465 eet,
851 4412 907 4450 non
930 4398 1062 4469 denegari
1089 4399 1226 4468 quidhoc
1244 4398 1443 4468 eit,pateetin
1461 4399 1571 4452 animae
1590 4400 1626 4452 ab
1644 4400 1709 4468 ipra
1731 4401 1921 4454 communione

228 4483 345 4538 nnobie
365 4483 467 4537 eenctie
485 4481 530 4537 vel
548 4480 720 4544 virentibus,
747 4479 792 4534 vel
817 4480 955 4536 defunctis
978 4483 1062 4539 hono·
1089 4485 1220 4539 melariae
1243 4484 1383 4540 abacistae
1410 4487 1528 4551 cadere,
1555 4484 1714 4539 mirandum
1737 4505 1793 4542 nan
1818 4496 1873 4553 eet,
1896 4487 1924 4541 ei

227 4587 293 4636 rem,
311 4586 393 4640 quem
411 4568 473 4639 ipra
492 4570 637 4640 Scriptura
661 4567 701 4621 eia
718 4565 818 4621 tribuit
834 4583 868 4621 aa
884 4568 1061 4624 tribuendum
1089 4571 1213 4624 animum
1245 4571 1386 4625 ceertietie
1415 4570 1452 4623 ab
1494 4570 1669 4627 inuocatione
1696 4581 1873 4642 eanctarum,
1904 4591 1924 4626 a
1994 4590 2001 4609 ¹

92 4669 167 4710 xvru.
181 4669 214 4710 ur.
228 4671 289 4709 eane
313 4655 449 4721 ostendit,
477 4654 594 4726 proinde
617 4653 700 4707 etiam
726 4669 781 4707 non
807 4668 868 4708 esee
893 4654 1063 4724 quarationie
1089 4658 1188 4726 quibam
1206 4657 1348 4710 nemeaea
1368 4663 1394 4711 et
1409 4657 1503 4722 fidem
1544 4655 1632 4711 Hadr.
1650 4657 1737 4730 Jnng.
1758 4659 1787 4713 in
1807 4659 1923 4730 synopsi

229 4747 341 4807 etatum,
362 4760 400 4795 an
417 4743 509 4795 nancti
527 4741 658 4809 defuncti
670 4740 727 4794 eine
741 4740 908 4805 lacerandi,
926 4739 1061 4797 honoran-
1088 4741 1151 4798 nori
1177 4758 1277 4813 evang.
1301 4759 1328 4812 p.
1353 4746 1411 4798 ³³2.
1442 4747 1471 4798 et
1495 4759 1571 4815 seqq.
1602 4743 1700 4799 scribit
1732 4747 1922 4813 Euanpelicae

229 4827 279 4881 doe
296 4827 370 4882 enim
389 4843 450 4882 enea
468 4832 579 4883 nanctae
596 4826 789 4896 concedimur,
808 4826 977 4881 invocandae
998 4842 1062 4883 vera
1088 4831 1222 4898 dopmata
1240 4827 1426 4897 Manr'cbaea,
1445 4828 1634 4898 Heluidiana,
1655 4830 1825 4896 Jaeiniana,
1846 4829 1921 4899 Vipi-

228 4930 288 4969 eeee
313 4929 462 4984 negamur,
489 4928 544 4983 qua
569 4913 605 4968 de
626 4930 657 4968 re
684 4914 724 4967 aie
747 4912 871 4984 loquitur
888 4912 1062 4984 Augustinus
1088 4912 1218 4968 lantiana
1234 4914 1377 4986 pestifera
1393 4931 1529 4983 eparpere
1546 4923 1572 4969 et
1590 4916 1768 4970 metabere
1785 4917 1923 4971 adaoeeue

128 5011 129 5015 ’
228 4999 345 5054 conseer.
363 5004 415 5053 art.
435 5003 483 5055 ιιι
504 5002 551 5052 De
570 5000 649 5054 cultu
666 5008 827 5055 sanctarum
843 5001 942 5055 docent
962 5000 1062 5066 (eccle
1086 4999 1391 5069 cirpinemDeiparam
1399 5002 1923 5070 Mememeanctaeanpelaemduereue
2018 5054 2023 5063 ,

227 5084 285 5141 aiae
313 5087 446 5153 noemae),
475 5086 552 5154 quad
583 5088 718 5141 memoria
747 5094 909 5141 cunctarum
936 5087 1063 5158 propani
1087 5093 1200 5140 mactae
1212 5085 1398 5155 patriar-clune
1415 5093 1441 5140 et
1457 5087 1531 5140 aliae
1554 5087 1583 5141 V.
1602 5087 1633 5140 Τ.
1647 5094 1767 5156 canetae,
1784 5069 1922 5143 (κίνησιν
2018 5146 2023 5157 ,

222 5178 330 5240 pateat,
363 5180 394 5226 nt
418 5171 556 5225 imitemur
580 5172 671 5238 fidem
696 5190 791 5227 earum
814 5179 840 5226 et
864 5173 937 5228 bana
963 5189 1060 5243 apere,
1086 5171 1245 5225 Jabannem
1264 5172 1442 5241 Baptietam,
1462 5174 1600 5227 adeereue
1624 5171 1767 5242 apaetalce
1794 5179 1821 5226 et
1839 5189 1924 5229 enen·

226 5259 501 5326 juetaaaeatianem,
519 5265 549 5311 ut
563 5257 669 5312 Caerar
677 5266 772 5329 patent
784 5260 895 5314 imitari
906 5262 1060 5330 exemplam
1087 5257 1217 5327 peilatau,
1243 5259 1381 5311 adeersum
1398 5265 1510 5313 canetae
1528 5258 1664 5313 eccleciae
1681 5264 1797 5312 canetae
1814 5259 1920 5329 epieco-

227 5345 353 5399 Daaidie
377 5345 408 5398 in
435 5343 506 5398 bella
528 5345 651 5413 peranda
672 5346 714 5399 ad
736 5346 921 5416 depellendae
949 5347 1061 5400 Pareae
1083 5360 1139 5413 poe
1155 5351 1239 5413 atque
1252 5344 1391 5408 doctaree,
1409 5345 1527 5414 denique
1540 5346 1676 5399 mameae
1692 5353 1921 5406 canctaeamnee.

227 5447 245 5482 a
261 5431 376 5502 patrm,
400 5445 467 5483 nam
482 5437 599 5501 uterque
621 5445 673 5484 rec
689 5430 739 5487 σοι.
782 5432 843 5487 Hac
867 5431 959 5503 iprum
976 5432 1060 5488 latim
1087 5428 1239 5487 Selmerom
1259 5429 1331 5500 diep.
1362 5436 1386 5488 ι.
1416 5429 1445 5485 in
1476 5436 1497 5486 1.
1514 5429 1586 5484 Tim.
1615 5436 1640 5486 2.
1664 5437 1729 5487 tam.
1752 5436 1790 5486 15.
1814 5448 1841 5503 p.
1860 5438 1920 5492 ιιι.
2018 5438 2023 5445 ’

225 5517 349 5571 declarat
357 5513 497 5586 Apologia
508 5517 689 5591 mouentium
695 5516 798 5573 verbio:
811 5520 957 5587 t'anseeeia
964 5526 1061 5575 naetra
1072 5544 1076 5578 ι
1086 5522 1168 5574 vocat
1186 5534 1236 5573 uae
1254 5517 1489 5591 bapiamaetipae,
1516 5517 1565 5591 aar·
1581 5533 1657 5576 mare
1673 5517 1817 5589 gigantum
1835 5519 1918 5581 caeli·
