4104 6014
902 320 955 377 DE
974 318 1115 379 mount.
1796 331 1855 389 377

155 499 218 538 eam
241 482 296 537 itta
321 501 341 535 a
364 498 461 536 eomno
486 480 621 536 aarum
639 479 736 549 ripstet
760 478 907 549 timeatque
926 493 994 531 rem·
1023 476 1213 534 circumferret
1241 484 1270 534 et
1300 477 1424 534 convivis
1453 477 1522 532 illud
1555 483 1711 534 monstrans
1741 477 1859 533 diceret:

153 586 210 640 per
229 568 259 623 ιἰι
279 567 340 621 rita
360 573 488 636 morum,
514 574 545 620 ut
562 565 660 620 mortis
678 573 779 620 metum
795 568 914 619 eosdm
929 580 995 633 poe·
1023 567 1178 627 strenuiter
1196 564 1288 639 dptur
1307 567 1373 620 nist
1386 582 1416 620 ιι
1433 568 1478 617 eat
1495 567 1604 637 reputa,
1624 564 1699 618 tuear
1713 561 1769 635 yria
1789 563 1857 620 eiro-

156 656 202 710 ss't.
240 655 300 719 Quo
323 654 397 708 caim
419 653 503 708 illam
520 653 658 707 αόιιιιιιιιι
677 651 771 722 marie
786 650 923 719 timuerit,
944 649 996 702 hoc
1023 650 1120 707 seror
1144 656 1282 714 τοιοῦτος,
1307 650 1338 705 ia
1357 651 1430 704 lunc
1447 651 1558 704 intuear
1577 650 1638 703 bibe
1655 657 1681 704 et
1699 650 1858 718 chismate,

158 742 249 796 asinus
262 747 442 810 mamertem
459 738 574 795 timebit.
611 741 637 793 1.
651 738 771 793 Piorum
788 739 878 804 tacta.
914 733 996 790 Multi
1023 736 1092 791 tatis
1105 745 1173 808 poet
1191 745 1306 792 mortem
1323 737 1447 802 futur-ree.
1489 735 1600 792 Coelius
1619 735 1739 807 Rbodig.
1755 736 1803 796 lib.
1817 741 1858 795 10.

159 832 327 882 curaverunt
346 824 475 896 sepulcra
493 824 547 880 sibi
566 823 666 894 excidi,
684 840 748 880 cum
766 823 858 879 adhuc
872 823 997 878 viverent
1023 823 1085 879 lect
1107 822 1194 895 antiq.
1219 839 1279 893 cap.
1307 828 1349 878 37.
1374 821 1468 889 refert,
1490 820 1652 892 Philippum
1677 821 1858 878 Macedoniae

158 930 194 969 ac
217 912 356 981 valerent,
380 910 514 982 Exempla
539 910 604 966 vide
621 910 723 967 Gener.
747 916 789 980 50,
806 927 830 964 r.
851 916 876 966 t.
904 913 930 967 2
943 908 996 963 Pa·
1023 925 1125 981 regem,
1144 909 1296 965 Alexandri
1306 909 1403 981 Magni
1420 914 1536 980 patrem,
1554 907 1671 980 singulis
1689 907 1788 963 dIebus
1808 925 1859 979 per

159 999 209 1054 ral.
240 1003 280 1068 ld,
309 1014 335 1052 ι.
358 1003 399 1054 11.
429 997 504 1056 Esai.
524 1002 570 1067 m,
592 1014 617 1052 v.
640 1003 679 1053 ta.
707 995 807 1052 Ilattb.
831 1000 878 1064 27,
906 1012 933 1051 ι.
953 1000 995 1051 60.
1023 1013 1140 1067 puerum
1160 994 1214 1051 sibi
1237 995 1385 1052 wsmari
1407 995 1539 1066 jussisse:
1569 996 1631 1049 Rea
1653 994 1789 1064 Pbitippe
1813 1013 1857 1048 co·

160 1085 350 1140 Mereodauus
366 1085 426 1154 jam
446 1099 540 1153 senex,
557 1100 620 1139 eum
640 1084 676 1138 ab
697 1082 786 1138 amico
804 1080 996 1137 incrastinum
1023 1083 1099 1153 pita,
1128 1090 1155 1136 te
1185 1098 1245 1137 eree
1261 1083 1399 1137 bominem
1416 1090 1441 1137 et
1460 1083 1617 1138 mortalem.
1650 1082 1694 1138 De
1725 1081 1858 1139 Saladiuo

160 1176 306 1228 vacuetur
328 1168 499 1237 convivium,
535 1186 585 1224 cur
609 1187 650 1224 me
673 1187 757 1225 eccae
781 1170 811 1223 ia
833 1167 997 1234 crastinum,
1023 1167 1167 1240 Aegyptio
1199 1167 1309 1223 sultano
1340 1166 1439 1224 scribit
1466 1167 1595 1239 Baptista
1628 1166 1859 1239 Campoiulgosus

44 1277 87 1319 sn.
100 1275 148 1318 ιιι
161 1256 266 1328 inquit,
294 1257 345 1326 qui
369 1274 388 1311 a
413 1257 509 1310 meritis
533 1257 617 1309 annae
641 1256 797 1311 crartinum
820 1271 876 1309 aon
903 1254 996 1317 babai,
1022 1254 1071 1310 lib.
1095 1261 1120 1310 7.
1146 1270 1208 1325 cap.
1237 1259 1261 1310 2.
1287 1253 1361 1324 qued
1391 1255 1421 1309 in
1448 1254 1622 1324 processione
1647 1253 1753 1310 solenni
1778 1253 1858 1309 obso-

160 1345 215 1398 red
237 1343 336 1397 martie
359 1343 510 1396 adrentum
536 1342 567 1396 in
591 1342 720 1411 sinqutoe
748 1342 809 1396 dies
831 1339 996 1410 emperiam,
1023 1341 1107 1397 letam
1133 1340 1257 1396 tunicam
1278 1340 1332 1395 sibi
1349 1340 1482 1410 praeferri
1499 1340 1638 1397 curaverit
1654 1357 1688 1396 ac
1705 1340 1788 1396 slmul
1809 1358 1859 1412 per

160 1444 234 1497 quae
249 1428 329 1484 nodia
347 1444 490 1496 nmqssam
507 1444 563 1481 uon
582 1426 749 1496 ineidiatur,
781 1428 869 1481 aare
884 1442 937 1480 mar
954 1426 996 1480 in·
1024 1444 1189 1498 praeconem
1215 1426 1380 1498 proclamari
1407 1426 1537 1497 1ᾓιιιιιιιιι,
1577 1429 1739 1482 tantundem
1773 1428 1857 1482 Sata·

161 1521 258 1569 cautor
275 1516 360 1569 etiam
376 1515 518 1568 interdum
539 1513 704 1582 opprimat!
731 1511 825 1568 (iuido
840 1511 996 1567 Bituricen·
1024 1516 1122 1569 dinam
1139 1513 1229 1568 Atiae
1251 1514 1418 1568 domitorem
1443 1530 1476 1567 ea
1501 1515 1553 1568 trac
1574 1516 1678 1568 mundo
1703 1531 1796 1569 recum
1814 1531 1858 1569 re·

162 1601 199 1655 sis
218 1618 250 1656 ex
267 1600 362 1656 histor.
382 1599 480 1656 eccles.
517 1598 756 1670 Constantinopoli
781 1599 915 1653 usitatum
932 1597 996 1667 tuit,
1023 1602 1110 1665 ferre.
1149 1601 1175 1655 6.
1199 1600 1361 1654 Necessitar
1388 1617 1505 1656 marma.
1543 1599 1666 1672 Singulis
1689 1599 1776 1666 horis,
1803 1601 1858 1655 imo

162 1692 194 1741 ιιι
218 1686 267 1742 illo
285 1686 346 1757 ipso
365 1685 425 1754 die,
449 1702 505 1756 quo
523 1684 673 1756 imperator
692 1702 821 1741 coronam
840 1701 995 1741 caesaream
1025 1685 1170 1741 momentis
1192 1701 1265 1739 mors
1285 1683 1366 1739 nobis
1385 1685 1538 1756 impendet,
1566 1686 1753 1741 neceesarium
1773 1686 1859 1758 igitur

160 1772 327 1843 susciperet,
353 1772 390 1826 ad
413 1788 477 1827 eum
495 1770 524 1826 in
544 1770 656 1826 sublimi
675 1771 775 1827 throno
792 1771 933 1827 sedentem
952 1789 996 1826 ac·
1025 1778 1080 1840 est,
1104 1776 1137 1826 ut
1152 1770 1269 1843 singulis
1285 1772 1430 1827 momentis
1449 1772 1486 1826 ad
1503 1789 1564 1828 eam
1582 1790 1633 1827 nos
1654 1789 1858 1844 praeparemus,

162 1859 274 1915 cederet
297 1857 499 1915 momentarius
517 1872 674 1928 proponens
693 1856 734 1911 illi
751 1856 876 1928 lapidum
894 1856 998 1929 genera
1024 1874 1059 1912 ne
1088 1858 1215 1914 incautos
1243 1874 1294 1912 nos
1318 1856 1458 1928 opprImat
1489 1863 1518 1913 et
1549 1861 1680 1914 aeternae
1701 1858 1784 1914 morti
1807 1874 1859 1914 uos

162 1946 278 2017 aliquot,
296 1950 328 2000 ut
346 1959 381 1999 cx
397 1943 440 1998 bis
457 1960 543 1999 unum
556 1943 680 2015 eligeret,
698 1942 846 2014 equosibi
859 1944 996 1998 tumulum
1024 1944 1132 2010 madet,
1164 1944 1202 1998 ab
1227 1962 1283 1999 unc
1307 1945 1380 1998 enim
1403 1945 1456 2000 itta
1482 1952 1619 1999 mommsto
1643 1947 1745 2015 posidet
1770 1953 1858 2002 aeter·

162 2029 295 2087 fabricari
310 2029 400 2086 vellet
432 2028 608 2086 Camerarius
626 2035 696 2100 part.
717 2034 739 2086 1.
755 2029 882 2085 meditat
901 2029 996 2086 histor.
1024 2029 1108 2086 nitar.
1155 2031 1189 2086 In
1207 2030 1281 2086 omui
1299 2030 1360 2086 loco
1381 2046 1454 2085 mors
1473 2029 1554 2086 nobis
1570 2030 1733 2100 Insidiatur,
1765 2046 1858 2087 necea

165 2132 227 2187 cap.
247 2121 286 2173 17.
305 2132 340 2172 ex
353 2115 468 2173 Isidoro.
486 2114 691 2171 Maximilianus
710 2115 749 2172 11.
768 2115 918 2185 Imperator
935 2116 995 2172 lau·
1024 2117 1128 2172 sarium
1146 2116 1233 2189 igitur
1249 2122 1299 2180 est,
1317 2121 1350 2172 nt
1366 2116 1394 2172 iu
1410 2116 1485 2172 omni
1502 2116 1563 2171 loco
1579 2131 1641 2171 sam
1660 2121 1859 2188 exspectemus,

162 2203 320 2259 datissimns
347 2201 456 2273 aliquot
479 2206 545 2257 ante
565 2200 672 2257 obibam
691 2202 772 2257 annis
789 2219 845 2257 non
862 2201 952 2257 solum
969 2203 997 2256 in
1024 2220 1059 2258 ue
1078 2202 1183 2259 alicubi
1203 2219 1254 2258 nos
1263 2218 1328 2284 pou
1345 2202 1413 2257 satis
1430 2201 1549 2259 munitos
1568 2219 1602 2258 ac
1621 2201 1745 2258 firmatim
1760 2218 1859 2275 aggre-
1962 2242 1967 2253 .

162 2287 293 2345 cubiculo
304 2288 479 2359 sandapilam
494 2303 603 2358 semper
615 2302 708 2343 secum
723 2287 831 2355 habuit,
850 2287 899 2345 sed
914 2288 996 2344 ctiam
1023 2289 1123 2347 diatur.
1163 2290 1271 2346 Seneca
1295 2290 1375 2359 epist
1392 2295 1441 2345 et:
1470 2291 1653 2353 Qumadam
1677 2289 1766 2344 ιιιαιιι
1783 2307 1859 2345 mora

162 2392 329 2448 quocunque
349 2375 491 2447 proiectus
517 2381 573 2444 est,
603 2390 660 2429 una
689 2392 752 2430 cum
778 2375 886 2445 reliqua
908 2375 998 2445 supel-
1025 2379 1055 2431 in
1075 2378 1168 2432 medio
1186 2377 1256 2443 tiore
1271 2377 1430 2447 praecidit,
1455 2377 1580 2431 aliorum
1600 2377 1778 2447 interrumpit
1794 2377 1860 2446 ipra

161 2462 253 2519 lectile
270 2478 365 2518 secum
382 2463 522 2533 deportari
540 2461 640 2526 voluit,
664 2467 696 2517 ut
712 2468 877 2533 perpetuum
898 2468 999 2517 morta·
1023 2465 1184 2535 principia,
1213 2465 1290 2520 atius
1309 2463 1385 2519 inter
1401 2482 1516 2520 coenam
1532 2465 1688 2519 dmeclutue
1707 2471 1764 2533 eet,
1791 2464 1860 2519 alte·

162 2548 250 2605 litatis
267 2564 336 2604 snae
352 2547 535 2623 ,erraterrat
546 2548 650 2604 babere
664 2555 764 2619 posset
796 2554 822 2605 5.
845 2550 999 2605 Saniorum
1025 2552 1088 2606 riae
1107 2553 1272 2606 cordiauata
1290 2568 1366 2606 more
1384 2569 1482 2608 eomsm
1495 2560 1544 2620 ert,
1563 2552 1687 2622 aliquem
1701 2550 1860 2605 commetitur

156 2636 310 2707 pamma
328 2637 406 2691 drbta
425 2642 452 2688 et
469 2636 605 2705 camptu.
630 2635 714 2690 Plato
731 2636 760 2691 in
779 2636 898 2708 Tbeag.:
934 2638 999 2690 Vita
1027 2637 1164 2695 ιιιιίιιιιι.
1200 2637 1292 2703 Quare
1315 2654 1380 2693 cnm
1409 2636 1545 2694 amortis
1568 2637 1692 2709 periculo
1717 2652 1861 2706 nunquam
1874 2641 1948 2688 arnt
1962 2640 2009 2685 tte.

161 2723 323 2794 sapientum
351 2729 392 2777 eet
420 2721 540 2776 cseidua
569 2722 668 2776 mortis
697 2723 850 2778 meditatio.
893 2722 1001 2779 &neca
1026 2730 1054 2780 et
1070 2723 1198 2794 nuspiam
1216 2723 1301 2779 simus
1320 2721 1410 2792 liberi,
1431 2724 1460 2778 in
1480 2722 1643 2794 quotidiana
1661 2723 1757 2778 mortis
1773 2721 1861 2778 medl-

162 2806 271 2878 epistol.
290 2812 337 2864 tt:
361 2810 505 2863 Incertum
529 2815 584 2873 ert,
609 2825 664 2880 quo
683 2809 714 2862 iu
734 2809 797 2864 ioca
814 2817 841 2863 te
859 2827 936 2864 more
955 2826 998 2863 ea·
1026 2810 1131 2866 tatione
1164 2827 1220 2865 nou
1255 2808 1390 2866 debemus
1424 2826 1485 2865 esse
1518 2809 1629 2865 desides
1664 2815 1714 2865 aut
1743 2808 1858 2865 remissi

162 2900 284 2967 spectet,
300 2896 395 2965 itaque
414 2902 445 2949 tu
462 2895 545 2950 edam
563 2894 642 2949 omui
658 2895 720 2949 loco
738 2902 873 2964 aspecta.
908 2895 1000 2950 Idem:
1027 2904 1051 2953 7.
1072 2897 1187 2952 Utiliter
1212 2898 1343 2953 mamma.
1388 2896 1485 2952 Mortis
1509 2895 1655 2953 meditatIo
1678 2894 1860 2967 multiplicem

168 2979 327 3035 Venientem
344 2988 462 3035 mortem
478 2997 558 3036 nemo
576 2982 681 3036 titarir
698 2982 809 3051 accipit,
828 2982 887 3035 uiri
903 2982 954 3051 qui
969 3000 1000 3037 re
1027 2983 1137 3039 omnino
1162 2989 1286 3054 praestat
1308 2982 1472 3054 utilitatem,
1500 2999 1585 3055 quam
1608 2981 1768 3038 leudoricus
1789 2979 1860 3038 Gra·

163 3066 216 3121 dis
233 3069 276 3121 ad
292 3082 354 3120 eam
371 3068 535 3137 composuit.
570 3067 666 3124 Idem:
698 3067 795 3123 Vicere
813 3069 842 3122 in
862 3076 923 3124 tota
941 3070 1001 3122 rita
1026 3071 1149 3126 ratensis
1168 3070 1197 3124 iu
1216 3068 1264 3127 lib.
1285 3069 1320 3124 de
1336 3074 1456 3141 quatuor
1472 3068 1576 3125 noviss.
1596 3069 1634 3125 ad
1648 3074 1755 3140 septem
1767 3067 1862 3139 capita

163 3153 328 3208 fflscmdsrm
359 3169 395 3208 ae
422 3153 453 3206 in
479 3160 540 3209 tota
566 3155 625 3208 rita
658 3154 825 3210 ιιιιιιιιιιιιιιι
852 3163 895 3211 ιιι
919 3156 1000 3211 mori.
1026 3162 1154 3224 revocat,
1176 3156 1290 3227 modest
1308 3156 1382 3211 enim
1402 3162 1424 3212 1.
1445 3157 1639 3225 αόιιιιῑοιιιι
1655 3155 1716 3210 Dei
1732 3155 1861 3210 ιίιιιιιιι

166 3238 283 3311 Epistol.
307 3244 354 3295 25:
381 3239 527 3309 Quidquid
554 3241 665 3304 facies,
689 3256 799 3313 eemper
823 3249 941 3295 mortem
958 3258 999 3296 re·
1027 3251 1054 3296 et
1080 3242 1287 3309 diiipentiorrm
1314 3242 1567 3312 praeparationem
1595 3244 1638 3296 ad
1664 3248 1781 3296 mortem
1806 3258 1862 3312 per

161 3325 248 3394 apice.
285 3324 376 3381 Idem:
398 3325 496 3380 Omnia
512 3325 574 3379 dier
592 3326 668 3380 cetat
687 3326 803 3381 ultimae
820 3328 1001 3382 ordinandae
1023 3328 1225 3398 poenitentiam
1251 3333 1286 3384 de
1312 3328 1450 3385 crunctis
1470 3329 1599 3399 peccatir
1622 3335 1649 3382 et
1667 3328 1825 3383 mationem
1842 3344 1862 3382 a

163 3419 213 3469 eet.
250 3413 345 3483 Effice
364 3420 481 3466 mortem
500 3411 672 3481 capitatione
690 3412 741 3466 tibi
757 3413 946 3482 familiarem,
970 3423 1001 3468 ut
1025 3417 1153 3481 faterin
1177 3418 1203 3470 2.
1223 3417 1265 3469 ad
1280 3415 1381 3469 mundi
1397 3421 1564 3469 contemtum
1581 3421 1609 3468 et
1626 3414 1673 3468 esi
1691 3413 1862 3469 tumturn·

162 3500 192 3553 si
214 3515 277 3552 aare
300 3498 344 3552 ita
367 3497 478 3568 mia-it,
506 3499 601 3567 poser'e
618 3498 668 3552 sili
683 3499 794 3554 obuiam
813 3500 897 3556 eaire.
934 3500 1000 3572 Epi·
1028 3518 1109 3567 uem,·
1129 3505 1154 3557 3.
1173 3503 1216 3555 ad
1233 3500 1389 3555 rirtuceam
1405 3502 1492 3555 odam
1511 3501 1753 3571 amplectendam
1776 3503 1802 3555 t.
1820 3501 1864 3556 ee

165 3586 228 3643 stol.
249 3590 296 3642 ³⁰:
330 3585 373 3638 Ite
388 3593 520 3654 mortem,
549 3593 580 3639 ut
594 3603 738 3655 nunquam
754 3586 865 3655 timeae,
891 3603 1001 3658 serrper
1025 3588 1195 3658 patientiam
1228 3589 1259 3641 in
1290 3587 1367 3641 amni
1393 3586 1574 3641 tribulatores
1602 3587 1861 3657 ιιιι·ιιιιιιιιιιιὶιιιιι,ο

165 3673 268 3743 capita.
311 3669 429 3741 Epistol.
452 3675 501 3726 tl:
530 3671 678 3740 Tauqsaam
701 3673 876 3741 miprcturus
894 3673 1000 3729 habita
1029 3677 1056 3727 ι.
1073 3675 1116 3727 ad
1133 3675 1218 3736 tidem
1236 3682 1262 3727 et
1279 3690 1355 3743 rpem
1375 3676 1412 3728 de
1422 3676 1530 3742 sutura
1547 3674 1609 3730 nita
1623 3675 1864 3740 confirmandam

166 3759 299 3828 Propone
316 3757 370 3811 tibi
388 3758 556 3828 mundaque
577 3757 630 3811 troc
644 3758 825 3813 comubernio
838 3761 1001 3816 carendum.
1031 3761 1287 3816 maecenatem
1308 3778 1378 3828 erpa
1402 3761 1496 3814 Deam
1519 3767 1546 3813 et
1569 3761 1730 3831 prcmmam
1753 3761 1862 3823 initam·

165 3844 292 3899 Felicior
317 3843 376 3898 eris
399 3844 441 3897 ad
464 3843 657 3897 aecmritatem
687 3845 814 3899 ereuudi.
858 3845 1001 3901 Zaleucus
1030 3848 1181 3911 mandam
1201 3848 1222 3899 7.
1241 3847 1284 3899 ad
1300 3847 1387 3900 citam
1403 3854 1546 3900 αιιιιιιαιιι
1565 3848 1714 3901 ardentius
1731 3836 1862 3917 appeten*-

165 3946 285 4002 pruoem
305 3931 398 4001 legum
414 3945 527 3984 suarum
539 3928 725 3985 Locrensibus
744 3930 861 3985 letamur
881 3930 934 3986 boc
949 3948 999 4003 ap·
1030 3934 1106 3989 dam.
1144 3932 1341 3987 bonaventura
1356 3932 1385 3986 in
1407 3939 1431 3988 7.
1448 3932 1543 3988 diaeta
1558 3949 1619 4003 cap.
1639 3938 1685 3989 tt:
1703 3934 1759 3988 dec
1776 3932 1863 4001 potis·

166 4015 272 4087 posuit:
302 4015 464 4069 Morituros
497 4033 591 4071 muner
617 4016 803 4087 iujuriarum,
832 4035 903 4087 quae
926 4036 999 4073 cam-
1027 4020 1128 4073 simum
1140 4019 1227 4088 efficit
1245 4018 1345 4072 martir
1358 4018 1568 4073 conmderatior
1588 4024 1610 4076 1.
1622 4027 1739 4089 peccata
1753 4021 1863 4089 supere,

165 4102 302 4156 ιιιιιιιιιιι
323 4117 472 4167 memores,
496 4103 669 4174 poenitentia
688 4104 798 4158 invadit
813 4112 841 4159 et
858 4105 1002 4160 redemere
1028 4107 1054 4159 2.
1086 4106 1221 4159 mundum
1249 4112 1436 4171 contemnere,
1474 4106 1501 4158 d.
1530 4123 1559 4160 re
1589 4104 1682 4174 iprum
1711 4105 1891 4172 druu'eera·

165 4188 323 4259 sapiditas,
358 4203 415 4256 qua
438 4187 542 4242 sedent
564 4195 690 4243 maetam
712 4190 768 4244 sibi
787 4190 874 4245 eitam
894 4208 1001 4246 omnem
1028 4194 1052 4248 t.
1077 4193 1165 4246 eitam
1187 4197 1366 4260 praetentam
1393 4197 1466 4245 recte
1496 4206 1608 4259 repere,
1637 4195 1662 4246 ι.
1685 4198 1863 4261 praetentam

165 4275 257 4341 tisim
277 4276 392 4343 iustam.
424 4272 609 4336 Quamobrem
626 4276 753 4342 einpulm
770 4285 879 4345 oportet
894 4294 1002 4347 seraper
1028 4278 1168 4333 laetitiam
1195 4283 1367 4345 terupernre,
1402 4278 1426 4333 6.
1446 4284 1522 4330 recte
1541 4285 1720 4347 pauentem
1740 4285 1765 4331 et
1784 4279 1863 4341 fatu·

166 4362 197 4415 ιἰι
220 4359 343 4430 aarum
359 4360 517 4414 actionibus
535 4359 613 4414 illud
628 4369 735 4429 tempus
756 4363 830 4416 adeo
848 4363 909 4416 suis
928 4364 1000 4432 copi-
1028 4383 1093 4419 ram
1111 4365 1198 4417 citam
1217 4363 1353 4419 deridere.

166 4446 317 4501 tatianibur
338 4445 494 4516 familiare
515 4447 630 4514 facere,
657 4462 693 4500 ae
718 4448 745 4499 ri
765 4462 901 4516 praecem
925 4456 1001 4505 ιιιιι.
1063 4455 1122 4506 182.
1159 4448 1310 4503 Ροιιιιιιιιιι
1329 4448 1414 4505 etiam
1431 4448 1566 4505 ufflitatss
1584 4448 1664 4504 istius
1675 4448 1863 4504 meditationis

167 4532 214 4586 lta
243 4531 317 4585 enim
348 4531 467 4585 maaime
499 4532 609 4586 bonesti
638 4532 762 4602 iratique
794 4550 863 4586 cura
892 4534 1000 4602 virebit.
1028 4535 1080 4590 bac
1105 4533 1299 4590 distributione
1327 4534 1491 4605 complecti,
1520 4533 1596 4606 quod
1620 4534 1657 4589 sit
1680 4539 1740 4590 tum
1763 4533 1863 4590 efficax

164 4616 241 4676 emb.
264 4632 345 4673 serm.
372 4622 421 4674 tte
451 4616 573 4678 deivarae
596 4621 641 4672 eal
666 4617 764 4690 φθορὰ
787 4622 835 4672 eal
854 4615 946 4675 πάντα
965 4621 1000 4674 ric
1027 4620 1195 4694 ὁρμηιὴριον
1220 4625 1248 4674 ei
1269 4620 1478 4676 incitamentum
1501 4623 1542 4674 ad
1567 4621 1667 4674 bonum
1689 4621 1862 4690 faciendum,

164 4701 235 4758 teta
266 4700 345 4758 deseri
374 4702 429 4772 api>
450 4701 611 4777 ὀφθαλμῶν
638 4705 708 4758 ἔσται
732 4709 778 4759 eol
803 4708 868 4759 καθ’
892 4702 1002 4777 ἡμιραν
1027 4713 1086 4763 tum
1110 4707 1234 4762 salutare
1258 4703 1477 4780 ἀντιφάρμακον
1498 4724 1532 4763 sc
1558 4708 1788 4781 upoqvtarrmdr
1806 4724 1861 4763 me·

162 4792 209 4844 nat
231 4787 315 4845 οὐδὲν
339 4787 476 4844 adclinare
503 4787 698 4863 tremerem,
724 4788 786 4845 aire
806 4789 881 4861 ἄγαν
901 4793 1001 4847 turer·
1028 4795 1214 4850 dicameutum
1253 4797 1296 4848 ad
1331 4796 1437 4848 mdum
1469 4795 1646 4863 sepiendum
1682 4791 1862 4867 ‘Opumripeur

162 4873 286 4950 μηιῆσῃ,
304 4875 345 4930 ait
359 4876 506 4946 Epictetus
524 4894 570 4947 ap.
589 4877 730 4932 Melissam
749 4877 796 4934 lib.
818 4884 849 4934 10
868 4886 936 4934 orat
960 4886 1000 4937 19.
1026 4887 1070 4936 ιιι
1102 4888 1123 4936 1.
1153 4882 1195 4934 ad
1223 4882 1425 4937 maturandam
1451 4880 1663 4950 poeniteutiam.
1708 4879 1762 4945 Qui
1788 4879 1863 4935 ritae

163 4961 307 5017 Musonius
342 4961 417 5033 apud
447 4960 598 5018 stobaeum
635 4980 715 5019 serm.
749 4970 771 5020 1.
804 4964 1000 5038 interrogatus,
1026 4967 1110 5038 hujus
1131 4964 1311 5037 fragilitatem
1334 4982 1367 5020 ac
1389 4965 1486 5021 mortis
1509 4965 1626 5039 siugulis
1646 4965 1792 5021 momentis
1812 4966 1862 5020 im·

131 5044 134 5048 ’
162 5040 226 5116 qris’s
247 5048 351 5120 optime
377 5057 528 5102 extremum
552 5050 628 5103 diem
651 5050 787 5104 claudere
806 5054 924 5120 parret!
952 5054 1001 5122 qui
1027 5052 1175 5125 pendentis
1201 5052 1374 5106 atrocitatem
1395 5051 1432 5107 ob
1454 5052 1552 5107 oculos
1567 5051 1620 5107 sibi
1637 5051 1775 5122 posuerit,
1805 5065 1862 5106 nou

79 5132 84 5139 ’
162 5150 280 5203 temper,
297 5133 449 5204 respondit,
463 5141 636 5203 postremum
650 5136 725 5190 citae
739 5137 815 5191 diem
827 5137 1000 5194 ribiiuetare
1026 5138 1137 5194 differet
1161 5136 1358 5207 poeniteutiam
1380 5137 1410 5192 in
1431 5138 1505 5193 diem
1529 5139 1695 5207 crastiuum,
1721 5154 1783 5191 cnm
1803 5155 1861 5193 cra·

158 5219 352 5290 prapceusrit,
372 5217 497 5273 eiectare
516 5220 567 5285 τὴν
585 5221 763 5288 ἐνεστηκυῖαν
782 5220 890 5292 ἡμέραν
910 5226 1000 5285 καλῶς
1026 5223 1129 5281 utinum
1146 5223 1220 5279 vitae
1237 5223 1310 5278 diem
1335 5223 1388 5279 sibi
1407 5222 1532 5294 polliceri
1551 5240 1607 5278 uon
1624 5222 1720 5293 possit
1742 5223 1816 5281 Eecl.
1836 5231 1861 5291 t,

162 5307 260 5374 adem
291 5303 332 5374 μὴ
359 5309 541 5375 προθέμενον
571 5303 658 5374 αῠιὴν
684 5305 721 5367 air
749 5303 867 5377 ἐσχάτην
890 5311 999 5377 βιῶσαι.
1026 5330 1052 5365 v.
1078 5315 1101 5369 8.
1125 5308 1232 5364 Confer
1253 5314 1336 5364 tract.
1363 5308 1399 5363 (ic
1426 5309 1529 5378 poenit.
1555 5305 1582 5382 ᾗ.
1612 5315 1667 5366 111.
1695 5309 1808 5367 membr.
1835 5315 1861 5368 4.

160 5390 320 5447 Herodotus
339 5391 388 5449 lib.
402 5398 427 5449 2.
442 5399 646 5459 commemorat,
662 5393 738 5462 apud
750 5392 906 5465 Aegyptios
923 5412 999 5452 more
1026 5397 1116 5463 Quam
1135 5394 1218 5451 facile
1234 5411 1269 5448 ae
1285 5394 1342 5449 cite
1357 5392 1435 5449 filum
1455 5394 1483 5447 in
1500 5400 1611 5448 termera
1626 5394 1777 5465 rumpitur,
1803 5401 1860 5450 tam

159 5482 303 5549 receptum
334 5477 434 5547 isu‘ssc,
472 5483 504 5533 ut
537 5477 566 5533 in
601 5479 690 5549 epulis
725 5479 839 5550 quidam
878 5481 998 5538 cadaver
1024 5481 1108 5537 facile
1127 5498 1162 5536 ac
1180 5480 1237 5537 cito
1253 5479 1327 5537 ritae
1346 5486 1457 5536 nosuae
1473 5479 1531 5535 tela
1549 5479 1731 5536 abscinditur.
1753 5480 1817 5538 iob.
1836 5487 1861 5547 7,

156 5563 295 5640 ligneum
320 5565 372 5622 ssd
401 5582 487 5639 quam
515 5565 639 5640 proxime
669 5566 708 5625 ad
738 5566 994 5627 resurrectum
1025 5566 1861 5638 r.d=Diesmsirsloriustransieruat,quamateamte
