<?xml version="1.0" encoding="UTF-8"?>
<!DOCTYPE html PUBLIC "-//W3C//DTD XHTML 1.0 Transitional//EN"
    "http://www.w3.org/TR/xhtml1/DTD/xhtml1-transitional.dtd">
<html xmlns="http://www.w3.org/1999/xhtml" xml:lang="en" lang="en">
 <head>
  <title>
</title>
<meta http-equiv="Content-Type" content="text/html;charset=utf-8" />
  <meta name='ocr-system' content='tesseract 3.04.00' />
  <meta name='ocr-capabilities' content='ocr_page ocr_carea ocr_par ocr_line ocrx_word'/>
</head>
<body>
  <div class='ocr_page' id='page_1' title='image "./locitheologicit00gerhgoog/locitheologicit00gerhgoog_0228.png"; bbox 0 0 4074 6022; ppageno 0'>
   <div class='ocr_carea' id='block_1_1' title="bbox 969 340 1920 410">
    <p class='ocr_par' dir='ltr' id='par_1_1' title="bbox 969 340 1920 410">
     <span class='ocr_line' id='line_1_1' title="bbox 969 340 1920 410; baseline 0.013 -12"><span class='ocrx_word' id='word_1_1' title='bbox 969 341 1021 398; x_wconf 75' lang='grc' dir='ltr'>ΒΕ</span> <span class='ocrx_word' id='word_1_2' title='bbox 1042 340 1182 400; x_wconf 76' lang='lat' dir='ltr'>MORTE.</span> <span class='ocrx_word' id='word_1_3' title='bbox 1860 353 1920 410; x_wconf 80' lang='lat'>21⁷</span> 
     </span>
    </p>
   </div>
   <div class='ocr_carea' id='block_1_2' title="bbox 87 496 1926 2987">
    <p class='ocr_par' dir='ltr' id='par_1_2' title="bbox 87 496 1926 2987">
     <span class='ocr_line' id='line_1_2' title="bbox 229 496 1923 619; baseline 0.001 -66"><span class='ocrx_word' id='word_1_4' title='bbox 229 514 330 567; x_wconf 89' lang='lat' dir='ltr'>sonus,</span> <span class='ocrx_word' id='word_1_5' title='bbox 357 502 386 552; x_wconf 92' lang='lat' dir='ltr'>et</span> <span class='ocrx_word' id='word_1_6' title='bbox 404 496 591 579; x_wconf 87' lang='lat' dir='ltr'>Bellarminus</span> <span class='ocrx_word' id='word_1_7' title='bbox 609 496 721 568; x_wconf 75' lang='lat' dir='ltr'>fugiens</span> <span class='ocrx_word' id='word_1_8' title='bbox 748 496 939 552; x_wconf 83' lang='lat' dir='ltr'>carbonariam</span> <span class='ocrx_word' id='word_1_9' title='bbox 977 496 1007 549; x_wconf 90' lang='lat' dir='ltr'>in</span> <span class='ocrx_word' id='word_1_10' title='bbox 1076 497 1144 619; x_wconf 58' lang='lat' dir='ltr'>inm</span> <span class='ocrx_word' id='word_1_11' title='bbox 1162 498 1290 554; x_wconf 73' lang='lat' dir='ltr'>adstruit.</span> <span class='ocrx_word' id='word_1_12' title='bbox 1332 499 1422 568; x_wconf 81' lang='lat' dir='ltr'>Apud</span> <span class='ocrx_word' id='word_1_13' title='bbox 1445 501 1555 570; x_wconf 81' lang='lat' dir='ltr'>inferos</span> <span class='ocrx_word' id='word_1_14' title='bbox 1574 497 1688 569; x_wconf 89' lang='lat' dir='ltr'>(inquit)</span> <span class='ocrx_word' id='word_1_15' title='bbox 1708 498 1848 568; x_wconf 80' lang='lat' dir='ltr'>confesm&#39;o</span> <span class='ocrx_word' id='word_1_16' title='bbox 1868 518 1923 554; x_wconf 89' lang='lat' dir='ltr'>non</span> 
     </span>
     <span class='ocr_line' id='line_1_3' title="bbox 228 582 1923 656; baseline 0.002 -19"><span class='ocrx_word' id='word_1_17' title='bbox 228 583 257 637; x_wconf 90' lang='lat' dir='ltr'>in</span> <span class='ocrx_word' id='word_1_18' title='bbox 277 582 432 639; x_wconf 76' lang='lat' dir='ltr'><strong>calcariam.</strong></span> <span class='ocrx_word' id='word_1_19' title='bbox 470 582 499 640; x_wconf 85' lang='lat' dir='ltr'>si</span> <span class='ocrx_word' id='word_1_20' title='bbox 517 584 591 638; x_wconf 87' lang='lat' dir='ltr'>enim</span> <span class='ocrx_word' id='word_1_21' title='bbox 619 590 712 653; x_wconf 88' lang='lat' dir='ltr'>patres</span> <span class='ocrx_word' id='word_1_22' title='bbox 728 582 769 637; x_wconf 92' lang='lat' dir='ltr'>illi</span> <span class='ocrx_word' id='word_1_23' title='bbox 787 598 843 637; x_wconf 91' lang='lat' dir='ltr'>non</span> <span class='ocrx_word' id='word_1_24' title='bbox 861 583 898 638; x_wconf 92' lang='lat' dir='ltr'>de</span> <span class='ocrx_word' id='word_1_25' title='bbox 916 583 981 654; x_wconf 87' lang='lat' dir='ltr'>igne</span> <span class='ocrx_word' id='word_1_26' title='bbox 999 598 1063 652; x_wconf 89' lang='lat' dir='ltr'>pur·</span> <span class='ocrx_word' id='word_1_27' title='bbox 1092 592 1141 652; x_wconf 88' lang='lat' dir='ltr'>est,</span> <span class='ocrx_word' id='word_1_28' title='bbox 1161 602 1211 639; x_wconf 86' lang='lat' dir='ltr'>nee</span> <span class='ocrx_word' id='word_1_29' title='bbox 1231 585 1431 654; x_wconf 63' lang='lat' dir='ltr'>exomologesis</span> <span class='ocrx_word' id='word_1_30' title='bbox 1448 588 1512 650; x_wconf 79' lang='lat' dir='ltr'>fieri</span> <span class='ocrx_word' id='word_1_31' title='bbox 1526 594 1628 656; x_wconf 86' lang='lat' dir='ltr'>potest,</span> <span class='ocrx_word' id='word_1_32' title='bbox 1647 585 1696 654; x_wconf 76' lang='lat' dir='ltr'>qui</span> <span class='ocrx_word' id='word_1_33' title='bbox 1713 602 1745 637; x_wconf 82' lang='lat' dir='ltr'>ea</span> <span class='ocrx_word' id='word_1_34' title='bbox 1758 592 1816 639; x_wconf 87' lang='lat' dir='ltr'>toto</span> <span class='ocrx_word' id='word_1_35' title='bbox 1836 588 1923 640; x_wconf 84' lang='lat' dir='ltr'>corde</span> 
     </span>
     <span class='ocr_line' id='line_1_4' title="bbox 232 666 1924 742; baseline 0.001 -17"><span class='ocrx_word' id='word_1_36' title='bbox 232 669 349 742; x_wconf 78' lang='lat' dir='ltr'>gatorio,</span> <span class='ocrx_word' id='word_1_37' title='bbox 365 669 415 723; x_wconf 89' lang='lat' dir='ltr'>sed</span> <span class='ocrx_word' id='word_1_38' title='bbox 433 670 469 722; x_wconf 87' lang='lat' dir='ltr'>de</span> <span class='ocrx_word' id='word_1_39' title='bbox 483 669 652 739; x_wconf 77' lang='lat' dir='ltr'>iynedioini</span> <span class='ocrx_word' id='word_1_40' title='bbox 662 668 942 740; x_wconf 80' lang='lat' dir='ltr'>judieiiloquuntur,</span> <span class='ocrx_word' id='word_1_41' title='bbox 961 666 1065 721; x_wconf 77' lang='lat' dir='ltr'>trusus</span> <span class='ocrx_word' id='word_1_42' title='bbox 1089 673 1278 739; x_wconf 82' lang='lat' dir='ltr'>poenituerint</span> <span class='ocrx_word' id='word_1_43' title='bbox 1309 681 1334 725; x_wconf 89' lang='lat' dir='ltr'>et</span> <span class='ocrx_word' id='word_1_44' title='bbox 1363 675 1539 742; x_wconf 78' lang='lat' dir='ltr'>rogaverint,</span> <span class='ocrx_word' id='word_1_45' title='bbox 1583 673 1613 726; x_wconf 90' lang='lat' dir='ltr'>in</span> <span class='ocrx_word' id='word_1_46' title='bbox 1644 672 1789 725; x_wconf 79' lang='lat' dir='ltr'>ecclesiam</span> <span class='ocrx_word' id='word_1_47' title='bbox 1825 673 1924 727; x_wconf 85' lang='lat' dir='ltr'>debent</span> 
     </span>
     <span class='ocr_line' id='line_1_5' title="bbox 230 753 1922 833; baseline 0.001 -22"><span class='ocrx_word' id='word_1_48' title='bbox 230 757 259 811; x_wconf 90' lang='lat' dir='ltr'>iu</span> <span class='ocrx_word' id='word_1_49' title='bbox 299 758 423 826; x_wconf 90' lang='lat' dir='ltr'>ipsorum</span> <span class='ocrx_word' id='word_1_50' title='bbox 459 755 541 809; x_wconf 87' lang='lat' dir='ltr'>dictis</span> <span class='ocrx_word' id='word_1_51' title='bbox 583 756 736 827; x_wconf 87' lang='lat' dir='ltr'>purgatorii</span> <span class='ocrx_word' id='word_1_52' title='bbox 775 755 915 811; x_wconf 86' lang='lat' dir='ltr'>Pontificii</span> <span class='ocrx_word' id='word_1_53' title='bbox 954 753 1065 808; x_wconf 81' lang='lat' dir='ltr'>favillae</span> <span class='ocrx_word' id='word_1_54' title='bbox 1091 757 1211 810; x_wconf 85' lang='lat' dir='ltr'>interius</span> <span class='ocrx_word' id='word_1_55' title='bbox 1243 759 1357 827; x_wconf 80' lang='lat' dir='ltr'>smoipi.</span> <span class='ocrx_word' id='word_1_56' title='bbox 1408 759 1490 814; x_wconf 87' lang='lat' dir='ltr'>Adde</span> <span class='ocrx_word' id='word_1_57' title='bbox 1522 758 1597 829; x_wconf 86' lang='lat' dir='ltr'>quod</span> <span class='ocrx_word' id='word_1_58' title='bbox 1629 757 1830 813; x_wconf 71' lang='lat' dir='ltr'>satisfactiones</span> <span class='ocrx_word' id='word_1_59' title='bbox 1860 758 1922 833; x_wconf 81' lang='lat' dir='ltr'>illas</span> 
     </span>
     <span class='ocr_line' id='line_1_6' title="bbox 231 840 1923 915; baseline 0.001 -17"><span class='ocrx_word' id='word_1_60' title='bbox 231 850 409 915; x_wconf 86' lang='lat' dir='ltr'>quaeruntur.</span> <span class='ocrx_word' id='word_1_61' title='bbox 463 842 553 896; x_wconf 82' lang='lat' dir='ltr'>Aliter</span> <span class='ocrx_word' id='word_1_62' title='bbox 571 841 656 913; x_wconf 90' lang='lat' dir='ltr'>igitur</span> <span class='ocrx_word' id='word_1_63' title='bbox 686 842 838 912; x_wconf 79' lang='lat' dir='ltr'>respondet</span> <span class='ocrx_word' id='word_1_64' title='bbox 870 840 1064 906; x_wconf 90' lang='lat' dir='ltr'>Bellarminus,</span> <span class='ocrx_word' id='word_1_65' title='bbox 1092 842 1239 898; x_wconf 88' lang='lat' dir='ltr'>canonicas</span> <span class='ocrx_word' id='word_1_66' title='bbox 1256 843 1429 899; x_wconf 87' lang='lat' dir='ltr'>moribundis</span> <span class='ocrx_word' id='word_1_67' title='bbox 1455 842 1646 899; x_wconf 81' lang='lat' dir='ltr'>remittebant.</span> <span class='ocrx_word' id='word_1_68' title='bbox 1671 860 1726 898; x_wconf 92' lang='lat' dir='ltr'>non</span> <span class='ocrx_word' id='word_1_69' title='bbox 1754 845 1852 899; x_wconf 79' lang='lat' dir='ltr'>facturi</span> <span class='ocrx_word' id='word_1_70' title='bbox 1870 846 1923 900; x_wconf 89' lang='lat' dir='ltr'>uti-</span> 
     </span>
     <span class='ocr_line' id='line_1_7' title="bbox 236 927 1923 1002; baseline 0.001 -18"><span class='ocrx_word' id='word_1_71' title='bbox 236 929 309 1001; x_wconf 86' lang='lat' dir='ltr'>quod</span> <span class='ocrx_word' id='word_1_72' title='bbox 327 929 369 982; x_wconf 91' lang='lat' dir='ltr'>illi</span> <span class='ocrx_word' id='word_1_73' title='bbox 386 935 480 999; x_wconf 87' lang='lat' dir='ltr'>patres</span> <span class='ocrx_word' id='word_1_74' title='bbox 498 946 548 1001; x_wconf 90' lang='lat' dir='ltr'>per</span> <span class='ocrx_word' id='word_1_75' title='bbox 565 945 661 983; x_wconf 85' lang='lat' dir='ltr'>serum</span> <span class='ocrx_word' id='word_1_76' title='bbox 679 930 772 1000; x_wconf 83' lang='lat' dir='ltr'>ignem</span> <span class='ocrx_word' id='word_1_77' title='bbox 790 927 942 1000; x_wconf 88' lang='lat' dir='ltr'>purgatorii</span> <span class='ocrx_word' id='word_1_78' title='bbox 955 932 1064 982; x_wconf 90' lang='lat' dir='ltr'>sanctos</span> <span class='ocrx_word' id='word_1_79' title='bbox 1092 945 1158 999; x_wconf 87' lang='lat' dir='ltr'>que,</span> <span class='ocrx_word' id='word_1_80' title='bbox 1179 929 1201 983; x_wconf 92' lang='lat' dir='ltr'>si</span> <span class='ocrx_word' id='word_1_81' title='bbox 1221 946 1268 985; x_wconf 87' lang='lat' dir='ltr'>eas</span> <span class='ocrx_word' id='word_1_82' title='bbox 1286 930 1315 983; x_wconf 91' lang='lat' dir='ltr'>in</span> <span class='ocrx_word' id='word_1_83' title='bbox 1334 930 1494 1002; x_wconf 87' lang='lat' dir='ltr'>purgatorio</span> <span class='ocrx_word' id='word_1_84' title='bbox 1512 928 1619 984; x_wconf 82' lang='lat' dir='ltr'>absolsi</span> <span class='ocrx_word' id='word_1_85' title='bbox 1638 946 1719 999; x_wconf 88' lang='lat' dir='ltr'>posse</span> <span class='ocrx_word' id='word_1_86' title='bbox 1740 930 1923 1000; x_wconf 88' lang='lat' dir='ltr'>judicassent.</span> 
     </span>
     <span class='ocr_line' id='line_1_8' title="bbox 231 1006 1923 1088; baseline 0 -18"><span class='ocrx_word' id='word_1_87' title='bbox 231 1015 349 1070; x_wconf 64' lang='lat' dir='ltr'>mansus</span> <span class='ocrx_word' id='word_1_88' title='bbox 367 1020 493 1070; x_wconf 89' lang='lat' dir='ltr'>statuant</span> <span class='ocrx_word' id='word_1_89' title='bbox 511 1017 571 1069; x_wconf 88' lang='lat' dir='ltr'>sine</span> <span class='ocrx_word' id='word_1_90' title='bbox 589 1015 653 1070; x_wconf 89' lang='lat' dir='ltr'>ulla</span> <span class='ocrx_word' id='word_1_91' title='bbox 671 1016 804 1071; x_wconf 85' lang='lat' dir='ltr'>laesione.</span> <span class='ocrx_word' id='word_1_92' title='bbox 842 1015 953 1070; x_wconf 86' lang='lat' dir='ltr'>Athos</span> <span class='ocrx_word' id='word_1_93' title='bbox 973 1014 1064 1084; x_wconf 87' lang='lat' dir='ltr'>ipsum</span> <span class='ocrx_word' id='word_1_94' title='bbox 1094 1015 1127 1068; x_wconf 87' lang='lat' dir='ltr'>Si</span> <span class='ocrx_word' id='word_1_95' title='bbox 1145 1016 1195 1084; x_wconf 78' lang='lat' dir='ltr'>gui</span> <span class='ocrx_word' id='word_1_96' title='bbox 1211 1015 1335 1080; x_wconf 82' lang='lat' dir='ltr'>fuerint,</span> <span class='ocrx_word' id='word_1_97' title='bbox 1368 1015 1408 1070; x_wconf 91' lang='lat' dir='ltr'>ait</span> <span class='ocrx_word' id='word_1_98' title='bbox 1427 1015 1500 1068; x_wconf 90' lang='lat' dir='ltr'>idem</span> <span class='ocrx_word' id='word_1_99' title='bbox 1519 1015 1598 1085; x_wconf 82' lang='lat' dir='ltr'>epist</span> <span class='ocrx_word' id='word_1_100' title='bbox 1615 1019 1656 1071; x_wconf 80' lang='lat'>48.</span> <span class='ocrx_word' id='word_1_101' title='bbox 1682 1017 1809 1085; x_wconf 83' lang='lat' dir='ltr'>periculo</span> <span class='ocrx_word' id='word_1_102' title='bbox 1837 1006 1923 1088; x_wconf 66' lang='lat' dir='ltr'>proess</span> 
     </span>
     <span class='ocr_line' id='line_1_9' title="bbox 231 1099 1923 1175; baseline -0.001 -18"><span class='ocrx_word' id='word_1_103' title='bbox 231 1103 313 1157; x_wconf 88' lang='lat' dir='ltr'>etiam</span> <span class='ocrx_word' id='word_1_104' title='bbox 339 1109 478 1173; x_wconf 86' lang='lat' dir='ltr'>repugnat</span> <span class='ocrx_word' id='word_1_105' title='bbox 500 1101 646 1158; x_wconf 87' lang='lat' dir='ltr'>Pontificio</span> <span class='ocrx_word' id='word_1_106' title='bbox 665 1103 841 1175; x_wconf 86' lang='lat' dir='ltr'>purgatorio,</span> <span class='ocrx_word' id='word_1_107' title='bbox 870 1101 974 1173; x_wconf 89' lang='lat' dir='ltr'>quippe</span> <span class='ocrx_word' id='word_1_108' title='bbox 991 1099 1064 1172; x_wconf 91' lang='lat' dir='ltr'>quod</span> <span class='ocrx_word' id='word_1_109' title='bbox 1091 1102 1166 1154; x_wconf 84' lang='lat' dir='ltr'>uenti</span> <span class='ocrx_word' id='word_1_110' title='bbox 1192 1109 1217 1154; x_wconf 89' lang='lat' dir='ltr'>et</span> <span class='ocrx_word' id='word_1_111' title='bbox 1246 1102 1276 1155; x_wconf 89' lang='lat' dir='ltr'>in</span> <span class='ocrx_word' id='word_1_112' title='bbox 1303 1103 1376 1156; x_wconf 82' lang='lat' dir='ltr'>esitu</span> <span class='ocrx_word' id='word_1_113' title='bbox 1399 1103 1554 1169; x_wconf 81' lang='lat' dir='ltr'>constituti,</span> <span class='ocrx_word' id='word_1_114' title='bbox 1578 1102 1729 1170; x_wconf 75' lang='lat' dir='ltr'>vigilantia</span> <span class='ocrx_word' id='word_1_115' title='bbox 1756 1111 1849 1156; x_wconf 85' lang='lat' dir='ltr'>oestro</span> <span class='ocrx_word' id='word_1_116' title='bbox 1866 1121 1923 1156; x_wconf 86' lang='lat' dir='ltr'>non</span> 
     </span>
     <span class='ocr_line' id='line_1_10' title="bbox 231 1185 1923 1265; baseline 0 -22"><span class='ocrx_word' id='word_1_117' title='bbox 231 1204 286 1243; x_wconf 90' lang='lat' dir='ltr'>nou</span> <span class='ocrx_word' id='word_1_118' title='bbox 314 1197 357 1244; x_wconf 86' lang='lat' dir='ltr'>est</span> <span class='ocrx_word' id='word_1_119' title='bbox 384 1189 487 1245; x_wconf 87' lang='lat' dir='ltr'>sanctis</span> <span class='ocrx_word' id='word_1_120' title='bbox 516 1196 545 1245; x_wconf 86' lang='lat' dir='ltr'>et</span> <span class='ocrx_word' id='word_1_121' title='bbox 568 1189 667 1260; x_wconf 83' lang='lat' dir='ltr'>justis,</span> <span class='ocrx_word' id='word_1_122' title='bbox 701 1190 751 1246; x_wconf 91' lang='lat' dir='ltr'>sed</span> <span class='ocrx_word' id='word_1_123' title='bbox 782 1189 957 1245; x_wconf 80' lang='lat' dir='ltr'>mediocriter</span> <span class='ocrx_word' id='word_1_124' title='bbox 985 1185 1066 1242; x_wconf 86' lang='lat' dir='ltr'>bonis</span> <span class='ocrx_word' id='word_1_125' title='bbox 1092 1189 1165 1241; x_wconf 86' lang='lat' dir='ltr'>desit</span> <span class='ocrx_word' id='word_1_126' title='bbox 1184 1188 1400 1258; x_wconf 79' lang='lat' dir='ltr'>implorantibus</span> <span class='ocrx_word' id='word_1_127' title='bbox 1418 1188 1542 1265; x_wconf 78' lang='lat' dir='ltr'>diuinam</span> <span class='ocrx_word' id='word_1_128' title='bbox 1560 1189 1698 1258; x_wconf 81' lang='lat' dir='ltr'>pratiam;</span> <span class='ocrx_word' id='word_1_129' title='bbox 1723 1189 1923 1244; x_wconf 78' lang='lat' dir='ltr'>misericordia</span> 
     </span>
     <span class='ocr_line' id='line_1_11' title="bbox 231 1273 1922 1347; baseline 0.001 -18"><span class='ocrx_word' id='word_1_130' title='bbox 231 1275 369 1330; x_wconf 77' lang='lat' dir='ltr'>duntaxat</span> <span class='ocrx_word' id='word_1_131' title='bbox 381 1284 518 1347; x_wconf 86' lang='lat' dir='ltr'>paratum.</span> <span class='ocrx_word' id='word_1_132' title='bbox 543 1276 743 1332; x_wconf 83' lang='lat' dir='ltr'>Percurremus</span> <span class='ocrx_word' id='word_1_133' title='bbox 760 1275 881 1330; x_wconf 87' lang='lat' dir='ltr'>breviter</span> <span class='ocrx_word' id='word_1_134' title='bbox 893 1273 1065 1346; x_wconf 90' lang='lat' dir='ltr'>quorundam</span> <span class='ocrx_word' id='word_1_135' title='bbox 1093 1276 1213 1329; x_wconf 84' lang='lat' dir='ltr'>Domini</span> <span class='ocrx_word' id='word_1_136' title='bbox 1231 1294 1286 1331; x_wconf 89' lang='lat' dir='ltr'>non</span> <span class='ocrx_word' id='word_1_137' title='bbox 1299 1278 1459 1344; x_wconf 70' lang='lat' dir='ltr'>denegetur,</span> <span class='ocrx_word' id='word_1_138' title='bbox 1476 1276 1607 1328; x_wconf 87' lang='lat' dir='ltr'>nimirum</span> <span class='ocrx_word' id='word_1_139' title='bbox 1618 1283 1649 1329; x_wconf 86' lang='lat' dir='ltr'>ut</span> <span class='ocrx_word' id='word_1_140' title='bbox 1662 1277 1744 1346; x_wconf 80' lang='lat' dir='ltr'>juxta</span> <span class='ocrx_word' id='word_1_141' title='bbox 1756 1273 1922 1347; x_wconf 90' lang='lat' dir='ltr'>Dionysium</span> 
     </span>
     <span class='ocr_line' id='line_1_12' title="bbox 230 1360 1923 1433; baseline 0.002 -17"><span class='ocrx_word' id='word_1_142' title='bbox 230 1367 339 1432; x_wconf 88' lang='lat' dir='ltr'>patrum</span> <span class='ocrx_word' id='word_1_143' title='bbox 351 1362 436 1417; x_wconf 82' lang='lat' dir='ltr'>dicta</span> <span class='ocrx_word' id='word_1_144' title='bbox 470 1361 627 1431; x_wconf 78' lang='lat' dir='ltr'>Greyorius</span> <span class='ocrx_word' id='word_1_145' title='bbox 638 1365 792 1432; x_wconf 79' lang='lat' dir='ltr'>Nyssenus,</span> <span class='ocrx_word' id='word_1_146' title='bbox 805 1379 887 1433; x_wconf 90' lang='lat' dir='ltr'>quem</span> <span class='ocrx_word' id='word_1_147' title='bbox 906 1362 994 1432; x_wconf 89' lang='lat' dir='ltr'>primo</span> <span class='ocrx_word' id='word_1_148' title='bbox 1005 1360 1065 1413; x_wconf 91' lang='lat' dir='ltr'>loco</span> <span class='ocrx_word' id='word_1_149' title='bbox 1092 1360 1309 1416; x_wconf 84' lang='lat' dir='ltr'>Alexandrinum</span> <span class='ocrx_word' id='word_1_150' title='bbox 1337 1360 1413 1433; x_wconf 89' lang='lat' dir='ltr'>apud</span> <span class='ocrx_word' id='word_1_151' title='bbox 1436 1361 1587 1417; x_wconf 86' lang='lat' dir='ltr'>Eusebium</span> <span class='ocrx_word' id='word_1_152' title='bbox 1616 1361 1634 1415; x_wconf 93' lang='lat' dir='ltr'>l.</span> <span class='ocrx_word' id='word_1_153' title='bbox 1654 1367 1678 1417; x_wconf 80' lang='grc'>6.</span> <span class='ocrx_word' id='word_1_154' title='bbox 1707 1361 1771 1418; x_wconf 90' lang='lat' dir='ltr'>hist.</span> <span class='ocrx_word' id='word_1_155' title='bbox 1800 1379 1861 1433; x_wconf 89' lang='lat' dir='ltr'>cap.</span> <span class='ocrx_word' id='word_1_156' title='bbox 1882 1368 1923 1419; x_wconf 82' lang='grc'>36.</span> 
     </span>
     <span class='ocr_line' id='line_1_13' title="bbox 230 1446 1924 1520; baseline -0.001 -16"><span class='ocrx_word' id='word_1_157' title='bbox 230 1446 1066 1520; x_wconf 77' lang='lat' dir='ltr'>Bellarminusproducit,inoratprodorm.ipneilloomnio</span> <span class='ocrx_word' id='word_1_158' title='bbox 1092 1465 1242 1516; x_wconf 81' lang='lat' dir='ltr'>cumpace</span> <span class='ocrx_word' id='word_1_159' title='bbox 1271 1449 1383 1501; x_wconf 87' lang='lat' dir='ltr'>dimissi</span> <span class='ocrx_word' id='word_1_160' title='bbox 1411 1456 1437 1501; x_wconf 87' lang='lat' dir='ltr'>et</span> <span class='ocrx_word' id='word_1_161' title='bbox 1465 1456 1580 1518; x_wconf 84' lang='lat' dir='ltr'>peccato</span> <span class='ocrx_word' id='word_1_162' title='bbox 1611 1465 1706 1502; x_wconf 86' lang='lat' dir='ltr'>eorum</span> <span class='ocrx_word' id='word_1_163' title='bbox 1736 1449 1829 1502; x_wconf 85' lang='lat' dir='ltr'>deleto</span> <span class='ocrx_word' id='word_1_164' title='bbox 1852 1451 1924 1504; x_wconf 87' lang='lat' dir='ltr'>bono</span> 
     </span>
     <span class='ocr_line' id='line_1_14' title="bbox 87 1530 1923 1605; baseline -0.001 -13"><span class='ocrx_word' id='word_1_165' title='bbox 87 1536 336 1594; x_wconf 63' lang='lat' dir='ltr'>numerasse</span> <span class='ocrx_word' id='word_1_166' title='bbox 353 1543 485 1589; x_wconf 88' lang='lat' dir='ltr'>etomnes</span> <span class='ocrx_word' id='word_1_167' title='bbox 500 1535 590 1589; x_wconf 87' lang='lat' dir='ltr'>malos</span> <span class='ocrx_word' id='word_1_168' title='bbox 605 1537 729 1605; x_wconf 80' lang='lat' dir='ltr'>perpuri</span> <span class='ocrx_word' id='word_1_169' title='bbox 740 1534 866 1591; x_wconf 89' lang='lat' dir='ltr'>credidit.</span> <span class='ocrx_word' id='word_1_170' title='bbox 891 1533 1026 1588; x_wconf 85' lang='lat' dir='ltr'>Hilarius</span> <span class='ocrx_word' id='word_1_171' title='bbox 1038 1531 1066 1584; x_wconf 91' lang='lat' dir='ltr'>in</span> <span class='ocrx_word' id='word_1_172' title='bbox 1092 1551 1141 1604; x_wconf 83' lang='lat' dir='ltr'>spe</span> <span class='ocrx_word' id='word_1_173' title='bbox 1157 1534 1317 1598; x_wconf 66' lang='lat' dir='ltr'>confirmati</span> <span class='ocrx_word' id='word_1_174' title='bbox 1341 1542 1368 1588; x_wconf 90' lang='grc' dir='ltr'>ιι</span> <span class='ocrx_word' id='word_1_175' title='bbox 1388 1530 1528 1594; x_wconf 70' lang='grc' dir='ltr'>εὐέλπιδες</span> <span class='ocrx_word' id='word_1_176' title='bbox 1556 1551 1590 1588; x_wconf 83' lang='lat' dir='ltr'>ea</span> <span class='ocrx_word' id='word_1_177' title='bbox 1615 1535 1668 1588; x_wconf 83' lang='lat' dir='ltr'>huc</span> <span class='ocrx_word' id='word_1_178' title='bbox 1690 1536 1750 1588; x_wconf 89' lang='lat' dir='ltr'>oito</span> <span class='ocrx_word' id='word_1_179' title='bbox 1768 1535 1923 1591; x_wconf 80' lang='grc' dir='ltr'><strong><em>ιιὶιιιάαιιι.</em></strong></span> 
     </span>
     <span class='ocr_line' id='line_1_15' title="bbox 230 1618 1924 1690; baseline 0.001 -14"><span class='ocrx_word' id='word_1_180' title='bbox 230 1621 277 1676; x_wconf 91' lang='lat' dir='ltr'>Ps.</span> <span class='ocrx_word' id='word_1_181' title='bbox 289 1626 346 1678; x_wconf 77' lang='lat'>118.</span> <span class='ocrx_word' id='word_1_182' title='bbox 355 1627 385 1676; x_wconf 86' lang='lat' dir='ltr'>et</span> <span class='ocrx_word' id='word_1_183' title='bbox 396 1622 562 1676; x_wconf 84' lang='lat' dir='ltr'>Lactantius</span> <span class='ocrx_word' id='word_1_184' title='bbox 571 1620 618 1676; x_wconf 92' lang='lat' dir='ltr'>lib.</span> <span class='ocrx_word' id='word_1_185' title='bbox 630 1628 652 1677; x_wconf 85' lang='lat' dir='ltr'>i.</span> <span class='ocrx_word' id='word_1_186' title='bbox 664 1621 750 1676; x_wconf 86' lang='lat' dir='ltr'>instit.</span> <span class='ocrx_word' id='word_1_187' title='bbox 763 1621 884 1678; x_wconf 81' lang='lat' dir='ltr'>c.21.de</span> <span class='ocrx_word' id='word_1_188' title='bbox 896 1619 946 1675; x_wconf 83' lang='lat' dir='ltr'>tali</span> <span class='ocrx_word' id='word_1_189' title='bbox 954 1619 1019 1690; x_wconf 88' lang='lat' dir='ltr'>igue</span> <span class='ocrx_word' id='word_1_190' title='bbox 1027 1618 1066 1671; x_wconf 93' lang='lat' dir='ltr'>lo·</span> <span class='ocrx_word' id='word_1_191' title='bbox 1097 1618 1251 1688; x_wconf 80' lang='lat' dir='ltr'>Greporius</span> <span class='ocrx_word' id='word_1_192' title='bbox 1269 1621 1464 1674; x_wconf 71' lang='lat' dir='ltr'>Nazianzenus</span> <span class='ocrx_word' id='word_1_193' title='bbox 1481 1625 1550 1677; x_wconf 87' lang='lat' dir='ltr'>orat.</span> <span class='ocrx_word' id='word_1_194' title='bbox 1574 1621 1605 1674; x_wconf 90' lang='lat' dir='ltr'>in</span> <span class='ocrx_word' id='word_1_195' title='bbox 1628 1629 1713 1677; x_wconf 83' lang='lat' dir='ltr'>sanct</span> <span class='ocrx_word' id='word_1_196' title='bbox 1733 1619 1825 1676; x_wconf 82' lang='lat' dir='ltr'>lumin</span> <span class='ocrx_word' id='word_1_197' title='bbox 1844 1638 1924 1690; x_wconf 80' lang='lat' dir='ltr'>quos·</span> 
     </span>
     <span class='ocr_line' id='line_1_16' title="bbox 231 1699 1924 1779; baseline 0.001 -17"><span class='ocrx_word' id='word_1_198' title='bbox 231 1714 362 1779; x_wconf 85' lang='lat' dir='ltr'>quantur,</span> <span class='ocrx_word' id='word_1_199' title='bbox 381 1708 557 1776; x_wconf 79' lang='lat' dir='ltr'>qaemetiom</span> <span class='ocrx_word' id='word_1_200' title='bbox 561 1708 645 1778; x_wconf 86' lang='lat' dir='ltr'>justi,</span> <span class='ocrx_word' id='word_1_201' title='bbox 658 1708 742 1762; x_wconf 88' lang='lat' dir='ltr'>etiam</span> <span class='ocrx_word' id='word_1_202' title='bbox 754 1715 854 1762; x_wconf 85' lang='lat' dir='ltr'>saneta</span> <span class='ocrx_word' id='word_1_203' title='bbox 868 1705 1067 1775; x_wconf 82' lang='lat' dir='ltr'>Deiparosint</span> <span class='ocrx_word' id='word_1_204' title='bbox 1094 1709 1161 1762; x_wconf 89' lang='lat' dir='ltr'>dam</span> <span class='ocrx_word' id='word_1_205' title='bbox 1180 1699 1210 1760; x_wconf 82' lang='lat' dir='ltr'>in</span> <span class='ocrx_word' id='word_1_206' title='bbox 1237 1707 1328 1762; x_wconf 83' lang='lat' dir='ltr'>altero</span> <span class='ocrx_word' id='word_1_207' title='bbox 1346 1708 1439 1761; x_wconf 88' lang='lat' dir='ltr'>secolo</span> <span class='ocrx_word' id='word_1_208' title='bbox 1462 1708 1526 1775; x_wconf 75' lang='lat' dir='ltr'>igne</span> <span class='ocrx_word' id='word_1_209' title='bbox 1545 1707 1730 1776; x_wconf 74' lang='lat' dir='ltr'>baptizandos</span> <span class='ocrx_word' id='word_1_210' title='bbox 1756 1707 1842 1773; x_wconf 90' lang='lat' dir='ltr'>dicit,</span> <span class='ocrx_word' id='word_1_211' title='bbox 1874 1708 1924 1763; x_wconf 90' lang='lat' dir='ltr'>sed</span> 
     </span>
     <span class='ocr_line' id='line_1_17' title="bbox 230 1791 1923 1867; baseline 0.001 -20"><span class='ocrx_word' id='word_1_212' title='bbox 230 1794 350 1847; x_wconf 84' lang='lat' dir='ltr'>sensuri</span> <span class='ocrx_word' id='word_1_213' title='bbox 382 1793 547 1848; x_wconf 80' lang='lat' dir='ltr'>Ambrosius</span> <span class='ocrx_word' id='word_1_214' title='bbox 564 1795 594 1848; x_wconf 92' lang='lat' dir='ltr'>iu</span> <span class='ocrx_word' id='word_1_215' title='bbox 610 1793 657 1849; x_wconf 90' lang='lat' dir='ltr'>Ps.</span> <span class='ocrx_word' id='word_1_216' title='bbox 671 1799 711 1850; x_wconf 87' lang='grc'>36.</span> <span class='ocrx_word' id='word_1_217' title='bbox 724 1809 852 1863; x_wconf 84' lang='lat' dir='ltr'>expresse</span> <span class='ocrx_word' id='word_1_218' title='bbox 865 1792 945 1847; x_wconf 90' lang='lat' dir='ltr'>dicit:</span> <span class='ocrx_word' id='word_1_219' title='bbox 967 1791 1067 1847; x_wconf 83' lang='lat' dir='ltr'>Omnes</span> <span class='ocrx_word' id='word_1_220' title='bbox 1095 1798 1126 1847; x_wconf 93' lang='lat' dir='ltr'>ut</span> <span class='ocrx_word' id='word_1_221' title='bbox 1162 1799 1237 1848; x_wconf 89' lang='lat' dir='ltr'>recte</span> <span class='ocrx_word' id='word_1_222' title='bbox 1271 1800 1364 1847; x_wconf 90' lang='lat' dir='ltr'>monet</span> <span class='ocrx_word' id='word_1_223' title='bbox 1406 1793 1541 1863; x_wconf 89' lang='lat' dir='ltr'>interpres</span> <span class='ocrx_word' id='word_1_224' title='bbox 1590 1793 1714 1859; x_wconf 76' lang='lat' dir='ltr'>Nicetes,</span> <span class='ocrx_word' id='word_1_225' title='bbox 1758 1811 1808 1864; x_wconf 89' lang='lat' dir='ltr'>per</span> <span class='ocrx_word' id='word_1_226' title='bbox 1850 1794 1923 1867; x_wconf 88' lang='lat' dir='ltr'>ignis</span> 
     </span>
     <span class='ocr_line' id='line_1_18' title="bbox 231 1878 1926 1950; baseline 0.002 -17"><span class='ocrx_word' id='word_1_227' title='bbox 231 1880 547 1948; x_wconf 60' lang='lat' dir='ltr'>mneesuminabuntur,</span> <span class='ocrx_word' id='word_1_228' title='bbox 561 1879 902 1950; x_wconf 75' lang='lat' dir='ltr'>iynepuryobunturfilii</span> <span class='ocrx_word' id='word_1_229' title='bbox 914 1879 1067 1947; x_wconf 78' lang='lat' dir='ltr'>Leoi,i9ne</span> <span class='ocrx_word' id='word_1_230' title='bbox 1094 1880 1263 1949; x_wconf 89' lang='lat' dir='ltr'>baptismum</span> <span class='ocrx_word' id='word_1_231' title='bbox 1292 1878 1423 1950; x_wconf 87' lang='lat' dir='ltr'>intelligit</span> <span class='ocrx_word' id='word_1_232' title='bbox 1449 1896 1563 1933; x_wconf 77' lang='lat' dir='ltr'>momen</span> <span class='ocrx_word' id='word_1_233' title='bbox 1591 1897 1789 1949; x_wconf 78' lang='lat' dir='ltr'>censuramque</span> <span class='ocrx_word' id='word_1_234' title='bbox 1809 1883 1926 1936; x_wconf 73' lang='lat' dir='ltr'>extremi</span> 
     </span>
     <span class='ocr_line' id='line_1_19' title="bbox 232 1963 1924 2036; baseline -0.001 -15"><span class='ocrx_word' id='word_1_235' title='bbox 232 1966 369 2036; x_wconf 73' lang='lat' dir='ltr'>Ezechiel,</span> <span class='ocrx_word' id='word_1_236' title='bbox 379 1968 442 2035; x_wconf 80' lang='lat' dir='ltr'>ipae</span> <span class='ocrx_word' id='word_1_237' title='bbox 452 1966 567 2020; x_wconf 88' lang='lat' dir='ltr'>Daniel.</span> <span class='ocrx_word' id='word_1_238' title='bbox 578 1981 658 2020; x_wconf 89' lang='lat' dir='ltr'>serm.</span> <span class='ocrx_word' id='word_1_239' title='bbox 667 1972 708 2023; x_wconf 80' lang='lat'>20.</span> <span class='ocrx_word' id='word_1_240' title='bbox 717 1965 950 2022; x_wconf 86' lang='lat' dir='ltr'>Ps.118:0mnes</span> <span class='ocrx_word' id='word_1_241' title='bbox 959 1972 1066 2033; x_wconf 82' lang='lat' dir='ltr'>oportet</span> <span class='ocrx_word' id='word_1_242' title='bbox 1089 1966 1206 2034; x_wconf 79' lang='lat' dir='ltr'>judicii.</span> <span class='ocrx_word' id='word_1_243' title='bbox 1253 1966 1429 2036; x_wconf 80' lang='lat' dir='ltr'>Augustinus</span> <span class='ocrx_word' id='word_1_244' title='bbox 1454 1965 1482 2019; x_wconf 92' lang='lat' dir='ltr'>in</span> <span class='ocrx_word' id='word_1_245' title='bbox 1507 1963 1586 2021; x_wconf 88' lang='lat' dir='ltr'>ench.</span> <span class='ocrx_word' id='word_1_246' title='bbox 1611 1982 1635 2020; x_wconf 92' lang='lat' dir='ltr'>c.</span> <span class='ocrx_word' id='word_1_247' title='bbox 1654 1971 1711 2022; x_wconf 81' lang='lat'>110.</span> <span class='ocrx_word' id='word_1_248' title='bbox 1738 1968 1822 2019; x_wconf 80' lang='lat' dir='ltr'>etium</span> <span class='ocrx_word' id='word_1_249' title='bbox 1839 1967 1924 2020; x_wconf 87' lang='lat' dir='ltr'>malis</span> 
     </span>
     <span class='ocr_line' id='line_1_20' title="bbox 231 2050 1924 2122; baseline -0.001 -14"><span class='ocrx_word' id='word_1_250' title='bbox 231 2055 355 2109; x_wconf 81' lang='lat' dir='ltr'>transire</span> <span class='ocrx_word' id='word_1_251' title='bbox 367 2054 569 2122; x_wconf 75' lang='lat' dir='ltr'>perflommos,</span> <span class='ocrx_word' id='word_1_252' title='bbox 586 2053 644 2106; x_wconf 86' lang='lat' dir='ltr'>siue</span> <span class='ocrx_word' id='word_1_253' title='bbox 660 2053 711 2106; x_wconf 87' lang='lat' dir='ltr'>ille</span> <span class='ocrx_word' id='word_1_254' title='bbox 723 2052 868 2108; x_wconf 83' lang='lat' dir='ltr'>Johannes</span> <span class='ocrx_word' id='word_1_255' title='bbox 881 2050 1067 2120; x_wconf 73' lang='lat' dir='ltr'>Euangelista</span> <span class='ocrx_word' id='word_1_256' title='bbox 1096 2052 1239 2105; x_wconf 85' lang='lat' dir='ltr'>orationes</span> <span class='ocrx_word' id='word_1_257' title='bbox 1250 2054 1388 2120; x_wconf 81' lang='lat' dir='ltr'>prodesse</span> <span class='ocrx_word' id='word_1_258' title='bbox 1408 2051 1531 2114; x_wconf 88' lang='lat' dir='ltr'>cenauit,</span> <span class='ocrx_word' id='word_1_259' title='bbox 1551 2059 1580 2104; x_wconf 87' lang='lat' dir='ltr'>ut</span> <span class='ocrx_word' id='word_1_260' title='bbox 1598 2051 1775 2106; x_wconf 81' lang='lat' dir='ltr'>tolerabilior</span> <span class='ocrx_word' id='word_1_261' title='bbox 1792 2053 1854 2106; x_wconf 89' lang='lat' dir='ltr'>illis</span> <span class='ocrx_word' id='word_1_262' title='bbox 1867 2053 1924 2120; x_wconf 82' lang='lat' dir='ltr'>siat</span> 
     </span>
     <span class='ocr_line' id='line_1_21' title="bbox 232 2136 1925 2208; baseline -0.002 -12"><span class='ocrx_word' id='word_1_263' title='bbox 232 2141 277 2207; x_wconf 85' lang='lat' dir='ltr'>sit,</span> <span class='ocrx_word' id='word_1_264' title='bbox 295 2142 353 2195; x_wconf 84' lang='lat' dir='ltr'>sine</span> <span class='ocrx_word' id='word_1_265' title='bbox 372 2140 483 2197; x_wconf 87' lang='lat' dir='ltr'>Petrus.</span> <span class='ocrx_word' id='word_1_266' title='bbox 519 2138 559 2191; x_wconf 86' lang='lat' dir='ltr'>At</span> <span class='ocrx_word' id='word_1_267' title='bbox 578 2137 717 2195; x_wconf 89' lang='lat' dir='ltr'>Pontificii</span> <span class='ocrx_word' id='word_1_268' title='bbox 738 2137 853 2207; x_wconf 88' lang='lat' dir='ltr'>docent,</span> <span class='ocrx_word' id='word_1_269' title='bbox 877 2136 1067 2208; x_wconf 88' lang='lat' dir='ltr'>purgatorium</span> <span class='ocrx_word' id='word_1_270' title='bbox 1094 2138 1247 2192; x_wconf 87' lang='lat' dir='ltr'>damnatio.</span> <span class='ocrx_word' id='word_1_271' title='bbox 1286 2137 1365 2191; x_wconf 90' lang='lat' dir='ltr'>ldem</span> <span class='ocrx_word' id='word_1_272' title='bbox 1387 2136 1497 2191; x_wconf 83' lang='lat' dir='ltr'>videtur</span> <span class='ocrx_word' id='word_1_273' title='bbox 1516 2136 1726 2207; x_wconf 88' lang='lat' dir='ltr'>Chrysostomus</span> <span class='ocrx_word' id='word_1_274' title='bbox 1751 2136 1824 2192; x_wconf 91' lang='lat' dir='ltr'>hom.</span> <span class='ocrx_word' id='word_1_275' title='bbox 1843 2143 1867 2194; x_wconf 82' lang='lat'>3.</span> <span class='ocrx_word' id='word_1_276' title='bbox 1888 2138 1925 2193; x_wconf 91' lang='lat' dir='ltr'>ad</span> 
     </span>
     <span class='ocr_line' id='line_1_22' title="bbox 235 2221 1923 2295; baseline 0.001 -16"><span class='ocrx_word' id='word_1_277' title='bbox 235 2241 290 2280; x_wconf 90' lang='lat' dir='ltr'>non</span> <span class='ocrx_word' id='word_1_278' title='bbox 306 2243 366 2282; x_wconf 89' lang='lat' dir='ltr'>esse</span> <span class='ocrx_word' id='word_1_279' title='bbox 380 2225 507 2281; x_wconf 91' lang='lat' dir='ltr'>omnibus</span> <span class='ocrx_word' id='word_1_280' title='bbox 519 2224 705 2281; x_wconf 89' lang='lat' dir='ltr'>metuendum.</span> <span class='ocrx_word' id='word_1_281' title='bbox 740 2224 930 2292; x_wconf 70' lang='lat' dir='ltr'>Hieronymus</span> <span class='ocrx_word' id='word_1_282' title='bbox 942 2224 971 2277; x_wconf 91' lang='lat' dir='ltr'>in</span> <span class='ocrx_word' id='word_1_283' title='bbox 983 2240 1006 2279; x_wconf 92' lang='lat' dir='ltr'>c.</span> <span class='ocrx_word' id='word_1_284' title='bbox 1025 2229 1066 2278; x_wconf 84' lang='grc'>66.</span> <span class='ocrx_word' id='word_1_285' title='bbox 1093 2224 1230 2295; x_wconf 83' lang='lat' dir='ltr'>Philipp.;</span> <span class='ocrx_word' id='word_1_286' title='bbox 1250 2230 1279 2278; x_wconf 92' lang='lat' dir='ltr'>at</span> <span class='ocrx_word' id='word_1_287' title='bbox 1295 2221 1434 2278; x_wconf 87' lang='lat' dir='ltr'>Pontificii</span> <span class='ocrx_word' id='word_1_288' title='bbox 1446 2227 1581 2291; x_wconf 87' lang='lat' dir='ltr'>statuunt,</span> <span class='ocrx_word' id='word_1_289' title='bbox 1600 2239 1655 2277; x_wconf 92' lang='lat' dir='ltr'>non</span> <span class='ocrx_word' id='word_1_290' title='bbox 1669 2223 1815 2293; x_wconf 87' lang='lat' dir='ltr'>damnatis,</span> <span class='ocrx_word' id='word_1_291' title='bbox 1833 2225 1881 2281; x_wconf 88' lang='lat' dir='ltr'>sed</span> <span class='ocrx_word' id='word_1_292' title='bbox 1893 2224 1923 2280; x_wconf 87' lang='lat' dir='ltr'>iu</span> 
     </span>
     <span class='ocr_line' id='line_1_23' title="bbox 237 2308 1923 2383; baseline 0.001 -17"><span class='ocrx_word' id='word_1_293' title='bbox 237 2311 437 2383; x_wconf 75' lang='lat' dir='ltr'>Esailiguum,</span> <span class='ocrx_word' id='word_1_294' title='bbox 456 2312 568 2368; x_wconf 84' lang='lat' dir='ltr'>foenum</span> <span class='ocrx_word' id='word_1_295' title='bbox 582 2310 753 2382; x_wconf 87' lang='lat' dir='ltr'>etstipulam</span> <span class='ocrx_word' id='word_1_296' title='bbox 772 2310 840 2365; x_wconf 89' lang='lat' dir='ltr'>dicit</span> <span class='ocrx_word' id='word_1_297' title='bbox 856 2310 916 2366; x_wconf 87' lang='lat' dir='ltr'>fore</span> <span class='ocrx_word' id='word_1_298' title='bbox 933 2308 1067 2380; x_wconf 88' lang='lat' dir='ltr'>pabulum</span> <span class='ocrx_word' id='word_1_299' title='bbox 1093 2310 1253 2382; x_wconf 85' lang='lat' dir='ltr'>purgatorio</span> <span class='ocrx_word' id='word_1_300' title='bbox 1274 2309 1465 2365; x_wconf 80' lang='lat' dir='ltr'>aestuantibus</span> <span class='ocrx_word' id='word_1_301' title='bbox 1493 2326 1540 2364; x_wconf 88' lang='lat' dir='ltr'>ess</span> <span class='ocrx_word' id='word_1_302' title='bbox 1558 2310 1697 2380; x_wconf 90' lang='lat' dir='ltr'>prodesse.</span> <span class='ocrx_word' id='word_1_303' title='bbox 1733 2308 1923 2367; x_wconf 85' lang='lat' dir='ltr'>Theodoretus</span> 
     </span>
     <span class='ocr_line' id='line_1_24' title="bbox 236 2394 1924 2470; baseline 0.001 -19"><span class='ocrx_word' id='word_1_304' title='bbox 236 2399 309 2470; x_wconf 86' lang='lat' dir='ltr'>iguis</span> <span class='ocrx_word' id='word_1_305' title='bbox 342 2397 517 2469; x_wconf 88' lang='lat' dir='ltr'>sempiterni;</span> <span class='ocrx_word' id='word_1_306' title='bbox 550 2404 579 2451; x_wconf 90' lang='lat' dir='ltr'>st</span> <span class='ocrx_word' id='word_1_307' title='bbox 612 2396 754 2453; x_wconf 86' lang='lat' dir='ltr'>Pontificii</span> <span class='ocrx_word' id='word_1_308' title='bbox 791 2397 904 2464; x_wconf 85' lang='lat' dir='ltr'>docent,</span> <span class='ocrx_word' id='word_1_309' title='bbox 941 2411 975 2451; x_wconf 89' lang='lat' dir='ltr'>ea</span> <span class='ocrx_word' id='word_1_310' title='bbox 1008 2394 1067 2449; x_wconf 88' lang='lat' dir='ltr'>fore</span> <span class='ocrx_word' id='word_1_311' title='bbox 1093 2397 1122 2450; x_wconf 90' lang='lat' dir='ltr'>in</span> <span class='ocrx_word' id='word_1_312' title='bbox 1141 2413 1238 2454; x_wconf 91' lang='lat' dir='ltr'>comm.</span> <span class='ocrx_word' id='word_1_313' title='bbox 1266 2402 1287 2452; x_wconf 90' lang='lat'>1.</span> <span class='ocrx_word' id='word_1_314' title='bbox 1309 2395 1371 2453; x_wconf 86' lang='lat' dir='ltr'>Cor.</span> <span class='ocrx_word' id='word_1_315' title='bbox 1391 2400 1415 2450; x_wconf 83' lang='lat'>3.</span> <span class='ocrx_word' id='word_1_316' title='bbox 1431 2414 1485 2464; x_wconf 83' lang='lat' dir='ltr'>per</span> <span class='ocrx_word' id='word_1_317' title='bbox 1508 2396 1603 2464; x_wconf 80' lang='lat' dir='ltr'>lipsa,</span> <span class='ocrx_word' id='word_1_318' title='bbox 1630 2397 1762 2466; x_wconf 79' lang='lat' dir='ltr'>foenum,</span> <span class='ocrx_word' id='word_1_319' title='bbox 1790 2397 1924 2466; x_wconf 82' lang='lat' dir='ltr'>stipulam</span> 
     </span>
     <span class='ocr_line' id='line_1_25' title="bbox 234 2480 1923 2556; baseline 0 -17"><span class='ocrx_word' id='word_1_320' title='bbox 234 2485 367 2556; x_wconf 88' lang='lat' dir='ltr'>pabulum</span> <span class='ocrx_word' id='word_1_321' title='bbox 391 2485 465 2556; x_wconf 86' lang='lat' dir='ltr'>ignis</span> <span class='ocrx_word' id='word_1_322' title='bbox 495 2484 654 2556; x_wconf 88' lang='lat' dir='ltr'>temporalis</span> <span class='ocrx_word' id='word_1_323' title='bbox 687 2484 717 2538; x_wconf 92' lang='lat' dir='ltr'>in</span> <span class='ocrx_word' id='word_1_324' title='bbox 744 2483 790 2539; x_wconf 93' lang='lat' dir='ltr'>die</span> <span class='ocrx_word' id='word_1_325' title='bbox 818 2483 918 2554; x_wconf 89' lang='lat' dir='ltr'>judicii</span> <span class='ocrx_word' id='word_1_326' title='bbox 944 2481 1066 2537; x_wconf 88' lang='lat' dir='ltr'>finiendi.</span> <span class='ocrx_word' id='word_1_327' title='bbox 1093 2482 1160 2537; x_wconf 91' lang='lat' dir='ltr'>dicit</span> <span class='ocrx_word' id='word_1_328' title='bbox 1177 2499 1211 2537; x_wconf 92' lang='lat' dir='ltr'>ea</span> <span class='ocrx_word' id='word_1_329' title='bbox 1244 2480 1408 2552; x_wconf 77' lang='lat' dir='ltr'>significan,</span> <span class='ocrx_word' id='word_1_330' title='bbox 1440 2497 1512 2550; x_wconf 73' lang='lat' dir='ltr'>orsos</span> <span class='ocrx_word' id='word_1_331' title='bbox 1539 2489 1602 2536; x_wconf 87' lang='lat' dir='ltr'>sunt</span> <span class='ocrx_word' id='word_1_332' title='bbox 1633 2484 1732 2536; x_wconf 85' lang='lat' dir='ltr'>virtuti</span> <span class='ocrx_word' id='word_1_333' title='bbox 1767 2484 1923 2555; x_wconf 85' lang='lat' dir='ltr'>contraria,</span> 
     </span>
     <span class='ocr_line' id='line_1_26' title="bbox 238 2567 1924 2642; baseline 0 -17"><span class='ocrx_word' id='word_1_334' title='bbox 238 2571 379 2641; x_wconf 70' lang='grc' dir='ltr'><strong><em>Ονιριιιιι,</em></strong></span> <span class='ocrx_word' id='word_1_335' title='bbox 398 2588 446 2626; x_wconf 92' lang='lat' dir='ltr'>eos</span> <span class='ocrx_word' id='word_1_336' title='bbox 464 2571 512 2642; x_wconf 92' lang='lat' dir='ltr'>qui</span> <span class='ocrx_word' id='word_1_337' title='bbox 531 2571 603 2624; x_wconf 85' lang='lat' dir='ltr'>hono</span> <span class='ocrx_word' id='word_1_338' title='bbox 620 2572 706 2624; x_wconf 85' lang='lat' dir='ltr'>uitam</span> <span class='ocrx_word' id='word_1_339' title='bbox 727 2571 757 2623; x_wconf 89' lang='lat' dir='ltr'>in</span> <span class='ocrx_word' id='word_1_340' title='bbox 772 2570 895 2639; x_wconf 73' lang='lat' dir='ltr'>flagitiis</span> <span class='ocrx_word' id='word_1_341' title='bbox 913 2577 939 2621; x_wconf 90' lang='grc' dir='ltr'>ιι</span> <span class='ocrx_word' id='word_1_342' title='bbox 954 2569 1067 2634; x_wconf 76' lang='lat' dir='ltr'>facino·</span> <span class='ocrx_word' id='word_1_343' title='bbox 1094 2569 1195 2640; x_wconf 90' lang='lat' dir='ltr'>quibus</span> <span class='ocrx_word' id='word_1_344' title='bbox 1215 2575 1328 2639; x_wconf 88' lang='lat' dir='ltr'>paratus</span> <span class='ocrx_word' id='word_1_345' title='bbox 1347 2574 1390 2622; x_wconf 91' lang='lat' dir='ltr'>est</span> <span class='ocrx_word' id='word_1_346' title='bbox 1408 2567 1482 2638; x_wconf 88' lang='lat' dir='ltr'>ignis</span> <span class='ocrx_word' id='word_1_347' title='bbox 1499 2567 1652 2639; x_wconf 87' lang='lat' dir='ltr'>gehennae,</span> <span class='ocrx_word' id='word_1_348' title='bbox 1669 2568 1744 2639; x_wconf 89' lang='lat' dir='ltr'>quod</span> <span class='ocrx_word' id='word_1_349' title='bbox 1760 2568 1924 2626; x_wconf 79' lang='lat' dir='ltr'>Pontificius</span> 
     </span>
     <span class='ocr_line' id='line_1_27' title="bbox 234 2654 1921 2726; baseline -0.001 -14"><span class='ocrx_word' id='word_1_350' title='bbox 234 2659 311 2712; x_wconf 84' lang='lat' dir='ltr'>ribus</span> <span class='ocrx_word' id='word_1_351' title='bbox 332 2667 359 2712; x_wconf 92' lang='lat' dir='ltr'>et</span> <span class='ocrx_word' id='word_1_352' title='bbox 375 2657 538 2726; x_wconf 68' lang='lat' dir='ltr'>sacrilegiis</span> <span class='ocrx_word' id='word_1_353' title='bbox 562 2665 587 2709; x_wconf 88' lang='lat' dir='ltr'>et</span> <span class='ocrx_word' id='word_1_354' title='bbox 605 2656 809 2725; x_wconf 80' lang='lat' dir='ltr'>impietatibus,</span> <span class='ocrx_word' id='word_1_355' title='bbox 838 2656 964 2725; x_wconf 68' lang='lat' dir='ltr'>momnis</span> <span class='ocrx_word' id='word_1_356' title='bbox 980 2655 1066 2708; x_wconf 83' lang='lat' dir='ltr'>maai·</span> <span class='ocrx_word' id='word_1_357' title='bbox 1094 2655 1269 2726; x_wconf 87' lang='lat' dir='ltr'>explicationi</span> <span class='ocrx_word' id='word_1_358' title='bbox 1309 2654 1388 2709; x_wconf 90' lang='lat' dir='ltr'>istius</span> <span class='ocrx_word' id='word_1_359' title='bbox 1427 2654 1481 2709; x_wconf 94' lang='lat' dir='ltr'>loci</span> <span class='ocrx_word' id='word_1_360' title='bbox 1520 2655 1565 2709; x_wconf 81' lang='lat' dir='ltr'>vel</span> <span class='ocrx_word' id='word_1_361' title='bbox 1600 2655 1717 2711; x_wconf 86' lang='lat' dir='ltr'>maxime</span> <span class='ocrx_word' id='word_1_362' title='bbox 1754 2657 1921 2712; x_wconf 84' lang='lat' dir='ltr'>adversatur.</span> 
     </span>
     <span class='ocr_line' id='line_1_28' title="bbox 235 2739 1922 2814; baseline 0 -16"><span class='ocrx_word' id='word_1_363' title='bbox 235 2747 287 2799; x_wconf 89' lang='lat' dir='ltr'>mis</span> <span class='ocrx_word' id='word_1_364' title='bbox 317 2746 463 2812; x_wconf 74' lang='lat' dir='ltr'>finierunt,</span> <span class='ocrx_word' id='word_1_365' title='bbox 488 2752 629 2814; x_wconf 73' lang='lat' dir='ltr'>purgatos</span> <span class='ocrx_word' id='word_1_366' title='bbox 661 2760 696 2796; x_wconf 91' lang='lat' dir='ltr'>ao</span> <span class='ocrx_word' id='word_1_367' title='bbox 727 2743 860 2796; x_wconf 87' lang='lat' dir='ltr'>liberatos</span> <span class='ocrx_word' id='word_1_368' title='bbox 890 2759 977 2809; x_wconf 78' lang='lat' dir='ltr'>repno</span> <span class='ocrx_word' id='word_1_369' title='bbox 1009 2743 1068 2795; x_wconf 88' lang='lat' dir='ltr'>Dei</span> <span class='ocrx_word' id='word_1_370' title='bbox 1092 2741 1319 2813; x_wconf 85' lang='lat' dir='ltr'>Theophyluctus</span> <span class='ocrx_word' id='word_1_371' title='bbox 1349 2741 1378 2794; x_wconf 93' lang='lat' dir='ltr'>in</span> <span class='ocrx_word' id='word_1_372' title='bbox 1408 2757 1432 2797; x_wconf 89' lang='lat' dir='ltr'>c.</span> <span class='ocrx_word' id='word_1_373' title='bbox 1453 2746 1492 2796; x_wconf 83' lang='lat'>12.</span> <span class='ocrx_word' id='word_1_374' title='bbox 1517 2739 1587 2795; x_wconf 89' lang='lat' dir='ltr'>Luc.</span> <span class='ocrx_word' id='word_1_375' title='bbox 1611 2743 1764 2797; x_wconf 87' lang='lat' dir='ltr'>oblationes</span> <span class='ocrx_word' id='word_1_376' title='bbox 1791 2761 1849 2813; x_wconf 84' lang='lat' dir='ltr'>pro</span> <span class='ocrx_word' id='word_1_377' title='bbox 1875 2746 1922 2798; x_wconf 84' lang='lat' dir='ltr'>de·</span> 
     </span>
     <span class='ocr_line' id='line_1_29' title="bbox 235 2827 1922 2902; baseline -0.001 -16"><span class='ocrx_word' id='word_1_378' title='bbox 235 2832 344 2901; x_wconf 74' lang='lat' dir='ltr'>tmiqae</span> <span class='ocrx_word' id='word_1_379' title='bbox 369 2830 481 2884; x_wconf 85' lang='lat' dir='ltr'>restitui</span> <span class='ocrx_word' id='word_1_380' title='bbox 506 2830 606 2884; x_wconf 85' lang='lat' dir='ltr'>debere</span> <span class='ocrx_word' id='word_1_381' title='bbox 625 2828 719 2883; x_wconf 89' lang='lat' dir='ltr'>docuit</span> <span class='ocrx_word' id='word_1_382' title='bbox 744 2835 816 2884; x_wconf 87' lang='lat' dir='ltr'>teste</span> <span class='ocrx_word' id='word_1_383' title='bbox 841 2827 1000 2898; x_wconf 79' lang='lat' dir='ltr'>Augustino</span> <span class='ocrx_word' id='word_1_384' title='bbox 1029 2827 1065 2882; x_wconf 90' lang='lat' dir='ltr'>de</span> <span class='ocrx_word' id='word_1_385' title='bbox 1093 2829 1199 2892; x_wconf 73' lang='lat' dir='ltr'>functis</span> <span class='ocrx_word' id='word_1_386' title='bbox 1218 2830 1302 2882; x_wconf 87' lang='lat' dir='ltr'>etiam</span> <span class='ocrx_word' id='word_1_387' title='bbox 1319 2827 1380 2881; x_wconf 87' lang='lat' dir='ltr'>iilis</span> <span class='ocrx_word' id='word_1_388' title='bbox 1397 2829 1554 2881; x_wconf 87' lang='lat' dir='ltr'>conducere</span> <span class='ocrx_word' id='word_1_389' title='bbox 1577 2829 1689 2896; x_wconf 89' lang='lat' dir='ltr'>asserit,</span> <span class='ocrx_word' id='word_1_390' title='bbox 1713 2831 1812 2897; x_wconf 75' lang='lat' dir='ltr'>quiin</span> <span class='ocrx_word' id='word_1_391' title='bbox 1830 2832 1922 2902; x_wconf 74' lang='lat' dir='ltr'>pram·</span> 
     </span>
     <span class='ocr_line' id='line_1_30' title="bbox 237 2912 1923 2987; baseline -0.001 -14"><span class='ocrx_word' id='word_1_392' title='bbox 237 2919 343 2974; x_wconf 86' lang='lat' dir='ltr'>haeres.</span> <span class='ocrx_word' id='word_1_393' title='bbox 373 2934 398 2975; x_wconf 95' lang='lat' dir='ltr'>c.</span> <span class='ocrx_word' id='word_1_394' title='bbox 418 2923 459 2973; x_wconf 81' lang='grc'>43.</span> <span class='ocrx_word' id='word_1_395' title='bbox 487 2922 517 2971; x_wconf 89' lang='lat' dir='ltr'>at</span> <span class='ocrx_word' id='word_1_396' title='bbox 546 2915 599 2970; x_wconf 94' lang='lat' dir='ltr'>hoc</span> <span class='ocrx_word' id='word_1_397' title='bbox 623 2914 815 2987; x_wconf 85' lang='lat' dir='ltr'>purgatorium</span> <span class='ocrx_word' id='word_1_398' title='bbox 832 2913 987 2969; x_wconf 86' lang='lat' dir='ltr'>Pontificiis</span> <span class='ocrx_word' id='word_1_399' title='bbox 1012 2930 1066 2969; x_wconf 90' lang='lat' dir='ltr'>non</span> <span class='ocrx_word' id='word_1_400' title='bbox 1094 2916 1143 2968; x_wconf 85' lang='lat' dir='ltr'>bus</span> <span class='ocrx_word' id='word_1_401' title='bbox 1168 2915 1282 2968; x_wconf 85' lang='lat' dir='ltr'>delictis</span> <span class='ocrx_word' id='word_1_402' title='bbox 1310 2913 1415 2966; x_wconf 88' lang='lat' dir='ltr'>mortui</span> <span class='ocrx_word' id='word_1_403' title='bbox 1440 2921 1519 2982; x_wconf 87' lang='lat' dir='ltr'>sunt,·</span> <span class='ocrx_word' id='word_1_404' title='bbox 1552 2914 1601 2969; x_wconf 92' lang='lat' dir='ltr'>sed</span> <span class='ocrx_word' id='word_1_405' title='bbox 1623 2912 1761 2970; x_wconf 86' lang='lat' dir='ltr'>Pontificii</span> <span class='ocrx_word' id='word_1_406' title='bbox 1789 2923 1923 2984; x_wconf 87' lang='lat' dir='ltr'>statuunt,</span> 
     </span>
    </p>
   </div>
   <div class='ocr_carea' id='block_1_3' title="bbox 238 2980 1924 3161">
    <p class='ocr_par' dir='ltr' id='par_1_3' title="bbox 238 2980 1924 3161">
     <span class='ocr_line' id='line_1_31' title="bbox 238 2980 1923 3076; baseline -0.002 -15"><span class='ocrx_word' id='word_1_407' title='bbox 238 3006 376 3076; x_wconf 83' lang='lat' dir='ltr'>probetur.</span> <span class='ocrx_word' id='word_1_408' title='bbox 397 3004 471 3061; x_wconf 89' lang='lat' dir='ltr'>hom.</span> <span class='ocrx_word' id='word_1_409' title='bbox 489 3009 514 3061; x_wconf 85' lang='grc'>6.</span> <span class='ocrx_word' id='word_1_410' title='bbox 535 3003 564 3057; x_wconf 91' lang='lat' dir='ltr'>in</span> <span class='ocrx_word' id='word_1_411' title='bbox 577 3001 667 3057; x_wconf 85' lang='lat' dir='ltr'>Exod.</span> <span class='ocrx_word' id='word_1_412' title='bbox 685 3002 849 3058; x_wconf 82' lang='lat' dir='ltr'>ueniendum</span> <span class='ocrx_word' id='word_1_413' title='bbox 866 3019 924 3055; x_wconf 84' lang='lat' dir='ltr'>esse</span> <span class='ocrx_word' id='word_1_414' title='bbox 943 3001 1067 3055; x_wconf 86' lang='lat' dir='ltr'>omnibus</span> <span class='ocrx_word' id='word_1_415' title='bbox 1093 3001 1147 3056; x_wconf 89' lang='lat' dir='ltr'>illis</span> <span class='ocrx_word' id='word_1_416' title='bbox 1166 2980 1302 3055; x_wconf 79' lang='lat' dir='ltr'>duirtaxat</span> <span class='ocrx_word' id='word_1_417' title='bbox 1327 2999 1482 3054; x_wconf 88' lang='lat' dir='ltr'>oblationes</span> <span class='ocrx_word' id='word_1_418' title='bbox 1507 3001 1675 3068; x_wconf 87' lang='lat' dir='ltr'>conducere,</span> <span class='ocrx_word' id='word_1_419' title='bbox 1702 3001 1794 3072; x_wconf 91' lang='lat' dir='ltr'>quiin</span> <span class='ocrx_word' id='word_1_420' title='bbox 1814 3002 1923 3058; x_wconf 83' lang='lat' dir='ltr'>levibus</span> 
     </span>
     <span class='ocr_line' id='line_1_32' title="bbox 238 3085 1924 3161; baseline 0 -16"><span class='ocrx_word' id='word_1_421' title='bbox 238 3095 278 3146; x_wconf 86' lang='lat' dir='ltr'>ad</span> <span class='ocrx_word' id='word_1_422' title='bbox 295 3092 387 3161; x_wconf 80' lang='lat' dir='ltr'>iynem</span> <span class='ocrx_word' id='word_1_423' title='bbox 404 3100 430 3145; x_wconf 90' lang='lat' dir='ltr'>et</span> <span class='ocrx_word' id='word_1_424' title='bbox 447 3093 488 3146; x_wconf 87' lang='lat' dir='ltr'>od</span> <span class='ocrx_word' id='word_1_425' title='bbox 511 3088 709 3159; x_wconf 86' lang='lat' dir='ltr'>conflatorium</span> <span class='ocrx_word' id='word_1_426' title='bbox 727 3087 840 3158; x_wconf 72' lang='lat' dir='ltr'>asserit,</span> <span class='ocrx_word' id='word_1_427' title='bbox 868 3089 918 3143; x_wconf 92' lang='lat' dir='ltr'>sed</span> <span class='ocrx_word' id='word_1_428' title='bbox 943 3104 995 3143; x_wconf 92' lang='lat' dir='ltr'>nec</span> <span class='ocrx_word' id='word_1_429' title='bbox 1015 3085 1067 3141; x_wconf 90' lang='lat' dir='ltr'>hoc</span> <span class='ocrx_word' id='word_1_430' title='bbox 1094 3104 1127 3143; x_wconf 91' lang='lat' dir='ltr'>ac</span> <span class='ocrx_word' id='word_1_431' title='bbox 1153 3085 1308 3142; x_wconf 88' lang='lat' dir='ltr'>venialibus</span> <span class='ocrx_word' id='word_1_432' title='bbox 1335 3085 1445 3141; x_wconf 89' lang='lat' dir='ltr'>delictis</span> <span class='ocrx_word' id='word_1_433' title='bbox 1477 3088 1638 3145; x_wconf 88' lang='lat' dir='ltr'>moriuntur.</span> <span class='ocrx_word' id='word_1_434' title='bbox 1680 3087 1870 3147; x_wconf 88' lang='lat' dir='ltr'>Damasceuus</span> <span class='ocrx_word' id='word_1_435' title='bbox 1894 3091 1924 3145; x_wconf 90' lang='lat' dir='ltr'>in</span> 
     </span>
    </p>
   </div>
   <div class='ocr_carea' id='block_1_4' title="bbox 236 3173 2035 5656">
    <p class='ocr_par' dir='ltr' id='par_1_4' title="bbox 236 3173 2035 5656">
     <span class='ocr_line' id='line_1_33' title="bbox 238 3173 1923 3248; baseline 0 -16"><span class='ocrx_word' id='word_1_436' title='bbox 238 3177 390 3234; x_wconf 84' lang='lat' dir='ltr'>Pontificiis</span> <span class='ocrx_word' id='word_1_437' title='bbox 415 3178 516 3248; x_wconf 86' lang='lat' dir='ltr'>placet</span> <span class='ocrx_word' id='word_1_438' title='bbox 567 3175 698 3232; x_wconf 83' lang='lat' dir='ltr'>Ceterum</span> <span class='ocrx_word' id='word_1_439' title='bbox 734 3183 766 3230; x_wconf 93' lang='lat' dir='ltr'>ut</span> <span class='ocrx_word' id='word_1_440' title='bbox 800 3174 978 3247; x_wconf 88' lang='lat' dir='ltr'>purgatorius</span> <span class='ocrx_word' id='word_1_441' title='bbox 1022 3174 1067 3229; x_wconf 89' lang='lat' dir='ltr'>ille</span> <span class='ocrx_word' id='word_1_442' title='bbox 1093 3182 1161 3229; x_wconf 85' lang='lat' dir='ltr'>orat.</span> <span class='ocrx_word' id='word_1_443' title='bbox 1195 3174 1231 3229; x_wconf 89' lang='lat' dir='ltr'>ds</span> <span class='ocrx_word' id='word_1_444' title='bbox 1260 3174 1347 3230; x_wconf 91' lang='lat' dir='ltr'>dorm.</span> <span class='ocrx_word' id='word_1_445' title='bbox 1371 3173 1456 3226; x_wconf 88' lang='lat' dir='ltr'>etiam</span> <span class='ocrx_word' id='word_1_446' title='bbox 1487 3190 1520 3228; x_wconf 85' lang='lat' dir='ltr'>es</span> <span class='ocrx_word' id='word_1_447' title='bbox 1548 3175 1663 3238; x_wconf 76' lang='lat' dir='ltr'>inferno</span> <span class='ocrx_word' id='word_1_448' title='bbox 1689 3177 1838 3232; x_wconf 80' lang='grc' dir='ltr'><strong><em>ιιαιιιιιαιοι</em></strong></span> <span class='ocrx_word' id='word_1_449' title='bbox 1867 3196 1923 3248; x_wconf 81' lang='lat' dir='ltr'>per</span> 
     </span>
     <span class='ocr_line' id='line_1_34' title="bbox 238 3260 1923 3338; baseline -0.001 -20"><span class='ocrx_word' id='word_1_450' title='bbox 238 3264 317 3338; x_wconf 90' lang='lat' dir='ltr'>ignis,</span> <span class='ocrx_word' id='word_1_451' title='bbox 339 3281 421 3335; x_wconf 90' lang='lat' dir='ltr'>quem</span> <span class='ocrx_word' id='word_1_452' title='bbox 435 3261 580 3334; x_wconf 85' lang='lat' dir='ltr'>Origenes,</span> <span class='ocrx_word' id='word_1_453' title='bbox 599 3261 731 3330; x_wconf 82' lang='lat' dir='ltr'>Hilarius,</span> <span class='ocrx_word' id='word_1_454' title='bbox 750 3261 914 3316; x_wconf 87' lang='lat' dir='ltr'>Lactantius</span> <span class='ocrx_word' id='word_1_455' title='bbox 931 3268 959 3316; x_wconf 89' lang='lat' dir='ltr'>st</span> <span class='ocrx_word' id='word_1_456' title='bbox 974 3260 1022 3315; x_wconf 90' lang='lat' dir='ltr'>alii</span> <span class='ocrx_word' id='word_1_457' title='bbox 1035 3276 1067 3314; x_wconf 86' lang='lat' dir='ltr'>ex</span> <span class='ocrx_word' id='word_1_458' title='bbox 1094 3261 1271 3331; x_wconf 75' lang='lat' dir='ltr'>quorundam</span> <span class='ocrx_word' id='word_1_459' title='bbox 1295 3276 1393 3329; x_wconf 84' lang='lat' dir='ltr'>preces</span> <span class='ocrx_word' id='word_1_460' title='bbox 1422 3260 1556 3314; x_wconf 87' lang='lat' dir='ltr'>liberatos</span> <span class='ocrx_word' id='word_1_461' title='bbox 1586 3260 1677 3324; x_wconf 75' lang='lat' dir='ltr'>fuiem</span> <span class='ocrx_word' id='word_1_462' title='bbox 1715 3268 1859 3331; x_wconf 89' lang='lat' dir='ltr'>memorat,</span> <span class='ocrx_word' id='word_1_463' title='bbox 1894 3263 1923 3318; x_wconf 93' lang='lat' dir='ltr'>id</span> 
     </span>
     <span class='ocr_line' id='line_1_35' title="bbox 240 3343 2035 3422; baseline -0.003 -16"><span class='ocrx_word' id='word_1_464' title='bbox 240 3351 379 3406; x_wconf 88' lang='lat' dir='ltr'>veteribus</span> <span class='ocrx_word' id='word_1_465' title='bbox 397 3355 532 3417; x_wconf 89' lang='lat' dir='ltr'>statuunt,</span> <span class='ocrx_word' id='word_1_466' title='bbox 552 3365 570 3403; x_wconf 91' lang='lat' dir='ltr'>a</span> <span class='ocrx_word' id='word_1_467' title='bbox 587 3347 733 3404; x_wconf 88' lang='lat' dir='ltr'>Pontificio</span> <span class='ocrx_word' id='word_1_468' title='bbox 745 3348 907 3419; x_wconf 88' lang='lat' dir='ltr'>purgatorio</span> <span class='ocrx_word' id='word_1_469' title='bbox 920 3347 1067 3418; x_wconf 88' lang='lat' dir='ltr'>plurimum</span> <span class='ocrx_word' id='word_1_470' title='bbox 1095 3347 1169 3418; x_wconf 89' lang='lat' dir='ltr'>quod</span> <span class='ocrx_word' id='word_1_471' title='bbox 1191 3344 1339 3417; x_wconf 84' lang='lat' dir='ltr'>hypothesi</span> <span class='ocrx_word' id='word_1_472' title='bbox 1368 3343 1578 3400; x_wconf 81' lang='lat' dir='ltr'>Pontificiorum</span> <span class='ocrx_word' id='word_1_473' title='bbox 1601 3355 1747 3418; x_wconf 87' lang='lat' dir='ltr'>repugnat</span> <span class='ocrx_word' id='word_1_474' title='bbox 1794 3347 1924 3422; x_wconf 91' lang='lat' dir='ltr'>Plerique</span> <span class='ocrx_word' id='word_1_475' title='bbox 1936 3365 2002 3410; x_wconf 79' lang='lat' dir='ltr'>xvia</span> <span class='ocrx_word' id='word_1_476' title='bbox 2019 3382 2035 3401; x_wconf 71' lang='grc'>..</span> 
     </span>
     <span class='ocr_line' id='line_1_36' title="bbox 241 3430 1923 3508; baseline -0.001 -16"><span class='ocrx_word' id='word_1_477' title='bbox 241 3437 395 3508; x_wconf 77' lang='lat' dir='ltr'>discrepat3</span> <span class='ocrx_word' id='word_1_478' title='bbox 414 3436 454 3490; x_wconf 88' lang='lat' dir='ltr'>ita</span> <span class='ocrx_word' id='word_1_479' title='bbox 470 3451 580 3507; x_wconf 88' lang='lat' dir='ltr'>quoque</span> <span class='ocrx_word' id='word_1_480' title='bbox 597 3435 654 3488; x_wconf 87' lang='lat' dir='ltr'>alia</span> <span class='ocrx_word' id='word_1_481' title='bbox 672 3451 705 3490; x_wconf 89' lang='lat' dir='ltr'>ex</span> <span class='ocrx_word' id='word_1_482' title='bbox 717 3435 857 3489; x_wconf 88' lang='lat' dir='ltr'>veteribus</span> <span class='ocrx_word' id='word_1_483' title='bbox 870 3451 921 3505; x_wconf 90' lang='lat' dir='ltr'>pro</span> <span class='ocrx_word' id='word_1_484' title='bbox 938 3452 989 3488; x_wconf 91' lang='lat' dir='ltr'>sua</span> <span class='ocrx_word' id='word_1_485' title='bbox 1008 3451 1068 3490; x_wconf 92' lang='lat' dir='ltr'>sen·</span> <span class='ocrx_word' id='word_1_486' title='bbox 1095 3450 1162 3504; x_wconf 89' lang='lat' dir='ltr'>ergo</span> <span class='ocrx_word' id='word_1_487' title='bbox 1193 3440 1279 3488; x_wconf 87' lang='lat' dir='ltr'>testes</span> <span class='ocrx_word' id='word_1_488' title='bbox 1312 3430 1396 3502; x_wconf 88' lang='lat' dir='ltr'>paulo</span> <span class='ocrx_word' id='word_1_489' title='bbox 1427 3432 1609 3503; x_wconf 87' lang='lat' dir='ltr'>antiquiores,</span> <span class='ocrx_word' id='word_1_490' title='bbox 1642 3450 1711 3503; x_wconf 93' lang='lat' dir='ltr'>quos</span> <span class='ocrx_word' id='word_1_491' title='bbox 1741 3433 1923 3491; x_wconf 88' lang='lat' dir='ltr'>Bellarminus</span> 
     </span>
     <span class='ocr_line' id='line_1_37' title="bbox 241 3518 1923 3592; baseline -0.001 -13"><span class='ocrx_word' id='word_1_492' title='bbox 241 3525 327 3579; x_wconf 87' lang='lat' dir='ltr'>tentia</span> <span class='ocrx_word' id='word_1_493' title='bbox 345 3523 495 3591; x_wconf 82' lang='lat' dir='ltr'>adducunt,</span> <span class='ocrx_word' id='word_1_494' title='bbox 514 3537 585 3592; x_wconf 88' lang='lat' dir='ltr'>quae</span> <span class='ocrx_word' id='word_1_495' title='bbox 604 3520 674 3574; x_wconf 92' lang='lat' dir='ltr'>nihil</span> <span class='ocrx_word' id='word_1_496' title='bbox 691 3519 781 3573; x_wconf 90' lang='lat' dir='ltr'>minus</span> <span class='ocrx_word' id='word_1_497' title='bbox 794 3536 877 3591; x_wconf 88' lang='lat' dir='ltr'>quam</span> <span class='ocrx_word' id='word_1_498' title='bbox 893 3518 1068 3575; x_wconf 90' lang='lat' dir='ltr'>Pontificium</span> <span class='ocrx_word' id='word_1_499' title='bbox 1095 3536 1194 3574; x_wconf 89' lang='lat' dir='ltr'>causae</span> <span class='ocrx_word' id='word_1_500' title='bbox 1224 3535 1291 3573; x_wconf 91' lang='lat' dir='ltr'>suae</span> <span class='ocrx_word' id='word_1_501' title='bbox 1319 3526 1449 3588; x_wconf 88' lang='lat' dir='ltr'>patronos</span> <span class='ocrx_word' id='word_1_502' title='bbox 1476 3518 1616 3587; x_wconf 89' lang='lat' dir='ltr'>adsciscit,</span> <span class='ocrx_word' id='word_1_503' title='bbox 1648 3535 1824 3592; x_wconf 87' lang='lat' dir='ltr'>nequaquam</span> <span class='ocrx_word' id='word_1_504' title='bbox 1854 3522 1923 3577; x_wconf 92' lang='lat' dir='ltr'>illud</span> 
     </span>
     <span class='ocr_line' id='line_1_38' title="bbox 240 3604 1924 3682; baseline -0.001 -17"><span class='ocrx_word' id='word_1_505' title='bbox 240 3610 430 3682; x_wconf 88' lang='lat' dir='ltr'>purgatorium</span> <span class='ocrx_word' id='word_1_506' title='bbox 453 3607 625 3664; x_wconf 88' lang='lat' dir='ltr'>confirmant.</span> <span class='ocrx_word' id='word_1_507' title='bbox 672 3606 793 3661; x_wconf 87' lang='lat' dir='ltr'>Tantum</span> <span class='ocrx_word' id='word_1_508' title='bbox 816 3623 871 3661; x_wconf 90' lang='lat' dir='ltr'>non</span> <span class='ocrx_word' id='word_1_509' title='bbox 899 3607 1070 3678; x_wconf 85' lang='lat' dir='ltr'>triumphant</span> <span class='ocrx_word' id='word_1_510' title='bbox 1094 3607 1217 3662; x_wconf 90' lang='lat' dir='ltr'>sentiunt</span> <span class='ocrx_word' id='word_1_511' title='bbox 1242 3620 1276 3658; x_wconf 90' lang='lat' dir='ltr'>ac</span> <span class='ocrx_word' id='word_1_512' title='bbox 1300 3604 1455 3675; x_wconf 88' lang='lat' dir='ltr'>deponunt,</span> <span class='ocrx_word' id='word_1_513' title='bbox 1483 3604 1557 3675; x_wconf 90' lang='lat' dir='ltr'>quod</span> <span class='ocrx_word' id='word_1_514' title='bbox 1584 3621 1630 3659; x_wconf 89' lang='lat' dir='ltr'>eos</span> <span class='ocrx_word' id='word_1_515' title='bbox 1658 3606 1761 3661; x_wconf 90' lang='lat' dir='ltr'>sentire</span> <span class='ocrx_word' id='word_1_516' title='bbox 1788 3609 1924 3679; x_wconf 88' lang='lat' dir='ltr'>opinatur,</span> 
     </span>
     <span class='ocr_line' id='line_1_39' title="bbox 240 3689 1980 3766; baseline 0.001 -17"><span class='ocrx_word' id='word_1_517' title='bbox 240 3698 268 3750; x_wconf 90' lang='lat' dir='ltr'>in</span> <span class='ocrx_word' id='word_1_518' title='bbox 288 3697 335 3750; x_wconf 90' lang='lat' dir='ltr'>illo</span> <span class='ocrx_word' id='word_1_519' title='bbox 355 3694 489 3766; x_wconf 87' lang='lat' dir='ltr'>Cypriani</span> <span class='ocrx_word' id='word_1_520' title='bbox 506 3710 548 3764; x_wconf 90' lang='lat' dir='ltr'>sp.</span> <span class='ocrx_word' id='word_1_521' title='bbox 568 3699 614 3749; x_wconf 75' lang='grc' dir='ltr'>ιιι</span> <span class='ocrx_word' id='word_1_522' title='bbox 640 3693 733 3746; x_wconf 84' lang='lat' dir='ltr'>Aliud</span> <span class='ocrx_word' id='word_1_523' title='bbox 748 3701 787 3746; x_wconf 89' lang='lat' dir='ltr'>est</span> <span class='ocrx_word' id='word_1_524' title='bbox 806 3695 847 3746; x_wconf 86' lang='lat' dir='ltr'>od</span> <span class='ocrx_word' id='word_1_525' title='bbox 863 3695 971 3748; x_wconf 87' lang='lat' dir='ltr'>ueniam</span> <span class='ocrx_word' id='word_1_526' title='bbox 987 3703 1069 3761; x_wconf 84' lang='lat' dir='ltr'>stare,</span> <span class='ocrx_word' id='word_1_527' title='bbox 1095 3692 1143 3747; x_wconf 91' lang='lat' dir='ltr'>sed</span> <span class='ocrx_word' id='word_1_528' title='bbox 1163 3693 1197 3746; x_wconf 89' lang='lat' dir='ltr'>de</span> <span class='ocrx_word' id='word_1_529' title='bbox 1215 3691 1280 3762; x_wconf 90' lang='lat' dir='ltr'>igne</span> <span class='ocrx_word' id='word_1_530' title='bbox 1296 3690 1457 3761; x_wconf 86' lang='lat' dir='ltr'>purgatorio</span> <span class='ocrx_word' id='word_1_531' title='bbox 1477 3689 1628 3760; x_wconf 83' lang='lat' dir='ltr'>diversam,</span> <span class='ocrx_word' id='word_1_532' title='bbox 1656 3694 1823 3764; x_wconf 88' lang='lat' dir='ltr'>quandoque</span> <span class='ocrx_word' id='word_1_533' title='bbox 1841 3695 1923 3750; x_wconf 88' lang='lat' dir='ltr'>etiam</span> <span class='ocrx_word' id='word_1_534' title='bbox 1973 3695 1980 3705; x_wconf 90' lang='lat'>&#39;</span> 
     </span>
     <span class='ocr_line' id='line_1_40' title="bbox 241 3774 1923 3850; baseline 0 -14"><span class='ocrx_word' id='word_1_535' title='bbox 241 3785 324 3838; x_wconf 86' lang='lat' dir='ltr'>aliud</span> <span class='ocrx_word' id='word_1_536' title='bbox 341 3784 382 3836; x_wconf 88' lang='lat' dir='ltr'>od</span> <span class='ocrx_word' id='word_1_537' title='bbox 399 3783 522 3850; x_wconf 73' lang='lat' dir='ltr'>gloriam</span> <span class='ocrx_word' id='word_1_538' title='bbox 536 3774 699 3850; x_wconf 84' lang='lat' dir='ltr'>peruenire,</span> <span class='ocrx_word' id='word_1_539' title='bbox 724 3780 807 3833; x_wconf 87' lang='lat' dir='ltr'>aliud</span> <span class='ocrx_word' id='word_1_540' title='bbox 824 3780 938 3834; x_wconf 90' lang='lat' dir='ltr'>missum</span> <span class='ocrx_word' id='word_1_541' title='bbox 957 3781 987 3834; x_wconf 86' lang='lat' dir='ltr'>in</span> <span class='ocrx_word' id='word_1_542' title='bbox 1006 3799 1069 3835; x_wconf 88' lang='lat' dir='ltr'>cor·</span> <span class='ocrx_word' id='word_1_543' title='bbox 1095 3779 1239 3833; x_wconf 87' lang='lat' dir='ltr'>adversam</span> <span class='ocrx_word' id='word_1_544' title='bbox 1268 3774 1509 3831; x_wconf 84' lang='lat' dir='ltr'>aPontificiorum</span> <span class='ocrx_word' id='word_1_545' title='bbox 1534 3776 1734 3847; x_wconf 88' lang='lat' dir='ltr'>hypothesibus</span> <span class='ocrx_word' id='word_1_546' title='bbox 1759 3781 1923 3836; x_wconf 87' lang='lat' dir='ltr'>seutentiam</span> 
     </span>
     <span class='ocr_line' id='line_1_41' title="bbox 242 3863 1923 3935; baseline -0.002 -10"><span class='ocrx_word' id='word_1_547' title='bbox 242 3887 330 3925; x_wconf 87' lang='lat' dir='ltr'>cerem</span> <span class='ocrx_word' id='word_1_548' title='bbox 348 3887 405 3921; x_wconf 87' lang='lat' dir='ltr'>non</span> <span class='ocrx_word' id='word_1_549' title='bbox 434 3868 510 3921; x_wconf 80' lang='lat' dir='ltr'>scire</span> <span class='ocrx_word' id='word_1_550' title='bbox 537 3868 620 3934; x_wconf 87' lang='lat' dir='ltr'>inde,</span> <span class='ocrx_word' id='word_1_551' title='bbox 654 3868 741 3920; x_wconf 86' lang='lat' dir='ltr'>donec</span> <span class='ocrx_word' id='word_1_552' title='bbox 770 3866 862 3920; x_wconf 86' lang='lat' dir='ltr'>solvat</span> <span class='ocrx_word' id='word_1_553' title='bbox 891 3868 1068 3921; x_wconf 88' lang='lat' dir='ltr'>novissimum</span> <span class='ocrx_word' id='word_1_554' title='bbox 1095 3864 1246 3935; x_wconf 83' lang='lat' dir='ltr'>proferunt.</span> <span class='ocrx_word' id='word_1_555' title='bbox 1284 3863 1517 3934; x_wconf 81' lang='lat' dir='ltr'>i.Augustinum,</span> <span class='ocrx_word' id='word_1_556' title='bbox 1536 3863 1583 3934; x_wconf 92' lang='lat' dir='ltr'>qui</span> <span class='ocrx_word' id='word_1_557' title='bbox 1601 3864 1706 3934; x_wconf 89' lang='lat' dir='ltr'>primus</span> <span class='ocrx_word' id='word_1_558' title='bbox 1723 3865 1795 3921; x_wconf 87' lang='lat' dir='ltr'>inter</span> <span class='ocrx_word' id='word_1_559' title='bbox 1809 3867 1923 3922; x_wconf 86' lang='lat' dir='ltr'>Latinos</span> 
     </span>
     <span class='ocr_line' id='line_1_42' title="bbox 244 3947 1923 4025; baseline 0 -17"><span class='ocrx_word' id='word_1_560' title='bbox 244 3958 444 4025; x_wconf 81' lang='lat' dir='ltr'>quadrantem,</span> <span class='ocrx_word' id='word_1_561' title='bbox 470 3954 553 4007; x_wconf 85' lang='lat' dir='ltr'>aliud</span> <span class='ocrx_word' id='word_1_562' title='bbox 568 3952 664 4005; x_wconf 90' lang='lat' dir='ltr'>statim</span> <span class='ocrx_word' id='word_1_563' title='bbox 680 3953 751 4017; x_wconf 79' lang='lat' dir='ltr'>fidei</span> <span class='ocrx_word' id='word_1_564' title='bbox 769 3959 796 4006; x_wconf 90' lang='lat' dir='ltr'>et</span> <span class='ocrx_word' id='word_1_565' title='bbox 812 3952 922 4006; x_wconf 62' lang='lat' dir='ltr'>virtutib</span> <span class='ocrx_word' id='word_1_566' title='bbox 940 3954 1068 4022; x_wconf 82' lang='lat' dir='ltr'>accipere</span> <span class='ocrx_word' id='word_1_567' title='bbox 1096 3950 1131 4006; x_wconf 92' lang='lat' dir='ltr'>de</span> <span class='ocrx_word' id='word_1_568' title='bbox 1150 3948 1311 4020; x_wconf 82' lang='lat' dir='ltr'>purgatorio</span> <span class='ocrx_word' id='word_1_569' title='bbox 1338 3947 1403 4019; x_wconf 87' lang='lat' dir='ltr'>igne</span> <span class='ocrx_word' id='word_1_570' title='bbox 1420 3947 1562 4018; x_wconf 88' lang='lat' dir='ltr'>disputare</span> <span class='ocrx_word' id='word_1_571' title='bbox 1583 3950 1689 4020; x_wconf 91' lang='lat' dir='ltr'>coepit,</span> <span class='ocrx_word' id='word_1_572' title='bbox 1712 3951 1747 4005; x_wconf 91' lang='lat' dir='ltr'>de</span> <span class='ocrx_word' id='word_1_573' title='bbox 1771 3952 1822 4007; x_wconf 91' lang='lat' dir='ltr'>hac</span> <span class='ocrx_word' id='word_1_574' title='bbox 1841 3970 1923 4025; x_wconf 90' lang='lat' dir='ltr'>quae·</span> 
     </span>
     <span class='ocr_line' id='line_1_43' title="bbox 241 4033 1925 4111; baseline -0.002 -15"><span class='ocrx_word' id='word_1_575' title='bbox 241 4045 408 4104; x_wconf 65' lang='lat' dir='ltr'>mecedem,</span> <span class='ocrx_word' id='word_1_576' title='bbox 427 4040 511 4093; x_wconf 84' lang='lat' dir='ltr'>aliud</span> <span class='ocrx_word' id='word_1_577' title='bbox 524 4056 581 4111; x_wconf 78' lang='lat' dir='ltr'>pro</span> <span class='ocrx_word' id='word_1_578' title='bbox 594 4039 720 4108; x_wconf 83' lang='lat' dir='ltr'>peccatis</span> <span class='ocrx_word' id='word_1_579' title='bbox 739 4039 823 4109; x_wconf 81' lang='lat' dir='ltr'>lonyo</span> <span class='ocrx_word' id='word_1_580' title='bbox 843 4039 942 4094; x_wconf 85' lang='lat' dir='ltr'>dolore</span> <span class='ocrx_word' id='word_1_581' title='bbox 961 4042 1069 4095; x_wconf 86' lang='lat' dir='ltr'>orucia-</span> <span class='ocrx_word' id='word_1_582' title='bbox 1095 4035 1185 4091; x_wconf 87' lang='lat' dir='ltr'>stione</span> <span class='ocrx_word' id='word_1_583' title='bbox 1212 4051 1272 4091; x_wconf 88' lang='lat' dir='ltr'>esse</span> <span class='ocrx_word' id='word_1_584' title='bbox 1301 4033 1416 4089; x_wconf 90' lang='lat' dir='ltr'>dubium</span> <span class='ocrx_word' id='word_1_585' title='bbox 1442 4044 1526 4105; x_wconf 84' lang='lat' dir='ltr'>atque</span> <span class='ocrx_word' id='word_1_586' title='bbox 1549 4035 1693 4090; x_wconf 90' lang='lat' dir='ltr'>incertum.</span> <span class='ocrx_word' id='word_1_587' title='bbox 1719 4036 1791 4092; x_wconf 85' lang='lat' dir='ltr'>lde</span> <span class='ocrx_word' id='word_1_588' title='bbox 1817 4038 1873 4094; x_wconf 88' lang='lat' dir='ltr'>lide</span> <span class='ocrx_word' id='word_1_589' title='bbox 1897 4044 1925 4095; x_wconf 91' lang='lat' dir='ltr'>et</span> 
     </span>
     <span class='ocr_line' id='line_1_44' title="bbox 241 4120 1924 4195; baseline -0.002 -12"><span class='ocrx_word' id='word_1_590' title='bbox 241 4137 315 4183; x_wconf 86' lang='lat' dir='ltr'>tuum</span> <span class='ocrx_word' id='word_1_591' title='bbox 335 4127 481 4180; x_wconf 70' lang='lat' dir='ltr'>essentiari</span> <span class='ocrx_word' id='word_1_592' title='bbox 497 4133 522 4177; x_wconf 87' lang='grc' dir='ltr'>ιι</span> <span class='ocrx_word' id='word_1_593' title='bbox 535 4124 660 4193; x_wconf 71' lang='lat' dir='ltr'>purgari</span> <span class='ocrx_word' id='word_1_594' title='bbox 680 4124 732 4177; x_wconf 87' lang='lat' dir='ltr'>diu</span> <span class='ocrx_word' id='word_1_595' title='bbox 749 4125 827 4192; x_wconf 80' lang='lat' dir='ltr'>ipae,</span> <span class='ocrx_word' id='word_1_596' title='bbox 852 4125 936 4178; x_wconf 86' lang='lat' dir='ltr'>aliud</span> <span class='ocrx_word' id='word_1_597' title='bbox 948 4135 1070 4195; x_wconf 85' lang='lat' dir='ltr'>peccato</span> <span class='ocrx_word' id='word_1_598' title='bbox 1096 4121 1224 4193; x_wconf 88' lang='lat' dir='ltr'>operibus</span> <span class='ocrx_word' id='word_1_599' title='bbox 1244 4137 1303 4192; x_wconf 88' lang='lat' dir='ltr'>cap.</span> <span class='ocrx_word' id='word_1_600' title='bbox 1325 4128 1368 4177; x_wconf 80' lang='lat'>16:</span> <span class='ocrx_word' id='word_1_601' title='bbox 1397 4120 1462 4175; x_wconf 80' lang='lat' dir='ltr'>Sive</span> <span class='ocrx_word' id='word_1_602' title='bbox 1479 4123 1508 4175; x_wconf 88' lang='lat' dir='ltr'>in</span> <span class='ocrx_word' id='word_1_603' title='bbox 1527 4121 1580 4174; x_wconf 78' lang='lat' dir='ltr'>isac</span> <span class='ocrx_word' id='word_1_604' title='bbox 1602 4130 1709 4176; x_wconf 87' lang='lat' dir='ltr'>tontum</span> <span class='ocrx_word' id='word_1_605' title='bbox 1725 4124 1784 4176; x_wconf 86' lang='lat' dir='ltr'>aito</span> <span class='ocrx_word' id='word_1_606' title='bbox 1801 4125 1924 4180; x_wconf 83' lang='lat' dir='ltr'>homines</span> 
     </span>
     <span class='ocr_line' id='line_1_45' title="bbox 241 4208 1925 4284; baseline -0.002 -16"><span class='ocrx_word' id='word_1_607' title='bbox 241 4215 333 4268; x_wconf 87' lang='lat' dir='ltr'>omnio</span> <span class='ocrx_word' id='word_1_608' title='bbox 342 4214 475 4284; x_wconf 77' lang='lat' dir='ltr'>passione</span> <span class='ocrx_word' id='word_1_609' title='bbox 491 4228 632 4280; x_wconf 71' lang='lat' dir='ltr'>purgasse</span> <span class='ocrx_word' id='word_1_610' title='bbox 639 4231 651 4274; x_wconf 90' lang='lat'><em>;</em></span> <span class='ocrx_word' id='word_1_611' title='bbox 668 4217 697 4264; x_wconf 88' lang='lat' dir='ltr'>at</span> <span class='ocrx_word' id='word_1_612' title='bbox 708 4210 732 4266; x_wconf 93' lang='lat' dir='ltr'>si</span> <span class='ocrx_word' id='word_1_613' title='bbox 744 4227 856 4280; x_wconf 89' lang='lat' dir='ltr'>scopum</span> <span class='ocrx_word' id='word_1_614' title='bbox 870 4219 898 4266; x_wconf 91' lang='lat' dir='ltr'>et</span> <span class='ocrx_word' id='word_1_615' title='bbox 912 4218 1069 4268; x_wconf 84' lang='lat' dir='ltr'>contextum</span> <span class='ocrx_word' id='word_1_616' title='bbox 1095 4210 1152 4262; x_wconf 70' lang='lat' dir='ltr'>ahto</span> <span class='ocrx_word' id='word_1_617' title='bbox 1172 4209 1337 4277; x_wconf 85' lang='lat' dir='ltr'>patiuntur,</span> <span class='ocrx_word' id='word_1_618' title='bbox 1365 4208 1423 4260; x_wconf 86' lang='lat' dir='ltr'>siue</span> <span class='ocrx_word' id='word_1_619' title='bbox 1447 4208 1531 4261; x_wconf 85' lang='lat' dir='ltr'>etiam</span> <span class='ocrx_word' id='word_1_620' title='bbox 1555 4215 1623 4278; x_wconf 84' lang='lat' dir='ltr'>post</span> <span class='ocrx_word' id='word_1_621' title='bbox 1648 4208 1720 4262; x_wconf 85' lang='lat' dir='ltr'>bano</span> <span class='ocrx_word' id='word_1_622' title='bbox 1744 4211 1828 4264; x_wconf 84' lang='lat' dir='ltr'>uitam</span> <span class='ocrx_word' id='word_1_623' title='bbox 1852 4212 1925 4267; x_wconf 89' lang='lat' dir='ltr'>talio</span> 
     </span>
     <span class='ocr_line' id='line_1_46' title="bbox 241 4294 1925 4370; baseline -0.001 -16"><span class='ocrx_word' id='word_1_624' title='bbox 241 4301 313 4354; x_wconf 92' lang='lat' dir='ltr'>illius</span> <span class='ocrx_word' id='word_1_625' title='bbox 326 4298 461 4370; x_wconf 87' lang='lat' dir='ltr'>epistolae</span> <span class='ocrx_word' id='word_1_626' title='bbox 478 4296 667 4367; x_wconf 88' lang='lat' dir='ltr'>respiciamus,</span> <span class='ocrx_word' id='word_1_627' title='bbox 686 4313 730 4351; x_wconf 89' lang='lat' dir='ltr'>res</span> <span class='ocrx_word' id='word_1_628' title='bbox 749 4299 837 4352; x_wconf 91' lang='lat' dir='ltr'>omnis</span> <span class='ocrx_word' id='word_1_629' title='bbox 855 4298 908 4351; x_wconf 88' lang='lat' dir='ltr'>erit</span> <span class='ocrx_word' id='word_1_630' title='bbox 919 4297 947 4351; x_wconf 89' lang='lat' dir='ltr'>in</span> <span class='ocrx_word' id='word_1_631' title='bbox 967 4298 1069 4368; x_wconf 88' lang='lat' dir='ltr'>aprico.</span> <span class='ocrx_word' id='word_1_632' title='bbox 1094 4295 1207 4363; x_wconf 76' lang='lat' dir='ltr'>iudicio</span> <span class='ocrx_word' id='word_1_633' title='bbox 1223 4294 1439 4364; x_wconf 79' lang='lat' dir='ltr'>subsequuntur,</span> <span class='ocrx_word' id='word_1_634' title='bbox 1457 4311 1513 4347; x_wconf 90' lang='lat' dir='ltr'>non</span> <span class='ocrx_word' id='word_1_635' title='bbox 1533 4295 1679 4365; x_wconf 80' lang='lat' dir='ltr'>obhorret,</span> <span class='ocrx_word' id='word_1_636' title='bbox 1699 4305 1832 4364; x_wconf 75' lang='lat' dir='ltr'>quantum</span> <span class='ocrx_word' id='word_1_637' title='bbox 1850 4299 1925 4353; x_wconf 87' lang='lat' dir='ltr'>orbi·</span> 
     </span>
     <span class='ocr_line' id='line_1_47' title="bbox 241 4381 1925 4454; baseline -0.001 -12"><span class='ocrx_word' id='word_1_638' title='bbox 241 4387 355 4442; x_wconf 85' lang='lat' dir='ltr'>Tractat</span> <span class='ocrx_word' id='word_1_639' title='bbox 372 4383 527 4454; x_wconf 84' lang='lat' dir='ltr'>Cyprianus</span> <span class='ocrx_word' id='word_1_640' title='bbox 557 4383 586 4437; x_wconf 88' lang='lat' dir='ltr'>in</span> <span class='ocrx_word' id='word_1_641' title='bbox 617 4389 676 4438; x_wconf 81' lang='lat' dir='ltr'>tota</span> <span class='ocrx_word' id='word_1_642' title='bbox 708 4382 756 4436; x_wconf 86' lang='lat' dir='ltr'>illa</span> <span class='ocrx_word' id='word_1_643' title='bbox 788 4383 905 4453; x_wconf 88' lang='lat' dir='ltr'>epistola</span> <span class='ocrx_word' id='word_1_644' title='bbox 936 4386 971 4438; x_wconf 88' lang='lat' dir='ltr'>de</span> <span class='ocrx_word' id='word_1_645' title='bbox 988 4387 1070 4439; x_wconf 85' lang='lat' dir='ltr'>sotis·</span> <span class='ocrx_word' id='word_1_646' title='bbox 1096 4390 1171 4449; x_wconf 84' lang='lat' dir='ltr'>tror,</span> <span class='ocrx_word' id='word_1_647' title='bbox 1196 4397 1215 4433; x_wconf 89' lang='lat' dir='ltr'><em>o</em></span> <span class='ocrx_word' id='word_1_648' title='bbox 1235 4381 1344 4435; x_wconf 86' lang='lat' dir='ltr'>ratione</span> <span class='ocrx_word' id='word_1_649' title='bbox 1367 4381 1495 4434; x_wconf 85' lang='lat' dir='ltr'>ueritatis</span> <span class='ocrx_word' id='word_1_650' title='bbox 1520 4381 1571 4434; x_wconf 87' lang='lat' dir='ltr'>iste</span> <span class='ocrx_word' id='word_1_651' title='bbox 1589 4381 1745 4436; x_wconf 85' lang='lat' dir='ltr'>intellectus</span> <span class='ocrx_word' id='word_1_652' title='bbox 1762 4385 1847 4454; x_wconf 84' lang='lat' dir='ltr'>hujus</span> <span class='ocrx_word' id='word_1_653' title='bbox 1865 4403 1925 4440; x_wconf 87' lang='lat' dir='ltr'>eea·</span> 
     </span>
     <span class='ocr_line' id='line_1_48' title="bbox 236 4465 1925 4543; baseline -0.001 -17"><span class='ocrx_word' id='word_1_654' title='bbox 236 4472 412 4540; x_wconf 85' lang='lat' dir='ltr'>factionibus</span> <span class='ocrx_word' id='word_1_655' title='bbox 442 4469 641 4524; x_wconf 86' lang='lat' dir='ltr'>ecciesiasticis</span> <span class='ocrx_word' id='word_1_656' title='bbox 669 4468 727 4521; x_wconf 89' lang='lat' dir='ltr'>sive</span> <span class='ocrx_word' id='word_1_657' title='bbox 754 4469 911 4532; x_wconf 86' lang='lat' dir='ltr'>canonicis,</span> <span class='ocrx_word' id='word_1_658' title='bbox 943 4487 1013 4540; x_wconf 89' lang='lat' dir='ltr'>quae</span> <span class='ocrx_word' id='word_1_659' title='bbox 1040 4472 1070 4525; x_wconf 90' lang='lat' dir='ltr'>in</span> <span class='ocrx_word' id='word_1_660' title='bbox 1095 4468 1204 4535; x_wconf 84' lang='lat' dir='ltr'>tentiae,</span> <span class='ocrx_word' id='word_1_661' title='bbox 1224 4473 1256 4520; x_wconf 92' lang='lat' dir='ltr'>ut</span> <span class='ocrx_word' id='word_1_662' title='bbox 1272 4465 1378 4520; x_wconf 88' lang='lat' dir='ltr'>scilicet</span> <span class='ocrx_word' id='word_1_663' title='bbox 1394 4465 1551 4537; x_wconf 89' lang='lat' dir='ltr'>perignem</span> <span class='ocrx_word' id='word_1_664' title='bbox 1573 4472 1595 4522; x_wconf 93' lang='lat'>1.</span> <span class='ocrx_word' id='word_1_665' title='bbox 1610 4471 1670 4524; x_wconf 87' lang='lat' dir='ltr'>Cor.</span> <span class='ocrx_word' id='word_1_666' title='bbox 1689 4472 1713 4523; x_wconf 83' lang='grc'>3.</span> <span class='ocrx_word' id='word_1_667' title='bbox 1731 4468 1833 4525; x_wconf 90' lang='lat' dir='ltr'>doloris</span> <span class='ocrx_word' id='word_1_668' title='bbox 1852 4470 1925 4543; x_wconf 87' lang='lat' dir='ltr'>ignis</span> 
     </span>
     <span class='ocr_line' id='line_1_49' title="bbox 241 4551 1925 4625; baseline 0.001 -14"><span class='ocrx_word' id='word_1_669' title='bbox 241 4559 293 4611; x_wconf 82' lang='lat' dir='ltr'>boo</span> <span class='ocrx_word' id='word_1_670' title='bbox 309 4559 369 4611; x_wconf 90' lang='lat' dir='ltr'>oita</span> <span class='ocrx_word' id='word_1_671' title='bbox 384 4562 565 4625; x_wconf 86' lang='lat' dir='ltr'>peraguntur,</span> <span class='ocrx_word' id='word_1_672' title='bbox 584 4569 639 4608; x_wconf 90' lang='lat' dir='ltr'>non</span> <span class='ocrx_word' id='word_1_673' title='bbox 660 4561 750 4610; x_wconf 91' lang='lat' dir='ltr'>autem</span> <span class='ocrx_word' id='word_1_674' title='bbox 765 4558 829 4625; x_wconf 90' lang='lat' dir='ltr'>post</span> <span class='ocrx_word' id='word_1_675' title='bbox 847 4562 961 4609; x_wconf 90' lang='lat' dir='ltr'>mortem</span> <span class='ocrx_word' id='word_1_676' title='bbox 979 4555 1069 4612; x_wconf 89' lang='lat' dir='ltr'>absol·</span> <span class='ocrx_word' id='word_1_677' title='bbox 1095 4552 1275 4623; x_wconf 88' lang='lat' dir='ltr'>intelligatur.</span> <span class='ocrx_word' id='word_1_678' title='bbox 1313 4551 1390 4607; x_wconf 89' lang='lat' dir='ltr'>Idem</span> <span class='ocrx_word' id='word_1_679' title='bbox 1408 4553 1509 4622; x_wconf 89' lang='lat' dir='ltr'>repetit</span> <span class='ocrx_word' id='word_1_680' title='bbox 1523 4552 1552 4607; x_wconf 91' lang='lat' dir='ltr'>in</span> <span class='ocrx_word' id='word_1_681' title='bbox 1570 4558 1633 4607; x_wconf 89' lang='lat' dir='ltr'>octo</span> <span class='ocrx_word' id='word_1_682' title='bbox 1650 4559 1748 4625; x_wconf 89' lang='lat' dir='ltr'>quaest</span> <span class='ocrx_word' id='word_1_683' title='bbox 1767 4555 1804 4609; x_wconf 89' lang='lat' dir='ltr'>sd</span> <span class='ocrx_word' id='word_1_684' title='bbox 1821 4554 1925 4614; x_wconf 91' lang='lat' dir='ltr'>Dulcit.</span> 
     </span>
     <span class='ocr_line' id='line_1_50' title="bbox 241 4637 1949 4713; baseline -0.001 -15"><span class='ocrx_word' id='word_1_685' title='bbox 241 4651 350 4698; x_wconf 82' lang='lat' dir='ltr'>rantur.</span> <span class='ocrx_word' id='word_1_686' title='bbox 388 4640 579 4697; x_wconf 77' lang='lat' dir='ltr'>obvertebant</span> <span class='ocrx_word' id='word_1_687' title='bbox 596 4639 749 4710; x_wconf 86' lang='lat' dir='ltr'>Cyprieno,</span> <span class='ocrx_word' id='word_1_688' title='bbox 777 4639 799 4692; x_wconf 91' lang='lat' dir='ltr'>si</span> <span class='ocrx_word' id='word_1_689' title='bbox 819 4638 981 4710; x_wconf 89' lang='lat' dir='ltr'>disciplinae</span> <span class='ocrx_word' id='word_1_690' title='bbox 997 4643 1070 4713; x_wconf 86' lang='lat' dir='ltr'>rigo·</span> <span class='ocrx_word' id='word_1_691' title='bbox 1096 4656 1121 4710; x_wconf 91' lang='lat' dir='ltr'>q.</span> <span class='ocrx_word' id='word_1_692' title='bbox 1143 4637 1431 4694; x_wconf 63' lang='lat' dir='ltr'>teramnensis</span> <span class='ocrx_word' id='word_1_693' title='bbox 1453 4655 1480 4708; x_wconf 89' lang='lat' dir='ltr'>q.</span> <span class='ocrx_word' id='word_1_694' title='bbox 1500 4643 1530 4694; x_wconf 83' lang='lat'>3:</span> <span class='ocrx_word' id='word_1_695' title='bbox 1553 4639 1607 4703; x_wconf 89' lang='lat' dir='ltr'>Iis,</span> <span class='ocrx_word' id='word_1_696' title='bbox 1627 4659 1699 4710; x_wconf 74' lang='lat' dir='ltr'>orme</span> <span class='ocrx_word' id='word_1_697' title='bbox 1716 4642 1949 4712; x_wconf 72' lang='lat' dir='ltr'>descripsimus„</span> 
     </span>
     <span class='ocr_line' id='line_1_51' title="bbox 241 4724 1926 4802; baseline -0.001 -17"><span class='ocrx_word' id='word_1_698' title='bbox 241 4746 298 4784; x_wconf 90' lang='lat' dir='ltr'>rem</span> <span class='ocrx_word' id='word_1_699' title='bbox 317 4728 464 4791; x_wconf 86' lang='lat' dir='ltr'>laxaveris,</span> <span class='ocrx_word' id='word_1_700' title='bbox 488 4726 512 4780; x_wconf 89' lang='lat' dir='ltr'>si</span> <span class='ocrx_word' id='word_1_701' title='bbox 530 4742 627 4797; x_wconf 87' lang='lat' dir='ltr'>pacem</span> <span class='ocrx_word' id='word_1_702' title='bbox 645 4726 777 4780; x_wconf 88' lang='lat' dir='ltr'>ecclesiae</span> <span class='ocrx_word' id='word_1_703' title='bbox 800 4724 885 4795; x_wconf 85' lang='lat' dir='ltr'>lapsis</span> <span class='ocrx_word' id='word_1_704' title='bbox 904 4726 1070 4795; x_wconf 88' lang='lat' dir='ltr'>poenitenti·</span> <span class='ocrx_word' id='word_1_705' title='bbox 1096 4729 1138 4780; x_wconf 86' lang='lat' dir='ltr'>ito</span> <span class='ocrx_word' id='word_1_706' title='bbox 1168 4734 1267 4778; x_wconf 84' lang='lat' dir='ltr'>nostra</span> <span class='ocrx_word' id='word_1_707' title='bbox 1297 4725 1342 4777; x_wconf 90' lang='lat' dir='ltr'>oel</span> <span class='ocrx_word' id='word_1_708' title='bbox 1369 4724 1503 4802; x_wconf 52' lang='lat' dir='ltr'>oliorum·</span> <span class='ocrx_word' id='word_1_709' title='bbox 1519 4735 1681 4781; x_wconf 77' lang='grc' dir='ltr'><strong><em>ιιιιιιαιιιι</em></strong></span> <span class='ocrx_word' id='word_1_710' title='bbox 1706 4728 1750 4781; x_wconf 81' lang='grc' dir='ltr'>ιιι</span> <span class='ocrx_word' id='word_1_711' title='bbox 1777 4731 1926 4784; x_wconf 70' lang='lat' dir='ltr'>erudiatur</span> 
     </span>
     <span class='ocr_line' id='line_1_52' title="bbox 242 4810 1925 4882; baseline 0.001 -12"><span class='ocrx_word' id='word_1_712' title='bbox 242 4814 293 4869; x_wconf 91' lang='lat' dir='ltr'>hus</span> <span class='ocrx_word' id='word_1_713' title='bbox 312 4814 456 4881; x_wconf 89' lang='lat' dir='ltr'>obtuleris,</span> <span class='ocrx_word' id='word_1_714' title='bbox 474 4811 565 4866; x_wconf 90' lang='lat' dir='ltr'>nullos</span> <span class='ocrx_word' id='word_1_715' title='bbox 577 4810 696 4881; x_wconf 89' lang='lat' dir='ltr'>amplius</span> <span class='ocrx_word' id='word_1_716' title='bbox 714 4810 877 4866; x_wconf 88' lang='lat' dir='ltr'>habebimus</span> <span class='ocrx_word' id='word_1_717' title='bbox 891 4811 1068 4882; x_wconf 85' lang='lat' dir='ltr'>confessores,</span> <span class='ocrx_word' id='word_1_718' title='bbox 1094 4813 1259 4879; x_wconf 83' lang='lat' dir='ltr'>infirmitas,</span> <span class='ocrx_word' id='word_1_719' title='bbox 1290 4819 1433 4863; x_wconf 84' lang='lat' dir='ltr'>attamen</span> <span class='ocrx_word' id='word_1_720' title='bbox 1460 4811 1490 4863; x_wconf 88' lang='lat' dir='ltr'>in</span> <span class='ocrx_word' id='word_1_721' title='bbox 1514 4811 1553 4864; x_wconf 90' lang='lat' dir='ltr'>eis</span> <span class='ocrx_word' id='word_1_722' title='bbox 1579 4812 1659 4866; x_wconf 84' lang='lat' dir='ltr'>nullo</span> <span class='ocrx_word' id='word_1_723' title='bbox 1684 4814 1758 4867; x_wconf 87' lang='lat' dir='ltr'>oeiut</span> <span class='ocrx_word' id='word_1_724' title='bbox 1788 4818 1925 4871; x_wconf 87' lang='lat' dir='ltr'>cononica</span> 
     </span>
     <span class='ocr_line' id='line_1_53' title="bbox 243 4897 1923 4969; baseline 0.001 -13"><span class='ocrx_word' id='word_1_725' title='bbox 243 4901 332 4956; x_wconf 88' lang='lat' dir='ltr'>nullos</span> <span class='ocrx_word' id='word_1_726' title='bbox 360 4906 495 4969; x_wconf 87' lang='lat' dir='ltr'>martyres</span> <span class='ocrx_word' id='word_1_727' title='bbox 518 4905 572 4953; x_wconf 86' lang='lat' dir='ltr'>etc.</span> <span class='ocrx_word' id='word_1_728' title='bbox 604 4897 659 4951; x_wconf 91' lang='lat' dir='ltr'>imo</span> <span class='ocrx_word' id='word_1_729' title='bbox 686 4913 752 4952; x_wconf 81' lang='lat' dir='ltr'>vero</span> <span class='ocrx_word' id='word_1_730' title='bbox 777 4897 869 4968; x_wconf 90' lang='lat' dir='ltr'>iuquit</span> <span class='ocrx_word' id='word_1_731' title='bbox 898 4897 1068 4968; x_wconf 84' lang='lat' dir='ltr'>Cyprianus:</span> <span class='ocrx_word' id='word_1_732' title='bbox 1094 4897 1280 4952; x_wconf 84' lang='lat' dir='ltr'>constituatur</span> <span class='ocrx_word' id='word_1_733' title='bbox 1315 4901 1476 4952; x_wconf 82' lang='lat' dir='ltr'>auotoritas.</span> <span class='ocrx_word' id='word_1_734' title='bbox 1526 4899 1557 4951; x_wconf 92' lang='lat' dir='ltr'>ln</span> <span class='ocrx_word' id='word_1_735' title='bbox 1590 4898 1694 4955; x_wconf 89' lang='lat' dir='ltr'>enchir.</span> <span class='ocrx_word' id='word_1_736' title='bbox 1725 4917 1748 4955; x_wconf 92' lang='lat' dir='ltr'>c.</span> <span class='ocrx_word' id='word_1_737' title='bbox 1772 4907 1817 4957; x_wconf 74' lang='grc' dir='ltr'>ιιι</span> <span class='ocrx_word' id='word_1_738' title='bbox 1854 4903 1923 4958; x_wconf 79' lang='lat' dir='ltr'>Tale</span> 
     </span>
     <span class='ocr_line' id='line_1_54' title="bbox 246 4983 1925 5058; baseline 0.001 -16"><span class='ocrx_word' id='word_1_739' title='bbox 246 4989 335 5058; x_wconf 71' lang='lat' dir='ltr'>lapsi</span> <span class='ocrx_word' id='word_1_740' title='bbox 351 4989 392 5040; x_wconf 87' lang='lat' dir='ltr'>ad</span> <span class='ocrx_word' id='word_1_741' title='bbox 407 4987 515 5039; x_wconf 86' lang='lat' dir='ltr'>ueniam</span> <span class='ocrx_word' id='word_1_742' title='bbox 533 4991 609 5037; x_wconf 87' lang='lat' dir='ltr'>stant</span> <span class='ocrx_word' id='word_1_743' title='bbox 626 5003 660 5037; x_wconf 88' lang='lat' dir='ltr'>uc</span> <span class='ocrx_word' id='word_1_744' title='bbox 679 4985 753 5037; x_wconf 85' lang='lat' dir='ltr'>uolut</span> <span class='ocrx_word' id='word_1_745' title='bbox 778 4985 807 5037; x_wconf 89' lang='lat' dir='ltr'>in</span> <span class='ocrx_word' id='word_1_746' title='bbox 827 5001 969 5055; x_wconf 82' lang='lat' dir='ltr'>carcerem</span> <span class='ocrx_word' id='word_1_747' title='bbox 986 5004 1069 5054; x_wconf 80' lang='lat' dir='ltr'>quen·</span> <span class='ocrx_word' id='word_1_748' title='bbox 1095 4983 1209 5053; x_wconf 73' lang='lat' dir='ltr'>aliquid</span> <span class='ocrx_word' id='word_1_749' title='bbox 1227 4983 1312 5037; x_wconf 88' lang='lat' dir='ltr'>etiam</span> <span class='ocrx_word' id='word_1_750' title='bbox 1326 4990 1392 5051; x_wconf 78' lang='lat' dir='ltr'>post</span> <span class='ocrx_word' id='word_1_751' title='bbox 1409 4983 1481 5036; x_wconf 75' lang='lat' dir='ltr'>liano</span> <span class='ocrx_word' id='word_1_752' title='bbox 1498 4985 1583 5038; x_wconf 85' lang='lat' dir='ltr'>uitam</span> <span class='ocrx_word' id='word_1_753' title='bbox 1600 4986 1666 5051; x_wconf 77' lang='lat' dir='ltr'>fieri</span> <span class='ocrx_word' id='word_1_754' title='bbox 1682 4987 1849 5041; x_wconf 84' lang='lat' dir='ltr'>incredibile</span> <span class='ocrx_word' id='word_1_755' title='bbox 1867 5007 1925 5043; x_wconf 88' lang='lat' dir='ltr'>non</span> 
     </span>
     <span class='ocr_line' id='line_1_55' title="bbox 242 5069 1922 5144; baseline -0.002 -17"><span class='ocrx_word' id='word_1_756' title='bbox 242 5077 309 5129; x_wconf 88' lang='lat' dir='ltr'>dom</span> <span class='ocrx_word' id='word_1_757' title='bbox 327 5073 408 5127; x_wconf 87' lang='lat' dir='ltr'>missi</span> <span class='ocrx_word' id='word_1_758' title='bbox 423 5090 480 5141; x_wconf 82' lang='lat' dir='ltr'>pro</span> <span class='ocrx_word' id='word_1_759' title='bbox 504 5071 630 5140; x_wconf 82' lang='lat' dir='ltr'>peccatis</span> <span class='ocrx_word' id='word_1_760' title='bbox 656 5069 739 5136; x_wconf 67' lang='lat' dir='ltr'>losum</span> <span class='ocrx_word' id='word_1_761' title='bbox 767 5069 866 5123; x_wconf 84' lang='lat' dir='ltr'>dolore</span> <span class='ocrx_word' id='word_1_762' title='bbox 895 5071 1069 5124; x_wconf 80' lang='lat' dir='ltr'>cruciatuum</span> <span class='ocrx_word' id='word_1_763' title='bbox 1095 5077 1135 5123; x_wconf 87' lang='lat' dir='ltr'>eat</span> <span class='ocrx_word' id='word_1_764' title='bbox 1156 5078 1182 5122; x_wconf 88' lang='lat' dir='ltr'>et</span> <span class='ocrx_word' id='word_1_765' title='bbox 1212 5077 1305 5122; x_wconf 88' lang='lat' dir='ltr'>utrum</span> <span class='ocrx_word' id='word_1_766' title='bbox 1327 5070 1369 5121; x_wconf 88' lang='lat' dir='ltr'>ita</span> <span class='ocrx_word' id='word_1_767' title='bbox 1397 5069 1448 5133; x_wconf 88' lang='lat' dir='ltr'>sit,</span> <span class='ocrx_word' id='word_1_768' title='bbox 1472 5072 1573 5139; x_wconf 80' lang='lat' dir='ltr'>quaeri</span> <span class='ocrx_word' id='word_1_769' title='bbox 1596 5079 1688 5140; x_wconf 85' lang='lat' dir='ltr'>potest</span> <span class='ocrx_word' id='word_1_770' title='bbox 1711 5073 1796 5144; x_wconf 81' lang='lat' dir='ltr'>(quod</span> <span class='ocrx_word' id='word_1_771' title='bbox 1816 5074 1922 5130; x_wconf 81' lang='lat' dir='ltr'>scilicet</span> 
     </span>
     <span class='ocr_line' id='line_1_56' title="bbox 242 5152 1926 5228; baseline 0.001 -13"><span class='ocrx_word' id='word_1_772' title='bbox 242 5165 422 5215; x_wconf 70' lang='lat' dir='ltr'>mandantur</span> <span class='ocrx_word' id='word_1_773' title='bbox 459 5177 493 5213; x_wconf 89' lang='lat' dir='ltr'>oc</span> <span class='ocrx_word' id='word_1_774' title='bbox 522 5160 656 5212; x_wconf 82' lang='lat' dir='ltr'>dimurno</span> <span class='ocrx_word' id='word_1_775' title='bbox 688 5155 772 5225; x_wconf 75' lang='lat' dir='ltr'>quasi</span> <span class='ocrx_word' id='word_1_776' title='bbox 807 5155 871 5225; x_wconf 82' lang='lat' dir='ltr'>ipae</span> <span class='ocrx_word' id='word_1_777' title='bbox 903 5166 1070 5224; x_wconf 69' lang='lat' dir='ltr'>purgantur,</span> <span class='ocrx_word' id='word_1_778' title='bbox 1094 5155 1178 5210; x_wconf 90' lang='lat' dir='ltr'>etiam</span> <span class='ocrx_word' id='word_1_779' title='bbox 1195 5160 1260 5224; x_wconf 89' lang='lat' dir='ltr'>post</span> <span class='ocrx_word' id='word_1_780' title='bbox 1276 5152 1347 5208; x_wconf 85' lang='lat' dir='ltr'>hanc</span> <span class='ocrx_word' id='word_1_781' title='bbox 1364 5154 1449 5209; x_wconf 84' lang='lat' dir='ltr'>vitam</span> <span class='ocrx_word' id='word_1_782' title='bbox 1472 5156 1650 5226; x_wconf 87' lang='lat' dir='ltr'>purgatorius</span> <span class='ocrx_word' id='word_1_783' title='bbox 1672 5157 1745 5228; x_wconf 88' lang='lat' dir='ltr'>iguis</span> <span class='ocrx_word' id='word_1_784' title='bbox 1766 5159 1878 5215; x_wconf 78' lang='lat' dir='ltr'>foenum</span> <span class='ocrx_word' id='word_1_785' title='bbox 1898 5171 1926 5217; x_wconf 91' lang='lat' dir='ltr'>et</span> 
     </span>
     <span class='ocr_line' id='line_1_57' title="bbox 242 5239 1925 5317; baseline 0 -15"><span class='ocrx_word' id='word_1_786' title='bbox 242 5257 389 5317; x_wconf 72' lang='lat' dir='ltr'>antequam</span> <span class='ocrx_word' id='word_1_787' title='bbox 404 5262 504 5315; x_wconf 84' lang='lat' dir='ltr'>paoem</span> <span class='ocrx_word' id='word_1_788' title='bbox 523 5244 657 5298; x_wconf 85' lang='lat' dir='ltr'>ecelesiae</span> <span class='ocrx_word' id='word_1_789' title='bbox 677 5250 890 5309; x_wconf 78' lang='lat' dir='ltr'>consequantur.</span> <span class='ocrx_word' id='word_1_790' title='bbox 934 5243 977 5294; x_wconf 80' lang='lat' dir='ltr'>Ao</span> <span class='ocrx_word' id='word_1_791' title='bbox 996 5260 1069 5295; x_wconf 80' lang='lat' dir='ltr'>osor·</span> <span class='ocrx_word' id='word_1_792' title='bbox 1096 5241 1213 5313; x_wconf 87' lang='lat' dir='ltr'>stipulas</span> <span class='ocrx_word' id='word_1_793' title='bbox 1239 5241 1321 5309; x_wconf 88' lang='lat' dir='ltr'>urat).</span> <span class='ocrx_word' id='word_1_794' title='bbox 1348 5239 1397 5297; x_wconf 88' lang='lat' dir='ltr'>lib.</span> <span class='ocrx_word' id='word_1_795' title='bbox 1416 5245 1457 5296; x_wconf 85' lang='lat'>20.</span> <span class='ocrx_word' id='word_1_796' title='bbox 1487 5241 1523 5294; x_wconf 91' lang='lat' dir='ltr'>de</span> <span class='ocrx_word' id='word_1_797' title='bbox 1551 5241 1603 5295; x_wconf 87' lang='lat' dir='ltr'>cir.</span> <span class='ocrx_word' id='word_1_798' title='bbox 1632 5241 1687 5298; x_wconf 93' lang='lat' dir='ltr'>Dei</span> <span class='ocrx_word' id='word_1_799' title='bbox 1713 5250 1798 5309; x_wconf 71' lang='lat' dir='ltr'>cit.</span> <span class='ocrx_word' id='word_1_800' title='bbox 1830 5262 1865 5299; x_wconf 80' lang='lat' dir='ltr'>ec</span> <span class='ocrx_word' id='word_1_801' title='bbox 1881 5248 1925 5302; x_wconf 82' lang='lat' dir='ltr'>bis</span> 
     </span>
     <span class='ocr_line' id='line_1_58' title="bbox 242 5327 1926 5403; baseline 0 -15"><span class='ocrx_word' id='word_1_802' title='bbox 242 5343 316 5403; x_wconf 81' lang='lat' dir='ltr'>tyreu</span> <span class='ocrx_word' id='word_1_803' title='bbox 328 5343 353 5388; x_wconf 85' lang='lat' dir='ltr'>et</span> <span class='ocrx_word' id='word_1_804' title='bbox 372 5332 546 5394; x_wconf 76' lang='lat' dir='ltr'>consessores</span> <span class='ocrx_word' id='word_1_805' title='bbox 562 5330 693 5398; x_wconf 84' lang='lat' dir='ltr'>protinus</span> <span class='ocrx_word' id='word_1_806' title='bbox 711 5327 883 5396; x_wconf 81' lang='lat' dir='ltr'>asiploriam</span> <span class='ocrx_word' id='word_1_807' title='bbox 896 5329 1071 5397; x_wconf 80' lang='lat' dir='ltr'>perveniunt,</span> <span class='ocrx_word' id='word_1_808' title='bbox 1096 5346 1167 5399; x_wconf 74' lang='lat' dir='ltr'>quae</span> <span class='ocrx_word' id='word_1_809' title='bbox 1188 5330 1266 5382; x_wconf 87' lang='lat' dir='ltr'>dioto</span> <span class='ocrx_word' id='word_1_810' title='bbox 1291 5337 1369 5397; x_wconf 87' lang='lat' dir='ltr'>sunt,</span> <span class='ocrx_word' id='word_1_811' title='bbox 1394 5331 1439 5396; x_wconf 87' lang='lat' dir='ltr'>(ex</span> <span class='ocrx_word' id='word_1_812' title='bbox 1462 5345 1523 5399; x_wconf 88' lang='lat' dir='ltr'>cap.</span> <span class='ocrx_word' id='word_1_813' title='bbox 1545 5335 1568 5384; x_wconf 83' lang='grc'>3.</span> <span class='ocrx_word' id='word_1_814' title='bbox 1588 5329 1721 5397; x_wconf 80' lang='lat' dir='ltr'>Malach.)</span> <span class='ocrx_word' id='word_1_815' title='bbox 1742 5333 1853 5387; x_wconf 72' lang='lat' dir='ltr'>uiduus·</span> <span class='ocrx_word' id='word_1_816' title='bbox 1871 5337 1926 5388; x_wconf 86' lang='lat' dir='ltr'>eoi·</span> 
     </span>
     <span class='ocr_line' id='line_1_59' title="bbox 237 5413 1925 5490; baseline 0.001 -17"><span class='ocrx_word' id='word_1_817' title='bbox 237 5423 310 5490; x_wconf 78' lang='lat' dir='ltr'>ytdei</span> <span class='ocrx_word' id='word_1_818' title='bbox 327 5437 361 5474; x_wconf 92' lang='lat' dir='ltr'>ao</span> <span class='ocrx_word' id='word_1_819' title='bbox 381 5419 493 5473; x_wconf 85' lang='lat' dir='ltr'>uirtutis</span> <span class='ocrx_word' id='word_1_820' title='bbox 504 5431 573 5470; x_wconf 86' lang='lat' dir='ltr'>suae</span> <span class='ocrx_word' id='word_1_821' title='bbox 589 5415 742 5468; x_wconf 86' lang='lat' dir='ltr'>mercedem</span> <span class='ocrx_word' id='word_1_822' title='bbox 755 5413 850 5466; x_wconf 85' lang='lat' dir='ltr'>statim</span> <span class='ocrx_word' id='word_1_823' title='bbox 861 5413 1005 5481; x_wconf 63' lang='lat' dir='ltr'>cambiunt</span> <span class='ocrx_word' id='word_1_824' title='bbox 1019 5423 1071 5470; x_wconf 87' lang='lat' dir='ltr'>etc.</span> <span class='ocrx_word' id='word_1_825' title='bbox 1097 5415 1208 5468; x_wconf 80' lang='lat' dir='ltr'>dontius</span> <span class='ocrx_word' id='word_1_826' title='bbox 1228 5430 1382 5483; x_wconf 81' lang='lat' dir='ltr'>apparere,</span> <span class='ocrx_word' id='word_1_827' title='bbox 1402 5417 1432 5468; x_wconf 87' lang='lat' dir='ltr'>in</span> <span class='ocrx_word' id='word_1_828' title='bbox 1449 5414 1502 5468; x_wconf 86' lang='lat' dir='ltr'>iiio</span> <span class='ocrx_word' id='word_1_829' title='bbox 1514 5414 1629 5484; x_wconf 78' lang='lat' dir='ltr'>judicio</span> <span class='ocrx_word' id='word_1_830' title='bbox 1647 5419 1784 5485; x_wconf 68' lang='lat' dir='ltr'>eumdum</span> <span class='ocrx_word' id='word_1_831' title='bbox 1804 5437 1925 5487; x_wconf 74' lang='lat' dir='ltr'>quorun·</span> 
     </span>
     <span class='ocr_line' id='line_1_60' title="bbox 242 5497 2033 5574; baseline -0.001 -12"><span class='ocrx_word' id='word_1_832' title='bbox 242 5506 322 5571; x_wconf 85' lang='lat' dir='ltr'>Quod</span> <span class='ocrx_word' id='word_1_833' title='bbox 351 5510 445 5560; x_wconf 88' lang='lat' dir='ltr'>sutem</span> <span class='ocrx_word' id='word_1_834' title='bbox 474 5500 677 5558; x_wconf 82' lang='lat' dir='ltr'>satisfactiones</span> <span class='ocrx_word' id='word_1_835' title='bbox 706 5499 770 5554; x_wconf 88' lang='lat' dir='ltr'>illae</span> <span class='ocrx_word' id='word_1_836' title='bbox 801 5499 830 5553; x_wconf 90' lang='lat' dir='ltr'>in</span> <span class='ocrx_word' id='word_1_837' title='bbox 857 5497 910 5553; x_wconf 90' lang='lat' dir='ltr'>hac</span> <span class='ocrx_word' id='word_1_838' title='bbox 937 5499 1073 5552; x_wconf 88' lang='lat' dir='ltr'>duntaxat</span> <span class='ocrx_word' id='word_1_839' title='bbox 1097 5500 1164 5553; x_wconf 89' lang='lat' dir='ltr'>dam</span> <span class='ocrx_word' id='word_1_840' title='bbox 1177 5515 1287 5569; x_wconf 83' lang='lat' dir='ltr'>poenas</span> <span class='ocrx_word' id='word_1_841' title='bbox 1302 5501 1487 5570; x_wconf 73' lang='lat' dir='ltr'>purpurarios</span> <span class='ocrx_word' id='word_1_842' title='bbox 1508 5501 1632 5563; x_wconf 68' lang='lat' dir='ltr'>imarus.</span> <span class='ocrx_word' id='word_1_843' title='bbox 1672 5500 1710 5556; x_wconf 84' lang='lat' dir='ltr'>Et</span> <span class='ocrx_word' id='word_1_844' title='bbox 1727 5509 1839 5574; x_wconf 87' lang='lat' dir='ltr'>postes:</span> <span class='ocrx_word' id='word_1_845' title='bbox 1857 5507 1927 5561; x_wconf 85' lang='lat' dir='ltr'>Nisi</span> <span class='ocrx_word' id='word_1_846' title='bbox 2028 5559 2033 5569; x_wconf 91' lang='grc'>,</span> 
     </span>
     <span class='ocr_line' id='line_1_61' title="bbox 241 5581 1925 5656; baseline 0.002 -13"><span class='ocrx_word' id='word_1_847' title='bbox 241 5595 300 5653; x_wconf 72' lang='lat' dir='ltr'>rita</span> <span class='ocrx_word' id='word_1_848' title='bbox 314 5593 407 5649; x_wconf 80' lang='lat' dir='ltr'>locum</span> <span class='ocrx_word' id='word_1_849' title='bbox 425 5589 554 5655; x_wconf 83' lang='lat' dir='ltr'>habeant,</span> <span class='ocrx_word' id='word_1_850' title='bbox 579 5584 690 5643; x_wconf 76' lang='grc' dir='ltr'><strong><em>ᾱίιιιιὶι</em></strong></span> <span class='ocrx_word' id='word_1_851' title='bbox 717 5585 809 5641; x_wconf 81' lang='lat' dir='ltr'>serbis</span> <span class='ocrx_word' id='word_1_852' title='bbox 833 5584 938 5642; x_wconf 90' lang='lat' dir='ltr'>ibidem</span> <span class='ocrx_word' id='word_1_853' title='bbox 958 5581 1071 5656; x_wconf 80' lang='lat' dir='ltr'>Cypriis·</span> <span class='ocrx_word' id='word_1_854' title='bbox 1096 5585 1173 5652; x_wconf 77' lang='lat' dir='ltr'>forte</span> <span class='ocrx_word' id='word_1_855' title='bbox 1187 5586 1229 5641; x_wconf 82' lang='lat' dir='ltr'>sie</span> <span class='ocrx_word' id='word_1_856' title='bbox 1245 5600 1292 5641; x_wconf 85' lang='lat' dir='ltr'>eos</span> <span class='ocrx_word' id='word_1_857' title='bbox 1310 5586 1459 5642; x_wconf 71' lang='grc' dir='ltr'><strong><em>ἁιιιιιιιιιιιι</em></strong></span> <span class='ocrx_word' id='word_1_858' title='bbox 1483 5593 1525 5641; x_wconf 82' lang='grc' dir='ltr'>ιιι</span> <span class='ocrx_word' id='word_1_859' title='bbox 1543 5589 1694 5643; x_wconf 85' lang='lat' dir='ltr'>emundari</span> <span class='ocrx_word' id='word_1_860' title='bbox 1711 5606 1732 5643; x_wconf 87' lang='lat' dir='ltr'>a</span> <span class='ocrx_word' id='word_1_861' title='bbox 1749 5590 1880 5645; x_wconf 68' lang='lat' dir='ltr'>sordibus</span> <span class='ocrx_word' id='word_1_862' title='bbox 1897 5599 1925 5648; x_wconf 83' lang='lat' dir='ltr'>et</span> 
     </span>
    </p>
   </div>
   <div class='ocr_carea' id='block_1_5' title="bbox 0 0 2053 6020">
    <p class='ocr_par' dir='ltr' id='par_1_5' title="bbox 0 0 2053 6020">
     <span class='ocr_line' id='line_1_62' title="bbox 0 0 2053 6020; baseline 0 0"><span class='ocrx_word' id='word_1_863' title='bbox 0 0 2053 6020; x_wconf 95' lang='lat' dir='ltr'> </span> 
     </span>
    </p>
   </div>
  </div>
 </body>
</html>
