4104 6014
885 279 1095 337 nnuosrn
1773 260 1834 348 ιιι

136 437 198 495 loeo
226 437 419 510 apocalyptica
439 437 620 511 probabiliter
639 437 735 510 colligi
757 453 836 509 posse
854 452 910 491 non
930 434 971 489 ιιι
1033 441 1092 493 445.
1129 445 1152 497 t.
1185 446 1209 496 2
1229 441 1572 498 Pctr.1:Daboantem
1592 454 1710 509 operam
1732 446 1759 493 st
1775 440 1835 504 fre·
1825 445 1868 486 ·t.
1882 443 1957 485 test
1965 443 1985 485 1.

136 524 276 592 ficiamur,
303 525 352 580 sed
371 541 406 579 ex
426 541 460 580 ιο
477 524 600 580 nondum
619 523 714 579 inferri
733 529 840 595 potest,
863 522 971 594 specia—
999 534 1113 594 qnenter
1130 526 1232 580 babere
1255 544 1313 594 ιιι,
1337 527 1471 581 nimirum
1490 526 1698 582 commendatas
1718 526 1777 579 erbe
1803 523 1834 576 in
1847 496 1980 588 rabiei-'⁰

135 611 187 665 tim
210 626 244 666 sc
262 611 406 683 sigillatim
424 627 471 665 eos
489 628 539 681 pro
556 610 636 665 nobis
656 627 748 678 orare,
777 627 841 665 cum
860 607 971 679 speciali
999 614 1108 677 animo,
1133 620 1201 681 post
1229 613 1334 667 abdam
1361 631 1464 681 meam,
1493 622 1524 668 at
1550 613 1649 667 boram
1670 611 1833 666 memoriam
1846 603 1973 690 33ξῖζῇ

137 697 259 751 omnium
276 713 369 752 rerum
387 697 487 753 notitia
506 702 536 752 et
553 698 760 771 κιρδιογιωσιᾳ
776 696 971 761 destituantur,
997 698 1130 768 faciatis,
1149 701 1224 752 ande
1243 700 1337 770 aliqui
1354 708 1461 754 ιιιιιιι
1478 717 1534 754 non
1546 700 1640 768 inepte
1655 697 1834 764 collipebcnt
1846 713 1871 743 rs
1885 713 1973 743 memo·

136 782 223 839 multo
246 784 337 838 minus
361 783 426 838 hinc
449 783 546 839 inferri
563 789 668 854 potest,
696 799 744 838 sos
763 799 825 837 esse
841 781 971 851 religiose
998 793 1109 839 sanatos
1116 794 1183 853 past
1192 787 1295 839 abdam
1303 802 1400 852 perere
1415 803 1513 839 caram
1523 785 1680 840 vicentiam.
1709 782 1834 855 Respon·
1847 752 1911 796 ω’

136 869 313 925 invocandos.
332 875 357 926 2.
370 870 502 925 irenaeus
521 870 569 928 lib.
590 875 615 925 4.
634 869 697 926 adr.
717 869 823 928 haeres.
847 885 909 938 cap.
928 873 970 921 33.
998 870 1109 927 demus:
1134 877 1155 926 l.
1166 871 1353 927 Bellarminus
1369 872 1428 942 ipse
1443 871 1555 941 fatetur,
1572 871 1626 926 hoc
1641 875 1835 942 argumentum

137 970 200 1027 pag.
220 961 279 1012 262.
296 963 325 1013 et
343 973 406 1011 enm
425 963 535 1012 secutus
554 955 663 1011 blasius
681 956 716 1010 de
734 955 839 1025 Visgas
857 953 971 1008 Pontifi-
999 974 1055 1012 non
1064 974 1124 1012 esse
1133 957 1255 1021 evidens,
1274 959 1323 1012 ssd
1335 963 1444 1012 tantum
1453 959 1608 1027 probabile.
1627 962 1651 1012 2.
1661 955 1833 1023 Quibusver

137 1043 198 1098 cius
225 1044 343 1113 scriptor
363 1043 392 1098 in
416 1060 513 1100 comm.
535 1043 619 1114 hujus
639 1043 693 1098 loci
713 1042 857 1113 accipiunt
877 1041 912 1096 dc
930 1057 972 1095 ec·
1000 1043 1043 1098 bis
1063 1045 1230 1099 contradicit
1253 1043 1367 1100 Costero
1389 1044 1417 1099 in
1445 1044 1523 1101 ench.
1548 1061 1608 1114 cap.
1636 1051 1674 1099 14.
1700 1042 1831 1098 Suarmio

137 1129 223 1184 clesia
250 1129 395 1185 militante.
435 1133 482 1185 Ea
502 1131 644 1198 omnibns,
673 1128 765 1200 inquit
783 1127 903 1199 Viegas,
929 1142 972 1180 ea·
998 1136 1063 1186 torn.
1082 1136 1106 1186 2.
1124 1130 1265 1188 ιιιΤιιοιιι.
1285 1150 1311 1201 q.
1325 1136 1366 1186 37.
1386 1130 1458 1200 disp.
1471 1136 1514 1187 23.
1534 1135 1600 1185 ιιιι.
1622 1134 1647 1184 2.
1663 1127 1832 1184 Salmeronio

132 1216 322 1286 positionibus
342 1216 398 1270 itta
417 1224 457 1270 est
477 1216 653 1286 permanior,
675 1232 732 1284 per
746 1214 865 1284 phialas
883 1215 974 1266 corda
1000 1217 1071 1289 disp.
1091 1222 1133 1274 21.
1157 1217 1187 1272 in
1213 1224 1234 1274 l.
1252 1215 1314 1272 cor.
1336 1221 1375 1272 13.
1405 1215 1524 1272 Cottone
1542 1215 1561 1271 l.
1585 1221 1607 1270 l.
1625 1215 1688 1274 inst.
1709 1230 1770 1284 cap.
1795 1220 1833 1269 15.

137 1310 299 1358 sanctorem
326 1303 500 1372 inteilipere5
529 1319 584 1373 per
611 1318 715 1355 aureae
739 1302 830 1356 corda
854 1300 974 1354 caritate
1000 1304 1047 1370 qui
1073 1303 1215 1375 egregiam
1245 1302 1427 1358 invocationis
1456 1309 1615 1357 sanctorum
1643 1300 1835 1372 probationem

137 1390 297 1459 subponam·
328 1405 384 1457 per
399 1388 402 1395 '
420 1391 605 1443 odoramenta
634 1390 776 1442 orationes
804 1395 974 1456 sanctornm,
1002 1391 1030 1444 in
1050 1389 1093 1443 his
1110 1390 1188 1445 Petri
1207 1389 1299 1445 verbis
1314 1389 1425 1444 latitius
1442 1388 1619 1443 arbitrantur.
1657 1393 1680 1445 a.
1705 1387 1763 1443 Nos
1783 1401 1835 1440 nec

139 1492 211 1544 puae
228 1483 294 1529 erant
312 1465 344 1529 eo
362 1477 559 1542 ferventiores,
580 1493 635 1546 gno
654 1475 702 1531 itii
719 1476 810 1545 mapie
830 1474 975 1529 maenam
1001 1476 1159 1548 egregium,
1195 1492 1246 1530 nec
1267 1474 1412 1546 probabile
1437 1480 1631 1546 argumentum
1652 1473 1707 1527 illis
1740 1473 1831 1528 inesse

133 1570 303 1633 premantur
330 1569 356 1614 et
379 1562 409 1615 in
433 1561 525 1632 ipnem
544 1563 738 1616 tribulationie
756 1569 891 1630 tanquam
910 1577 973 1613 arc·
1002 1563 1126 1618 dicimus.
1157 1561 1255 1633 Neque
1268 1563 1341 1617 enim
1353 1561 1495 1632 apostolus
1506 1561 1543 1616 de
1555 1577 1585 1614 ιι
1598 1559 1739 1631 promittit,
1759 1558 1832 1629 quod

138 1657 217 1703 mata
234 1648 409 1717 injiciantur,
426 1654 476 1702 ant
494 1649 522 1702 si
537 1649 636 1717 maore,
658 1666 712 1717 qao
733 1648 792 1716 ipsi
808 1647 899 1713 mapis
915 1659 974 1699 etse
1000 1650 1028 1704 in
1056 1648 1187 1719 precibus
1216 1650 1274 1703 suis
1309 1664 1402 1703 eorum
1432 1655 1496 1718 post
1527 1653 1642 1702 mortem
1673 1644 1830 1700 meminisse

137 1751 190 1807 ptr
218 1736 316 1788 carnit
338 1735 556 1789 macerationem
580 1742 606 1787 ti
632 1734 817 1803 asstitiivntm
833 1740 973 1801 Primum,
1000 1737 1074 1804 velit,
1093 1737 1141 1790 sed
1159 1736 1234 1807 qnod
1252 1735 1294 1789 his
1312 1735 1380 1806 ipsis
1399 1735 1524 1805 epistolis
1540 1751 1652 1804 oporam
1669 1732 1736 1786 dare
1755 1730 1830 1799 velit,

133 1839 189 1892 per
209 1838 295 1891 gisam
312 1821 354 1874 ita
370 1837 481 1890 prauae
500 1821 591 1875 animi
609 1820 797 1890 appetitiones
810 1821 973 1882 tundantur,
1000 1830 1032 1877 ut
1054 1823 1150 1879 fideles
1173 1829 1236 1894 post
1257 1829 1372 1877 mortem
1396 1823 1480 1877 etiam
1500 1839 1594 1877 eorum
1612 1820 1770 1875 memoriam
1793 1834 1833 1872 rc-

138 1916 170 1962 nt
193 1910 225 1962 in
247 1923 358 1961 sennem
380 1906 526 1961 minimam
549 1923 600 1960 sea
622 1906 815 1960 tenuissimam
830 1905 973 1974 patrarem
999 1910 1119 1975 tineent,
1150 1925 1221 1979 quae
1249 1925 1283 1962 ex
1310 1909 1384 1979 ipso,
1412 1910 1477 1963 dum
1505 1909 1534 1962 in
1556 1908 1626 1962 vivis
1650 1905 1742 1961 adhuc
1766 1910 1833 1972 erat,

138 1994 315 2063 roditaniwr·
358 1993 433 2057 Quia
463 1993 536 2046 etim
567 1993 665 2056 ftrvffl'
698 2010 731 2046 ee
759 1991 973 2059 morlt'ficssit'm
1000 1996 1171 2050 audiverant.
1200 1994 1356 2050 introducit
1375 1993 1654 2065 igiturBellarminus
1675 1993 1734 2048 sine
1750 2007 1835 2046 causa

139 2081 239 2146 ariter,
256 2099 275 2135 a
294 2098 351 2151 qna
367 2097 510 2149 nunqnam
530 2081 697 2134 cessandum
714 2085 754 2132 est
769 2084 891 2147 propter
910 2095 973 2131 con·
1000 2080 1146 2152 enallagen
1166 2097 1352 2150 personarum.
1392 2081 1492 2135 Petrus
1510 2079 1633 2150 loquitur
1651 2079 1686 2134 de
1704 2077 1835 2153 memoria

54 2198 58 2203 -
142 2168 249 2221 tineam
269 2165 365 2220 carnis
384 2166 571 2229 rebellionem,
593 2167 626 2219 id
637 2166 710 2220 enim
733 2165 884 2235 significat,
905 2181 972 2215 nan·
1000 2171 1159 2221 sanctorum
1178 2166 1314 2235 fidelium,
1335 2165 1370 2221 ad
1396 2183 1465 2237 quos
1489 2165 1598 2226 scribit:
1628 2165 1688 2236 ipse
1706 2160 1773 2218 vero
1798 2163 1833 2216 de

140 2270 225 2321 qaam
244 2253 274 2306 in
293 2253 386 2306 attari
404 2253 593 2322 thymiamatis
610 2253 738 2317 defuisse
755 2253 862 2320 ipnem,
886 2265 973 2318 qnare
1001 2253 1077 2308 Petri
1096 2254 1287 2308 recordatione
1307 2253 1359 2307 hoc
1377 2252 1498 2323 exponit,
1518 2251 1665 2306 committit
1683 2251 1765 2305 etiam
1781 2248 1835 2303 fal-

140 2340 191 2408 qai
217 2339 345 2393 Orationi
368 2346 470 2408 vacat,
499 2357 555 2394 ποι
580 2338 792 2405 mortificationi
814 2335 973 2389 incumbent
1000 2340 1099 2395 laciam
1131 2339 1337 2410 compositionis
1372 2346 1399 2395 et
1431 2337 1574 2392 divisionis
1607 2335 1757 2390 dividendo
1792 2350 1834 2399 ea,

140 2425 260 2496 perinde
278 2426 369 2494 facit,
393 2443 427 2479 ac
444 2426 471 2479 si
487 2426 548 2479 sins
567 2426 631 2495 igne
647 2432 778 2478 aromata
794 2423 861 2477 velit
878 2439 973 2475 accen·
1002 2443 1074 2497 quas
1091 2426 1120 2479 in
1139 2431 1218 2480 textu
1238 2425 1392 2495 apostolico
1409 2431 1473 2479 sunt
1493 2427 1648 2495 conjuncta.
1690 2421 1732 2474 Ex
1750 2420 1834 2475 aerbo

141 2513 217 2567 dere.
238 2508 973 2580 InesndamsententiamabeuntAugustinus,Beda,
1002 2512 1074 2568 eninr
1094 2513 1166 2582 ἔχειν
1186 2510 1346 2581 dependent
1365 2511 1522 2581 sequentia,
1549 2507 1663 2583 μνήμην
1684 2512 1835 2575 natricem,

138 2597 301 2652 Primasius.
336 2597 435 2669 Neque
448 2602 541 2668 potest
552 2595 618 2651 hnic
627 2595 848 2667 interpretationi
858 2594 973 2664 obverti,
1002 2607 1033 2654 ut
1052 2599 1088 2652 sit
1107 2615 1211 2666 sensus,
1234 2613 1349 2666 operam
1370 2599 1453 2665 dabo,
1469 2605 1500 2650 ιι
1517 2596 1652 2664 babentia
1672 2596 1752 2663 cajus
1768 2601 1834 2662 poet

141 2684 214 2755 quod
232 2683 321 2738 sancti
341 2683 381 2737 ilii
399 2685 429 2736 s'n
447 2685 525 2737 coelo
545 2683 597 2737 visi
616 2688 694 2752 sunt,
713 2699 746 2737 ac
766 2681 882 2751 proinde
901 2696 973 2734 mor·
1001 2687 1104 2738 ebdom
1138 2701 1227 2738 meam
1252 2683 1447 2736 recordemini.
1494 2689 1518 2738 4.
1547 2682 1588 2735 Eo
1614 2681 1695 2736 modo
1722 2679 1835 2749 exponit

139 2770 180 2825 tni
198 2769 288 2825 sancti
309 2769 365 2824 sint
383 2769 565 2840 intelligendi.
599 2768 719 2825 Narnia
737 2767 890 2822 visionibus
908 2784 973 2838 apo·
1001 2771 1185 2827 Oecumenius
1203 2770 1232 2823 in
1249 2784 1345 2823 comm.
1375 2769 1523 2834 Nonnulli,
1552 2768 1653 2838 inquit,
1668 2783 1720 2835 per
1735 2768 1834 2834 hyper·

138 2854 285 2925 oalypticis
310 2856 419 2910 nomine
444 2855 513 2911 coeli
540 2856 651 2925 saepius
670 2855 837 2925 intelligitur
856 2853 973 2908 ecclesia
1000 2860 1084 2912 ιαιοιι
1092 2857 1252 2924 intetlipnnt
1261 2857 1313 2910 Ιιοι
1321 2857 1414 2919 moda,
1424 2855 1498 2908 dabo
1508 2863 1600 2908 antem
1611 2870 1726 2922 operam
1737 2859 1835 2920 etpost

138 2942 167 2995 in
186 2941 230 2995 his
248 2942 330 2995 terris
350 2941 480 3007 militans,
500 2942 589 3012 Apoc.
607 2948 646 3010 12,
662 2959 688 2997 v.
704 2947 726 2996 l.
748 2947 800 2995 etc.
820 2939 970 2995 Salmeron.
1000 2960 1089 2998 meam
1108 2943 1211 2996 ιιιιιιιι
1227 2960 1276 2997 aas
1287 2941 1391 2995 babere
1402 2957 1519 3009 semper,
1538 2941 1595 2993 sios
1614 2941 1643 2994 in
1657 2940 1719 2992 dies
1730 2946 1757 2991 et
1769 2956 1832 2993 con·

138 3033 202 3082 tom.
225 3033 265 3082 15.
284 3026 355 3097 disp.
375 3035 400 3087 t.
419 3028 448 3081 in
470 3034 491 3085 1.
508 3028 580 3083 Tim
599 3033 622 3082 2.
644 3045 709 3098 pag.
729 3033 789 3084 458.
810 3026 973 3081 alternative
1001 3031 1076 3083 tinne
1101 3030 1200 3084 trorum
1217 3029 1392 3092 memoriam,
1415 3028 1538 3081 colentes
1556 3043 1589 3081 ea
1609 3026 1661 3079 bac
1679 3027 1833 3091 ostendere,

140 3113 276 3184 loquitor:
300 3113 350 3168 Vel
368 3113 420 3167 ιἰιι·
436 3114 529 3168 ιιιιιι
550 3121 614 3168 sant
633 3115 715 3177 beati,
734 3122 760 3167 et
777 3115 819 3166 sic
832 3113 974 3176 babemus,
1001 3119 1078 3186 quod
1103 3117 1186 3170 etiam
1206 3122 1274 3186 past
1292 3124 1407 3170 mortem
1424 3115 1517 3169 sancti
1536 3130 1631 3168 mam
1650 3112 1835 3176 meminerint,

139 3204 216 3269 prsod
228 3217 288 3268 pro
305 3200 384 3254 nobis
403 3207 503 3271 orant,·
521 3201 564 3255 oet
577 3209 642 3254 sant
653 3201 783 3266 oiatorm,
803 3198 975 3269 qniasancti
1001 3220 1074 3272 qnae
1101 3203 1147 3257 bic
1170 3220 1227 3273 pro
1258 3202 1409 3257 niventibus
1440 3202 1630 3270 perfecerant.
1675 3199 1740 3252 Alii
1769 3215 1834 3253 oero

138 3287 200 3356 jam
226 3287 301 3340 ιιιιι
319 3304 338 3340 a
355 3287 504 3341 sanctitate
525 3289 654 3342 cecidere
673 3295 810 3357 nequeant
829 3295 856 3340 et
872 3301 925 3354 pro
943 3302 973 3338 se
1001 3290 1166 3358 simpliciter
1191 3297 1344 3343 tractantes
1367 3289 1444 3343 atem
1468 3288 1573 3341 dictam
1599 3286 1641 3339 ita
1663 3285 1836 3354 intellipnnt,

140 3373 211 3442 ipsis
230 3389 315 3427 arare
333 3391 390 3427 non
408 3373 546 3443 indigent,
566 3382 592 3427 ιι
608 3375 650 3427 sic
666 3375 748 3437 beati,
767 3374 794 3430 b.
807 3390 830 3427 e.
848 3374 974 3426 seniores
1002 3377 1075 3430 dabo
1104 3393 1220 3444 operam
1248 3385 1275 3429 et
1305 3391 1415 3444 semper
1445 3374 1548 3427 trabere
1579 3389 1629 3426 ιιι
1653 3379 1721 3440 post
1745 3387 1835 3424 meran

140 3477 188 3513 sas
209 3460 274 3513 Deo
295 3468 490 3529 praesentant.
527 3459 583 3515 Per
608 3461 795 3514 odoramenta
820 3475 877 3513 non
895 3457 974 3513 intel·
1001 3463 1115 3523 scitam,
1136 3471 1166 3514 nt
1183 3463 1282 3515 boram
1299 3462 1401 3515 mentio
1417 3462 1485 3528 tint,
1510 3460 1562 3513 boc
1582 3466 1622 3511 eat
1640 3473 1676 3511 ne
1695 3457 1837 3511 miremini

140 3545 265 3618 liguntur
282 3545 422 3600 orationes
441 3552 601 3601 sanctornm
619 3547 647 3600 in
667 3546 719 3600 hac
734 3546 792 3600 vita
804 3545 974 3616 degentium,
1001 3566 1088 3618 nepae
1112 3565 1226 3616 gramm
1251 3548 1362 3600 ducatis
1385 3546 1532 3600 assiduam
1560 3546 1596 3597 de
1614 3545 1658 3599 tris
1669 3545 1741 3613 fieri
1756 3544 1835 3598 cobis

140 3633 189 3687 sed
209 3632 391 3702 ipsorummet
414 3632 557 3687 beatorum
577 3649 639 3687 curn
660 3631 770 3687 Christo
789 3631 972 3702 regnantium.
1002 3635 1172 3688 mentionem.
1192 3635 1257 3687 Non
1267 3633 1340 3686 onim
1349 3634 1537 3685 condemnans
1548 3634 1702 3685 radiaaem
1714 3637 1835 3684 ommam

139 3717 179 3774 Ut
188 3717 261 3772 enim
273 3733 323 3789 per
333 3719 454 3773 citharas
464 3719 658 3791 intelliguntur
673 3719 770 3773 laudes
784 3726 813 3773 et
822 3719 973 3788 gratiarum
1000 3722 1051 3775 troc
1068 3722 1155 3785 facio,
1172 3723 1223 3774 sed
1238 3737 1291 3788 per
1308 3720 1469 3775 concinnam
1487 3718 1581 3771 debis
1600 3719 1759 3772 doctrinam
1768 3734 1835 3786 per·

9 3817 125 3861 vllam.
139 3804 278 3872 actiones,
309 3821 378 3875 quas
402 3804 455 3874 ipsi
480 3803 542 3858 Deo
568 3804 703 3873 offerunt;
736 3805 776 3858 ita
801 3821 850 3874 per
877 3805 973 3859 odora·
1000 3824 1130 3861 seimane
1148 3806 1326 3860 etimmobite
1340 3806 1417 3860 cobis
1433 3805 1836 3868 erbibeoboramsabeidinm,

140 3896 232 3945 menta
255 3907 366 3960 preces,
392 3908 462 3962 quas
481 3891 535 3962 ipsi
554 3908 603 3961 pro
621 3891 739 3945 ecclesia
758 3889 893 3944 militante
912 3889 973 3944 fun·
1001 3902 1031 3947 nt
1054 3894 1099 3947 bis
1123 3894 1283 3957 confirmati
1299 3892 1427 3946 babeatis
1444 3891 1528 3944 etiam
1543 3898 1608 3960 post
1627 3907 1716 3944 meam
1732 3889 1835 3944 abdam

139 3979 221 4046 dunt,
253 3977 441 4049 accipiendae.
490 3985 514 4038 4.
545 3977 691 4034 Orationes
724 3977 788 4032 illae
816 3983 972 4031 sanctorum
1000 3983 1091 4034 oioam
1115 3999 1149 4034 ae
1166 3981 1342 4036 indelebilem
1360 3980 1458 4032 baram
1478 3979 1656 4046 doctrinam,·
1684 3977 1732 4031 ubi
1753 3976 1834 4047 quili-

138 4079 193 4117 non
214 4072 279 4119 sunt
298 4066 444 4133 blacterat,
460 4065 683 4134 propitiatoriae
701 4081 736 4116 ac
753 4064 973 4131 satisfactorias,
1001 4068 1049 4120 bet
1066 4066 1150 4133 videt,
1170 4066 1348 4136 posteriorem
1366 4064 1622 4134 interpretationem
1641 4068 1674 4118 ut
1685 4061 1832 4132 simplicio·

139 4151 219 4220 quasi
246 4151 348 4206 virtute
374 4151 465 4205 meriti
493 4151 537 4205 sui
562 4167 612 4222 pro
630 4150 692 4204 aliis
710 4166 760 4220 per
779 4165 826 4204 eas
843 4149 971 4219 interpel·
1000 4170 1057 4207 rem
1097 4152 1181 4222 priori
1220 4168 1271 4221 per
1307 4150 1484 4221 hyperbaton
1519 4148 1657 4221 figuratae
1693 4148 1833 4204 anteferri.

137 4235 209 4306 lent,
230 4238 279 4292 sed
299 4237 497 4309 sixnpsaumit,
524 4237 564 4291 sic
578 4237 651 4292 enim
675 4234 871 4292 describuntur
893 4253 918 4291 v.
938 4240 969 4290 9:
1000 4239 1100 4294 Glossa
1125 4237 1265 4293 ordinaria
1284 4237 1337 4292 ib:
1363 4241 1441 4291 Diem
1460 4237 1536 4303 niro,
1556 4236 1630 4289 dabo
1651 4251 1784 4304 operam,
1803 4241 1834 4288 ut

139 4323 252 4378 Gannnt
277 4324 419 4378 canticam
436 4342 536 4378 nonam
560 4324 698 4388 dicentes,
727 4323 831 4391 dipnns
850 4339 878 4375 ee
898 4323 970 4376 acci-
1000 4344 1047 4379 oos
1070 4327 1254 4397 frequenter,
1282 4341 1319 4378 se.
1347 4323 1455 4393 quoties
1481 4321 1625 4375 instabunt
1650 4321 1832 4389 pseudopro·

133 4426 205 4479 pere
228 4411 333 4465 libram
350 4417 377 4462 et
394 4409 543 4478 monacale
567 4410 643 4478 ejas,
670 4409 800 4477 qnoniam
818 4409 925 4462 ιιιιιιιι
943 4425 971 4463 es
995 4413 1099 4482 phetae
1125 4419 1152 4463 et
1176 4411 1269 4464 colent
1292 4426 1341 4462 ιιι
1362 4407 1541 4474 abstrahere,
1566 4407 1691 4459 babeatis
1716 4406 1785 4460 baec
1802 4408 1833 4459 in

139 4503 164 4550 et
180 4496 325 4550 redemisti
342 4512 394 4548 nos
411 4496 476 4548 Deo
489 4511 546 4564 per
566 4495 729 4564 sanquinem
750 4502 827 4548 taum
846 4510 879 4548 es
896 4496 973 4548 omni
999 4498 1133 4552 memoria
1145 4503 1213 4564 post
1232 4496 1335 4548 obitam
1346 4511 1445 4548 meam.
1475 4492 1597 4546 Thomas
1617 4491 1752 4563 Aquinas,
1774 4492 1830 4563 Ly·

138 4583 255 4636 tribuet
272 4582 373 4650 linpna
392 4589 418 4634 et
430 4582 541 4651 populo
557 4590 584 4636 et
602 4581 724 4634 natione.
747 4598 773 4635 v.
794 4586 833 4636 10.
868 4581 909 4634 Et
922 4582 971 4647 fe·
998 4600 1098 4647 ranus,
1118 4582 1203 4652 Hugo
1221 4579 1383 4647 Cardinalis,
1407 4578 1560 4648 Dionysius
1576 4577 1777 4633 carthusianus
1801 4578 1830 4632 in

138 4669 202 4722 cisti
219 4686 270 4723 aas
289 4670 353 4721 Deo
372 4675 468 4721 nostro
486 4684 567 4736 repes
584 4675 610 4722 et
627 4669 802 4732 sacerdotes,
829 4675 855 4720 et
872 4685 970 4735 reyna-
998 4686 1111 4725 comm:
1138 4668 1222 4721 Dabo
1241 4684 1369 4739 operam,
1395 4666 1527 4718 nimirum
1543 4665 1654 4718 interim
1674 4667 1742 4717 dam
1760 4665 1830 4728 oisc,

138 4755 227 4808 bimas
253 4770 339 4824 snper
366 4761 480 4809 terram.
524 4754 601 4809 Istae
626 4770 693 4825 ergo
719 4756 874 4823 προσευχαὶ
902 4753 972 4807 nibil
997 4774 1045 4810 ιιι
1069 4755 1267 4808 commonendo
1290 4770 1346 4806 non
1364 4751 1455 4806 eatam
1473 4751 1572 4816 semel,
1597 4753 1649 4805 sed
1667 4752 1751 4805 stiam
1771 4752 1831 4815 fre·

137 4841 213 4895 aliud
233 4847 297 4895 sunt
316 4839 503 4911 quamcnltus
517 4839 565 4894 ille
577 4840 794 4912 glorificationis,
812 4857 868 4910 quo
881 4841 970 4895 sancti
998 4850 1113 4911 quanter
1136 4841 1238 4894 tabem
1261 4840 1360 4894 boram
1387 4839 1559 4893 memoriam.
1601 4836 1752 4908 Cajetanus
1769 4836 1831 4892 eod.

137 4926 227 4981 Deum
253 4928 281 4981 in
307 4927 366 4981 vita
390 4932 503 4981 aeterua
527 4935 696 4982 venerantur
720 4927 801 4998 cique
824 4945 875 4999 pro
897 4944 927 4981 se
942 4934 971 4981 et
997 4930 1083 4985 mod:
1110 4929 1196 4982 Dabo
1225 4944 1356 4995 operam,
1385 4926 1404 4983 i.
1429 4942 1451 4980 e.
1473 4926 1612 4980 ordinabo
1637 4927 1705 4978 ctam
1721 4943 1782 4977 eum
1800 4926 1831 4978 in

136 5019 196 5069 tota
219 5014 337 5069 ecclesia
360 5013 464 5085 gratias
489 5019 585 5084 agunt.
610 5021 634 5071 b.
656 5013 753 5070 Sancti
774 5013 799 5068 h.
819 5014 836 5067 l.
856 5015 968 5068 ιιιιιιιιιιι
996 5018 1057 5078 aia,
1074 5023 1105 5068 nt
1123 5016 1174 5069 bos
1191 5013 1319 5067 babeatis
1335 5020 1402 5082 post
1418 5020 1532 5066 mortem
1549 5028 1639 5065 mecm
1659 5011 1761 5074 libros,
1781 5012 1920 5079 qnixvut
1938 5016 1984 5062 lat.

136 5100 238 5156 Christi
265 5100 393 5156 meritum
413 5105 547 5170 tanquam
574 5100 672 5154 salutis
700 5116 766 5154 suae
793 5115 904 5154 oausam
925 5118 969 5155 ex·
995 5104 1072 5158 ιοιιι
1091 5103 1160 5155 baec
1177 5102 1209 5153 in
1228 5100 1390 5154 memoriam
1409 5107 1542 5162 resecem,
1562 5106 1592 5151 at
1612 5099 1710 5151 boram
1730 5115 1830 5152 memo·

135 5187 244 5252 tollunt,
261 5188 407 5241 redemisti
425 5203 484 5252 nos,
505 5185 643 5256 inquiunt,
662 5188 727 5240 Deo
738 5201 793 5254 per
803 5186 967 5255 sanquinem
996 5192 1069 5243 riam
1085 5189 1220 5255 babeatis,
1241 5187 1260 5239 i.
1274 5203 1296 5243 e.
1310 5188 1470 5241 doctrinam
1481 5193 1665 5240 memoratam
1678 5185 1830 5253 impleatis.

134 5282 220 5327 taam.
264 5272 372 5329 Nolunt
397 5273 495 5344 igitur,
537 5275 570 5324 ut
596 5270 718 5341 ipsorum
745 5271 850 5326 meritis
875 5289 967 5327 coram
995 5275 1130 5329 Emanuel
1151 5272 1206 5328 Soa
1219 5271 1329 5327 lesuita
1349 5273 1378 5326 in
1396 5272 1423 5326 h.
1444 5272 1476 5328 l:
1499 5272 1584 5325 Dabo
1603 5288 1727 5342 operam,
1746 5273 1831 5340 qnasi

134 5359 309 5431 Deijudicio
329 5360 458 5428 nitamur,
479 5357 527 5413 sed
546 5355 628 5412 unice
646 5365 675 5413 et
692 5357 851 5413 insolidum
869 5358 967 5413 merito
996 5362 1088 5427 dicat,
1122 5367 1152 5412 at
1176 5367 1242 5430 post
1265 5359 1367 5413 obitam
1391 5375 1480 5412 meam
1504 5359 1622 5426 possitis
1649 5357 1747 5411 boram
1764 5359 1829 5424 fre·

133 5444 246 5501 Christi.
995 5455 1109 5518 quanter
1124 5445 1289 5501 memins‘see.
1323 5445 1417 5500 Estius
1436 5443 1555 5514 scriptor
1571 5442 1744 5510 Pontificius,
1765 5462 1828 5514 pro·
