4104 6014
893 248 945 306 ΒΕ
965 250 1104 311 Monta.
1789 260 1849 320 283

151 412 193 477 33,
210 425 237 462 r
260 411 305 464 to:
324 406 471 461 Abraham
487 407 576 460 nescit
594 424 659 474 aas,
681 406 777 460 Israel
795 405 910 474 ipnorat
928 425 1002 472 ιιοε,;
999 397 1155 493 ξἐεηειοε
1147 426 1221 480 ιρεοε
1243 426 1303 465 esse
1327 407 1498 477 laudandos,
1517 408 1592 479 quod
1612 408 1692 463 donis
1710 409 1767 463 suis
1785 407 1851 463 fide·

106 505 108 508 '
151 503 182 549 tu
201 500 294 548 auum
314 494 436 547 Domine
456 501 538 560 pater
563 500 713 548 nosteres.
758 491 1002 547 t.lnvooaree1
1000 466 1077 547 liter
1095 494 1199 550 fuerint
1225 496 1283 561 usi,
1310 494 1470 592 cumprimis
1488 510 1553 550 vero
1577 494 1744 562 doctrinam,
1769 511 1851 565 quam

150 580 179 633 ri
203 578 323 633 nominis
350 583 392 633 est
414 577 569 648 aliquem
563 595 590 630 nr
617 578 748 632 auxilium
772 594 880 632 vocare.
923 575 1002 633 lam
1000 620 1002 653 ,
1001 587 1218 649 proposuerunt
1237 586 1265 634 et
1282 581 1417 650 sanguine
1435 597 1485 634 suo
1503 579 1694 650 obsignarunt,
1717 597 1776 634 esse
1791 596 1852 651 pro·

154 681 221 720 vero
242 664 383 719 nominare
403 663 526 734 aliquem
552 669 670 718 nonest
696 663 814 717 statim'
807 681 836 716 ιη
854 663 1188 745 ειιιιὶἰίηιηξρερεηάειιι,
1220 664 1270 719 sed
1296 682 1329 720 ex
1357 682 1390 719 eo
1417 664 1541 720 nondum
1570 665 1710 735 sequitur,
1741 671 1852 719 sanctos

150 764 260 804 vocare.
309 751 384 819 Ergo
414 747 556 804 nominare
586 747 707 818 aliquem
738 766 794 802 non
823 755 865 803 est
894 749 987 803 statim
1000 808 1002 827 ἱ
1015 751 1144 821 religiose
1184 767 1244 805 esse
1281 750 1460 806 invocandos.
1512 750 1680 821 Augustana
1715 749 1852 805 confessio

151 835 271 891 eundem
283 834 420 890 invocare.
449 832 565 888 Constat
583 840 685 894 autem,
703 833 862 889 Pontificios
877 835 987 891 invoca·
1000 836 1003 889 l
1015 843 1066 895 art.
1089 842 1129 892 ιι.
1143 838 1278 904 concedit,
1298 839 1376 906 quod
1391 837 1526 891 memoria
1542 845 1703 891 sanctarum
1720 837 1751 891 in
1767 837 1852 890 eccle·

150 919 254 975 tionem
286 927 443 975 sanctorum
473 919 585 990 proprie
623 921 662 973 sic
694 919 798 974 dictam
822 894 1059 1018 defenderelsia
1073 925 1201 995 proponi
1213 923 1314 992 possit,
1333 930 1364 976 ut
1378 924 1517 977 imitemur
1529 924 1619 992 fidem
1632 940 1729 976 eorum
1742 923 1851 977 attona

151 1007 227 1077 Ergo
255 1023 311 1060 non
334 1006 409 1061 nude
433 1013 461 1061 et
485 1004 648 1076 simpliciter
679 1023 726 1061 eos
756 1005 905 1073 nominari,
939 1007 1003 1060 sed
1000 1027 1103 1078 opera
1124 1011 1211 1078 juata
1235 1010 1415 1064 uocationem.
1471 1008 1525 1063 Sed
1545 1009 1648 1064 Caesar
1677 1009 1793 1064 Carolus
1824 1017 1852 1064 et

151 1092 264 1147 ειίεηι
256 1109 285 1146 ιη
302 1091 434 1147 auxilium
454 1092 547 1147 vocari
561 1091 664 1147 volunt.
695 1090 765 1147 3.Ιιι
785 1092 817 1148 V,
829 1091 865 1146 T.
882 1098 1003 1146 sancto-t
1001 1095 1153 1165 principos
1189 1095 1328 1150 Pontificii
1364 1095 1438 1149 hunc
1476 1094 1623 1149 articulum
1660 1095 1850 1165 repudiarunt

151 1196 213 1233 rum
234 1177 435 1233 invocationem
454 1178 577 1232 noudum
597 1176 684 1231 fuisse
703 1177 848 1239 usitatam,
873 1150 1072 1269 εηΙςειεξΗίε
1091 1182 1243 1248 articulus,
1262 1181 1404 1252 inquiunt,
1429 1182 1615 1245 confessionis
1634 1182 1713 1234 toties
1730 1183 1851 1235 damno·

152 1263 362 1320 Pontificiorum
384 1272 427 1318 est
447 1262 623 1334 hypothesis,
650 1280 733 1333 quam
758 1280 791 1318 ex
810 1279 843 1317 eo
862 1238 1003 1332 probant,
1015 1275 1059 1320 tus
1080 1267 1193 1336 penitus
1211 1266 1383 1333 rejiciendus
1408 1275 1447 1320 eat
1473 1275 1500 1319 et
1528 1284 1590 1320 cum
1615 1274 1675 1319 tota
1697 1267 1853 1320 uniuersali

152 1349 229 1420 quod
257 1349 432 1419 patriarchae
458 1348 493 1405 V.
519 1347 552 1403 T.
581 1348 813 1403 descenderint
806 1365 834 1402 m
865 1348 988 1404 limbum
1016 1353 1136 1407 ecclesia
1173 1352 1332 1406 orthodoxa
1365 1354 1569 1421 reprobandus.
1622 1359 1646 1408 3.
1676 1351 1850 1406 Praedicatio

151 1433 216 1491 lam
235 1452 301 1490 vero
328 1436 368 1507 pii
388 1434 533 1490 Israiilitae
559 1434 592 1490 V.
611 1434 671 1488 T.
664 1452 692 1488 ιη
716 1434 847 1504 precibus
868 1434 923 1488 suis
942 1453 988 1489 no
1016 1444 1183 1501 sanctorum,
1205 1454 1261 1508 qua
1279 1437 1406 1492 doctrina
1424 1443 1453 1493 et
1470 1454 1555 1508 opera
1572 1438 1694 1506 ipsorum
1712 1454 1850 1492 commen·

152 1520 294 1576 minarent
320 1528 432 1577 sanctos
454 1521 582 1591 majores.
626 1520 713 1574 Exod.
735 1525 783 1586 32,
809 1539 833 1573 v.
864 1526 901 1576 13.
928 1528 989 1577 orat
1016 1522 1117 1577 dantur
1147 1528 1232 1594 atque
1264 1523 1300 1577 ad
1334 1522 1515 1578 imitationem
1550 1523 1611 1578 aliis
1650 1529 1850 1593 proponuntur,

152 1606 282 1678 Moyses:
310 1609 477 1662 Recordare
502 1608 649 1661 Abraham
677 1614 702 1661 et
731 1609 817 1660 Isaac
845 1616 870 1660 ct
895 1608 989 1662 lsrael
1015 1611 1106 1663 locum
1125 1608 1227 1664 habere
1246 1616 1345 1679 potest,
1362 1609 1386 1662 si
1405 1608 1450 1662 vel
1464 1608 1581 1663 maxime
1600 1608 1636 1662 ad
1656 1625 1751 1663 eorum
1768 1626 1850 1679 opem

153 1711 297 1749 semorum
317 1702 442 1760 tuorum,
462 1711 517 1748 non
539 1693 612 1764 quod
630 1693 705 1762 ipsos
724 1693 927 1761 invocaverint,
946 1694 989 1746 vel
1015 1701 1044 1750 et
1063 1695 1195 1750 auxilium
1219 1711 1269 1765 per
1296 1694 1455 1765 religiosam
1479 1694 1681 1749 invocationem
1705 1711 1762 1750 non
1786 1711 1849 1749 con·

151 1780 190 1836 ad
206 1796 301 1835 eorum
321 1781 418 1837 merita
435 1779 625 1850 confugerint,
650 1779 698 1832 sed
725 1784 757 1832 ut
780 1779 913 1833 rationem
932 1779 989 1833 foc·
1014 1782 1155 1854 fugiamus
1187 1798 1237 1836 uec
1263 1782 1385 1852 ipsorum
1413 1782 1517 1836 meritis
1542 1782 1570 1835 in
1593 1781 1722 1850 precibus
1748 1781 1848 1836 nostris

153 1865 237 1935 deris,
255 1865 329 1937 quod
348 1882 411 1919 cum
431 1864 607 1932 Abrahamo,
625 1863 721 1918 isaaco
740 1870 768 1919 et
785 1864 893 1919 Jacobo
913 1864 988 1918 Deus
1016 1867 1144 1935 nitamur,
1162 1875 1193 1921 ut
1211 1884 1244 1922 ex
1262 1868 1342 1936 praxi
1359 1868 1538 1922 ecclesiarum
1557 1874 1712 1921 nostrarum
1730 1875 1847 1924 conant.

152 1953 307 2023 pepigerat,
325 1950 452 2005 nimirum
471 1966 500 2005 ao
518 1950 673 2019 posteritati
693 1951 814 2018 ipsorum
825 1949 987 2004 benefecta·
1015 1953 1080 2009 lam
1099 1969 1164 2006 vero
1182 1952 1321 2007 Pontificii
1340 1952 1376 2006 ad
1395 1952 1493 2008 merita
1504 1960 1532 2006 et
1545 1953 1677 2007 auxilium
1692 1960 1850 2008 sanctorum

152 2054 236 2107 rum,
261 2036 322 2093 Deo
341 2037 371 2090 in
387 2035 518 2106 precihus
535 2035 592 2090 suis
610 2040 797 2105 proponerent
822 2051 907 2104 seque
927 2052 988 2105 pro·
1012 2040 1113 2109 jubent
1132 2038 1290 2109 confugere.
1327 2038 1403 2109 Ergo
1425 2039 1545 2093 ultrast
1565 2045 1674 2108 praeter
1692 2047 1850 2094 sanctorum

153 2119 329 2177 missionibus
352 2120 453 2175 divinis
479 2121 516 2175 ad
533 2120 705 2190 patriarchas
730 2120 812 2174 sactis
831 2120 881 2174 niti
900 2127 989 2175 osten·
1015 2125 1249 2194 praedicationem
1268 2122 1375 2194 aliquid
1394 2123 1470 2177 eliud
1490 2123 1642 2194 requirunt,
1661 2124 1790 2179 videlicet
1808 2141 1849 2180 re·

154 2209 261 2277 derent,
273 2207 347 2262 unde
362 2208 456 2262 statim
469 2207 582 2262 additur
593 2207 668 2275 apud
681 2205 810 2276 Moysen:
827 2208 988 2262 Recordare
1016 2210 1142 2282 ligiosam
1158 2227 1252 2266 eorum
1270 2211 1481 2265 invocationem.

153 2295 297 2349 Abrabam
325 2301 352 2348 at
378 2295 464 2347 Isaac
495 2298 546 2346 etc.
577 2292 676 2360 potera
696 2292 810 2360 jurasti
829 2310 883 2361 per
908 2301 989 2347 temet
1049 2301 1107 2353 377.
1144 2304 1166 2352 5.
1183 2296 1245 2352 Non
1265 2313 1324 2351 csse
1343 2296 1531 2366 quaestionem
1547 2298 1673 2349 denuda
1690 2305 1850 2351 sanctorum

153 2380 245 2448 ε’ρεηιιι
270 2380 381 2433 dicens:
420 2378 624 2446 Mrdtiplicabo
654 2394 746 2431 semen
769 2386 889 2431 uestrum
918 2379 990 2433 sicut
1016 2383 1245 2452 compellatione,
1270 2387 1337 2454 quia
1360 2382 1448 2436 sancti
1465 2388 1627 2437 moneantur
1646 2389 1673 2438 et
1691 2383 1850 2449 invitentur,

152 2467 250 2521 stellas
268 2466 342 2521 coeli
359 2474 385 2519 et
404 2466 562 2520 rsniuersam
581 2473 686 2519 terram
707 2465 780 2518 hanc
798 2466 871 2517 dabo
889 2467 991 2519 semini
1016 2476 1048 2524 ut
1067 2487 1117 2540 pro
1138 2469 1255 2524 ecclesia
1275 2469 1303 2523 in
1323 2469 1404 2524 terris
1420 2467 1512 2522 adhuc
1530 2467 1666 2522 militante
1682 2470 1774 2533 orent,
1794 2487 1850 2540 quo

153 2560 246 2607 nemra
266 2558 316 2607 etc.
347 2550 401 2606 Illa
418 2569 483 2608 vero
503 2552 647 2623 promissio
667 2551 825 2622 temporalis
844 2551 878 2606 de
899 2552 988 2606 multi·
1016 2555 1132 2611 modoa
1153 2555 1207 2625 piis
1229 2555 1258 2608 iu
1279 2554 1320 2608 his
1339 2557 1419 2608 terris
1439 2553 1594 2608 viventibus
1617 2555 1663 2608 vel
1686 2571 1787 2623 coram,
1805 2556 1850 2611 vel

154 2636 303 2708 plicatione
323 2637 493 2708 posteritatis
517 2644 546 2692 et
565 2637 742 2693 concessione
765 2642 855 2692 terrae
875 2636 989 2692 Canaan
1015 2659 1065 2711 per
1081 2641 1175 2696 literas
1192 2641 1327 2710 petimus,
1344 2646 1377 2695 ut
1393 2656 1444 2710 pro
1463 2638 1543 2693 nobis
1560 2640 1636 2709 apud
1654 2638 1746 2694 Deum
1766 2642 1849 2697 iuter·

153 2723 287 2778 inclusam
313 2723 411 2779 habuit
436 2722 643 2792 promissionem
676 2723 712 2777 de
734 2721 851 2789 Messio,
876 2729 989 2792 propter
1015 2727 1129 2795 cedant,
1156 2743 1221 2781 suas
1249 2742 1345 2795 preces
1372 2725 1473 2780 nostris
1501 2725 1670 2793 conjungant
1696 2726 1849 2799 iisdemque

154 2825 237 2879 quem
256 2813 285 2864 et
298 2827 349 2879 ρει
367 2825 450 2880 quem
463 2808 714 2864 reconciliationem
732 2824 796 2861 cum
808 2807 877 2875 Deo,
895 2808 988 2862 remis·
1015 2814 1132 2869 salutem
1146 2817 1270 2867 nostram
1281 2811 1400 2866 fideliter
1413 2810 1615 2874 commendent,
1627 2827 1709 2882 quam
1726 2813 1850 2869 rivorum

153 2894 258 2950 sionem
274 2903 452 2967 peccatorum
465 2901 494 2950 et
510 2894 729 2949 necessariorum
748 2893 882 2948 bonorum
902 2893 988 2965 largi·
1014 2898 1254 2969 compellationem
1284 2897 1397 2967 quidam
1425 2896 1455 2949 in
1483 2895 1685 2965 significatione
1715 2914 1849 2968 perquam

153 2981 255 3036 tionem
290 2981 393 3052 posteri
425 2999 443 3036 a
475 2980 537 3036 Deo
573 2979 739 3050 petiverunt.
797 2979 889 3043 Quare
925 2997 988 3034 cum
1016 2984 1082 3053 lata,
1104 2983 1255 3053 impropria
1280 2986 1308 3037 et
1325 2980 1474 3052 Scripturis
1493 2980 1627 3035 inusitata
1646 2981 1850 3038 invocationem

153 3067 297 3125 Iaraiilitae
321 3073 353 3122 V.
379 3067 413 3121 T.
439 3073 549 3122 sanctos
580 3067 698 3136 majores
725 3065 754 3121 iu
779 3065 907 3136 Precibus
931 3065 988 3120 suis
1015 3069 1164 3139 appellant
1212 3067 1293 3134 (Dico
1312 3067 1374 3121 lata
1397 3074 1422 3119 et
1440 3066 1614 3136 impropria,
1640 3068 1707 3136 quia
1722 3067 1850 3125 invocare

154 3154 334 3222 nominarint,
359 3170 411 3209 nec
435 3159 528 3207 tamen
550 3153 662 3207 eosdem
680 3152 881 3217 invocaverint,
904 3169 938 3207 ex
955 3169 989 3210 eo
1016 3156 1106 3211 Deum
1125 3155 1234 3225 proprie
1252 3160 1295 3208 est
1313 3152 1442 3222 religioso
1455 3151 1546 3205 cordis
1564 3151 1666 3206 affectu
1685 3168 1747 3206 eum
1764 3152 1792 3208 in
1810 3169 1849 3220 se,

154 3240 330 3296 manifestum
345 3247 395 3303 est,
408 3240 624 3294 nominationem
638 3256 693 3292 non
708 3254 768 3293 esse
779 3238 988 3294 invocationem.
1016 3243 1044 3294 in
1064 3241 1206 3309 auxilium,
1227 3240 1282 3294 imo
1296 3239 1325 3292 in
1343 3254 1391 3292 cor
1409 3254 1490 3290 suum
1509 3254 1618 3303 vocare,
1639 3243 1670 3290 ut
1688 3239 1726 3307 pii
1743 3244 1850 3295 veteres

12 3326 257 3388 avriteaPselm.
280 3331 344 3392 132,
375 3345 401 3382 v.
426 3333 447 3381 l.
475 3331 536 3378 orat
563 3324 667 3379 David:
700 3325 839 3378 Memento
865 3326 989 3379 Domine
1016 3332 1167 3395 testantur,
1204 3325 1392 3394 Hieronymus
1420 3323 1464 3376 vel
1495 3324 1588 3394 potius
1615 3323 1693 3378 Beda
1720 3323 1749 3379 in
1773 3342 1850 3394 pror.

155 3413 269 3480 Dauid,
292 3429 318 3464 v.
339 3417 362 3466 2.
381 3413 432 3481 qui
453 3412 671 3480 paraetonium
689 3411 814 3464 Domino
833 3415 885 3464 otc.
903 3428 928 3467 v.
950 3417 989 3468 to.
1016 3412 1064 3467 lib.
1087 3418 1110 3467 1.
1133 3428 1194 3481 cap.
1213 3416 1236 3465 2.
1267 3409 1441 3480 Augustinus
1467 3407 1515 3462 lib.
1531 3414 1553 3463 1.
1583 3409 1655 3463 coni.
1684 3427 1745 3480 cap.
1774 3417 1797 3466 2.
1821 3411 1850 3466 id

151 3507 272 3571 propter
291 3499 392 3552 Dauid
407 3515 516 3552 seruum
533 3505 625 3564 tuum,
649 3497 702 3552 hoo
726 3504 768 3551 est
793 3503 907 3567 propter
927 3515 989 3566 pro
1017 3497 1090 3568 quod
1113 3497 1147 3551 dc
1165 3494 1268 3550 sanetis
1287 3493 1342 3548 dici
1356 3493 1462 3564 nequit.
1501 3493 1572 3547 Dico
1592 3495 1750 3564 Scriptus-is
1763 3497 1851 3550 inusi-

156 3583 312 3638 missionem
325 3583 428 3638 Davidi
446 3582 558 3651 iactam,
569 3601 625 3637 non
637 3590 749 3635 avertas
765 3583 871 3647 faciem
886 3583 992 3637 Christi
1017 3591 1086 3648 tatu,
1106 3582 1171 3653 quia
1187 3580 1301 3636 verbum
1320 3579 1466 3634 invocandi
1484 3580 1610 3650 nuspiam
1629 3597 1679 3650 pro
1700 3583 1851 3639 viventium

155 3670 203 3724 tui.
241 3670 287 3725 Es.
303 3675 350 3738 38,
377 3687 403 3725 v.
424 3673 447 3723 3.
465 3676 526 3723 orat
549 3666 697 3722 Ezechias:
723 3669 864 3722 Memento
888 3687 989 3739 quaeso
1017 3667 1227 3737 compellatione
1247 3664 1394 3734 accipitur,
1422 3664 1475 3719 nisi
1501 3664 1573 3719 forte
1596 3667 1657 3736 quis
1676 3667 1730 3722 huc
1749 3668 1852 3724 referat

157 3756 285 3824 Domine,
300 3757 438 3824 quomodo
458 3753 659 3809 ambulaverim
677 3771 774 3807 coram
792 3762 818 3807 te
832 3755 989 3808 inveritate
1016 3755 1106 3809 locum
1123 3753 1171 3807 Εε.
1192 3758 1234 3819 34,
1254 3769 1281 3806 v.
1302 3756 1348 3806 12:
1374 3751 1478 3818 Repcm
1493 3752 1589 3822 potius
1609 3752 1784 3821 inuocabant,
1802 3755 1851 3809 ubi

154 3850 180 3893 ct
199 3843 229 3894 in
246 3843 332 3895 corde
348 3843 493 3910 perfecto,
519 3849 544 3894 et
566 3843 642 3909 quod
659 3842 758 3893 bouum
775 3848 828 3908 est,
851 3841 883 3893 in
900 3841 989 3894 oculis
1016 3840 1157 3896 tamenin
1176 3839 1276 3892 malam
1297 3844 1404 3908 partem
1427 3837 1583 3908 accipitur.)
1628 3839 1760 3904 Quamvis
1777 3841 1850 3896 enlm

154 3927 208 3979 tuis
226 3927 351 3987 fecerim.
393 3927 427 3981 In
445 3926 521 3982 hisce
539 3925 671 3996 precibus
690 3925 783 3979 David
810 3933 837 3981 et
854 3925 988 3981 Ezechias
1016 3943 1068 3981 nec
1094 3927 1166 3980 hanc
1195 3924 1388 3980 defunctorum
1417 3930 1574 3977 sanctorum
1611 3925 1850 3993 compellationem

155 4012 317 4081 semetipsos
347 4011 504 4080 nominant,
542 4027 634 4081 neque
666 4018 758 4066 tamen
789 4029 807 4065 ε
835 4011 988 4081 semetipsis
1015 4012 1177 4082 simpliciter
1194 4011 1352 4080 probemus,
1372 4027 1434 4066 cum
1451 4010 1492 4063 illi
1510 4027 1566 4064 non
1575 4011 1693 4081 amplius
1707 4017 1739 4065 ut
1758 4013 1849 4067 sancti

155 4097 288 4152 auxilium
306 4102 414 4166 potunt,
434 4114 485 4152 nec
505 4097 542 4151 ad
561 4096 659 4152 merita
679 4115 730 4152 sua
747 4097 920 4169 confugiunt,
940 4098 988 4151 sed
1016 4100 1044 4155 in
1061 4098 1142 4154 terris
1160 4097 1251 4152 adhuc
1268 4097 1393 4151 viventes
1412 4095 1495 4150 rebus
1519 4095 1620 4149 nostris
1637 4095 1775 4164 intersint,
1796 4113 1848 4152 nec

155 4184 348 4255 promissiones
366 4183 420 4254 piis
440 4184 529 4237 lactas
548 4183 611 4238 Deo
628 4190 798 4254 proponunt,
823 4183 940 4253 perinde
957 4189 988 4237 ut
1016 4186 1051 4242 de
1073 4183 1124 4239 tali
1146 4181 1354 4254 compellatione
1375 4180 1568 4235 defunctorum
1587 4185 1744 4234 sanctorum
1768 4199 1848 4253 prae·
1875 4236 1876 4240 ,

156 4271 255 4324 ΡεεΙιη.
276 4275 317 4337 27,
335 4287 361 4324 v.
380 4275 404 4326 8.
426 4269 517 4325 David
538 4269 674 4342 loquitur:
702 4271 758 4324 Gor
777 4286 866 4323 maura
880 4287 986 4338 propo·
1015 4275 1126 4341 ceptum
1144 4269 1188 4323 rel
1208 4266 1351 4338 promissio
1362 4266 1408 4336 pel
1420 4265 1567 4336 probatum
1581 4265 1736 4335 exemplum
1751 4273 1848 4335 exstet,
1861 4285 1983 4329 iruulta

154 4356 195 4408 nit
213 4356 266 4408 tibi
283 4356 395 4410 uadum
414 4363 497 4424 tuam,
516 4356 642 4425 praerite
654 4356 766 4421 sociem
785 4372 881 4408 meum.
913 4362 937 4412 4.
951 4354 988 4409 Et
1015 4373 1132 4427 cumque
1149 4355 1301 4426 periculum
1323 4353 1426 4420 subsit,
1453 4368 1487 4407 ηε
1505 4369 1539 4407 ex
1559 4351 1611 4406 tali
1636 4352 1848 4423 compellatione

152 4440 220 4512 quid
240 4440 352 4496 multis?
369 4441 480 4513 ipsimet
494 4439 633 4497 Pontificii
650 4438 781 4502 latentur,
801 4457 831 4495 εε
848 4456 904 4494 ηοη
926 4448 985 4495 ιεη-
1015 4443 1172 4498 absentium
1190 4440 1225 4494 nd
1242 4439 1398 4509 religiosam
1410 4438 1559 4493 eorundem
1579 4438 1778 4494 invocationem
1799 4439 1849 4496 liat

153 4535 209 4581 tum
230 4528 388 4582 cunctosin
416 4528 546 4598 precibus
568 4528 625 4582 suis
648 4527 803 4592 nominare,
832 4527 881 4580 sed
903 4527 986 4580 etiam
1014 4544 1175 4598 progressus
1183 4547 1189 4590 3
1218 4532 1311 4580 tamen
1339 4541 1372 4579 er
1391 4524 1469 4593 praxi
1494 4531 1521 4577 et
1545 4523 1715 4579 consessione
1734 4525 1849 4582 Pontifi-

151 4615 187 4668 ud
203 4614 325 4684 ipsorum
338 4614 568 4684 intercessionem,
588 4615 695 4677 merita,
714 4631 795 4684 opem
810 4619 838 4668 et
854 4612 986 4667 auxilium
998 4600 1001 4665 l
1015 4616 1120 4668 ciorum
1138 4616 1256 4675 constat,
1273 4627 1320 4665 eos
1339 4625 1393 4662 non
1408 4625 1470 4664 esse
1487 4609 1536 4663 tali
1554 4619 1711 4664 sanctorum
1730 4613 1848 4682 compel-

151 4698 316 4771 confugere,
340 4699 466 4770 adeoque
494 4699 659 4770 suppliciter
686 4707 715 4755 et
732 4699 863 4767 relipiose
881 4715 928 4755 eos
947 4699 986 4753 in·
1011 4698 1114 4754 latione
1132 4701 1284 4765 contentos,
1300 4694 1349 4750 sod
1360 4694 1493 4763 relipiore
1511 4699 1540 4748 et
1558 4696 1725 4764 suppliciter
1738 4697 1849 4754 medem

151 4802 258 4840 vocare.
1012 4785 1148 4850 invocare,
1168 4782 1272 4836 cultum
1289 4780 1467 4834 adorationis
1479 4779 1547 4851 ipsis
1560 4781 1688 4850 tribuere,
1704 4782 1741 4836 ad
1753 4798 1848 4838 eorum

186 4876 243 4926 376,
281 4877 305 4926 l.
326 4871 389 4928 Nou
414 4887 475 4926 esse
502 4868 691 4941 quaestionem
716 4873 751 4924 dc
776 4873 855 4925 nacla
878 4879 986 4925 sancto·
1012 4886 1068 4925 non
1086 4872 1196 4925 tantum
1216 4866 1448 4932 intercessionem,
1467 4866 1518 4920 sed
1537 4866 1621 4921 etiam
1638 4868 1747 4931 merito,
1761 4883 1849 4937 opera

150 4974 213 5010 rum
226 4957 460 5027 praedicatione,
485 4971 542 5026 quo
562 4972 646 5011 sensu
672 4955 763 5012 Hebr.
781 4958 866 5030 ΝἾΡ,
891 4956 986 5012 itidem
1012 4965 1037 5012 et
1060 4955 1197 5009 armiliam
1223 4952 1385 5024 confugere,
1411 4952 1440 5006 in
1467 4953 1541 5022 ipsos
1566 4969 1642 5024 spem
1660 4961 1687 5007 et
1710 4955 1850 5021 fiduciam

152 5043 320 5114 quandoque
343 5048 494 5114 usurpatur
517 5057 567 5111 pro
584 5042 777 5112 praedicauit,
803 5043 986 5097 concionatus
1012 5042 1109 5097 cordis
1133 5041 1181 5095 sui
1199 5040 1354 5105 collocare,
1378 5037 1445 5107 ipsis
1469 5055 1583 5107 uouere,
1607 5054 1658 5110 per
1676 5054 1723 5092 eos
1736 5040 1850 5110 jurare,

151 5137 200 5186 est.
230 5130 302 5185 Num
323 5135 345 5184 1.
364 5128 482 5183 libenter
499 5126 684 5195 concedimus,
702 5128 861 5182 memorium
879 5135 986 5182 sancto·
1015 5128 1211 5191 beneficiorum
1239 5123 1430 5196 corporalium
1456 5129 1482 5177 et
1509 5123 1702 5193 spiritualium
1733 5127 1850 5182 datores

151 5233 212 5269 rum
232 5215 424 5270 defunctorum
443 5213 478 5267 de
490 5211 594 5267 Christi
611 5212 728 5266 ecclesis
747 5213 987 5268 benemeritorum
1014 5212 1188 5278 corretituere,
1207 5209 1358 5272 almmdns,
1372 5209 1475 5274 missis,
1493 5208 1595 5272 feriis,
1613 5209 1850 5277 pereprinationi·

151 5317 211 5355 esse
229 5310 390 5357 reverentur
407 5297 640 5368 conservandam,
662 5297 748 5354 Hebr.
772 5304 810 5365 13,
829 5315 855 5354 v.
877 5305 905 5354 t:
925 5300 987 5352 Me·
1011 5317 1065 5371 pus
1084 5303 1136 5354 etc.
1154 5296 1260 5358 colere,
1281 5301 1312 5350 nt
1329 5311 1363 5350 ex
1380 5293 1550 5350 antitheseos
1566 5292 1730 5350 Pontificiae
1747 5295 1850 5353 desen·

152 5393 269 5441 mamete
279 5385 506 5457 praepositorum
517 5393 689 5454 aencorum
701 5384 888 5454 concedimus,
907 5384 988 5455 dona,
1012 5385 1108 5458 ptione
1126 5381 1241 5437 inferius
1260 5379 1416 5451 apparebit.

153 5472 276 5544 labores,
299 5471 431 5546 ruertyria
454 5477 505 5529 etc.
526 5479 684 5530 sauctorum
712 5487 772 5550 csse
792 5469 988 5542 praedicanda,
1050 5474 1108 5528 378.
1145 5476 1169 5527 u.
1183 5468 1311 5540 Denique
1323 5485 1378 5523 nou
1397 5483 1457 5524 esse
1475 5466 1666 5551 quaestionem
1687 5470 1722 5523 cte
1736 5471 1851 5538 εεειειιε·
1930 5542 1937 5553 ⁸
