4104 6014
887 177 940 235 na
957 174 1096 237 nonin.
1775 188 1836 248 237

145 327 360 398 musmonem
394 338 513 402 propter
545 331 729 388 mononem
753 334 826 388 Jesu
849 335 978 390 moerent
1005 332 1174 406 incorporeis
1193 334 1279 390 tn‘bni
1298 334 1409 407 nequit,
1429 335 1478 392 sed
1495 353 1607 393 somnus
1624 334 1837 408 metaphoricos,

145 422 173 469 et
187 425 376 486 reqnanmmt
394 435 455 472 cum
476 415 590 474 Girr'sto
608 419 687 475 msils
704 421 796 477 annm.
829 420 905 493 Ergo
921 437 978 474 non
1006 420 1054 490 qui
1072 427 1115 476 est
1132 421 1194 491 ipsa
1213 438 1294 476 mors.
1728 484 1731 491 ⁴

145 500 300 573 dormiunt,
330 503 380 559 sed
409 520 473 559 cum
506 504 617 561 Christo
646 507 676 561 in
705 506 788 562 coelis
817 507 916 562 urunt
949 512 979 562 et
1038 509 1095 563 302.
1130 506 1172 560 Ex
1190 507 1328 561 osteum
1347 507 1481 561 melariae
1505 509 1667 562 certonia
1697 509 1786 565 multa
1808 510 1917 564 incisu
1931 521 1973 561 rs-

144 594 272 660 regnant
307 588 350 644 Ex
373 591 476 662 quibus
506 590 633 648 omnibns
657 592 802 649 manifeste
829 592 978 663 colligitur,
1003 591 1076 647 banc
1093 593 1257 648 sententiam
1273 593 1375 648 adduci
1394 599 1518 663 possum.
1562 594 1688 665 Ignatius
1706 596 1737 650 in
1755 596 1836 667 epist.
1850 576 1932 664 ffi,

143 675 251 730 mmor
277 676 385 748 piorum
418 695 436 733 s
468 694 586 749 corpore
612 686 755 750 separatas
777 696 833 735 non
859 679 977 750 opprimi
1003 677 1082 735 Rom.
1112 694 1162 749 per
1188 679 1355 748 martprium
1382 681 1417 733 de
1447 681 1552 733 mundo
1585 682 1627 734 od
1652 683 1747 736 Deam
1776 699 1837 736 sese
1851 686 1941 744 ψυχο-

144 762 265 833 quodum
297 779 393 818 somno
415 771 565 834 perpetuo,
595 765 645 819 sed
674 764 770 821 beatas
793 765 869 836 apud
887 765 977 820 Deum
999 766 1148 834 moficr'sci
1162 765 1273 820 scribit:
1291 767 1376 836 Aqua
1389 767 1453 820 oica
1464 767 1494 820 in
1508 783 1552 820 ms
1568 784 1690 833 mneos,
1707 769 1837 823 intrinse-
1848 762 1955 799 '‘ml’'

144 847 255 915 rirere,
282 848 339 903 frui
365 857 516 921 conspectu
532 850 588 905 Dei
617 857 646 906 et
662 851 825 907 suavissimo
842 853 979 907 consortio
1003 867 1052 904 cus
1082 852 1152 905 miii
1182 852 1268 917 dicit,
1296 852 1360 905 osori
1393 853 1433 905 asi
1460 853 1576 907 Patrem
1601 859 1652 909 etc.
1681 855 1764 908 sin&
1793 821 1920 908 τριχίαν·

144 932 248 989 Cbristi
274 934 436 1007 angelorum
461 942 619 992 sanctorum
636 941 666 993 et
681 939 766 1015 totins
783 936 978 1008 triumphantis
999 955 1105 1006 puram
1126 937 1215 991 lucem
1233 939 1396 1007 omisere,
1416 938 1485 992 iiiito
1501 940 1666 1007 perveniens
1682 941 1763 994 tomo
1781 941 1841 995 Dei

145 1020 291 1087 εοοίοοίιο,
325 1021 426 1078 liberas
455 1039 516 1078 esse
546 1022 583 1079 ab
613 1024 688 1079 omni
715 1024 925 1096 perturbatione
950 1030 979 1080 et
1004 1040 1059 1076 ero.
1102 1023 1280 1094 Polycarpus
1310 1031 1416 1095 martyr
1447 1024 1618 1096 temporibus
1651 1026 1838 1097 apostolorum

145 1106 281 1175 molestis,
299 1107 466 1162 consututas
483 1125 544 1164 esse
564 1109 592 1164 in
609 1127 693 1181 pace,
712 1111 805 1182 quiete
823 1118 851 1167 et
867 1110 979 1183 gaudio,
1004 1110 1154 1180 proximus,
1171 1111 1281 1165 cumob
1294 1108 1359 1166 fidei
1378 1110 1578 1167 consensionem
1595 1111 1720 1167 flammas
1734 1112 1839 1184 ingres-

145 1193 237 1249 Deum
262 1194 404 1251 celebrare
421 1211 455 1250 ac
478 1195 608 1266 laudere,
633 1215 684 1267 pro
700 1197 864 1253 libentione
880 1214 899 1252 a
915 1212 978 1268 pec-
989 1174 994 1261 Ι
1006 1213 1086 1251 surus
1105 1203 1186 1261 emet
1205 1202 1322 1252 testatus
1341 1203 1392 1264 est,
1410 1214 1445 1252 ea
1463 1198 1510 1250 die
1528 1202 1839 1267 sereproarentandum

146 1287 221 1350 coto,
239 1286 342 1347 morte,
364 1281 555 1350 damnatione,
574 1284 700 1356 adeoque
717 1302 768 1355 pro
785 1283 912 1340 omnibus
926 1283 980 1339 Dei
1005 1284 1035 1337 in
1064 1283 1168 1352 spiritu
1205 1299 1301 1337 coram
1335 1284 1468 1337 Domino.
1515 1283 1668 1355 Dionysius
1698 1285 1838 1356 Aseopag.

10 1370 82 1414 {illl
98 1370 132 1414 ¹⁸·
145 1367 288 1424 beneficiis
304 1368 334 1423 in
351 1370 505 1434 emtione,
529 1369 714 1437 redemtione,
734 1370 935 1441 jnstificstione
951 1377 981 1426 et
1004 1368 1052 1424 lib.
1079 1367 1114 1423 ds
1136 1369 1234 1423 eccles.
1260 1367 1393 1426 hierarch.
1418 1385 1443 1424 c.
1461 1374 1486 1425 t.
1514 1367 1535 1428 i.
1553 1375 1600 1426 82:
1627 1370 1721 1425 Plana
1747 1372 1839 1426 sciant

145 1455 347 1528 glorificatione
372 1457 512 1530 praestitis
537 1457 642 1530 gratias
666 1474 766 1530 sgerm
790 1475 840 1530 pro
863 1456 980 1513 ecclesia
1006 1454 1127 1522 (sanci),
1143 1471 1173 1508 se
1191 1463 1262 1509 totos
1274 1455 1435 1523 jucundam
1454 1464 1620 1526 pratumque
1636 1458 1761 1527 requiem
1780 1474 1838 1512 esse

144 1542 174 1596 in
205 1543 287 1598 terris
318 1543 457 1600 militante
484 1543 514 1597 in
542 1559 645 1615 genere
671 1561 780 1622 orne„
794 1543 890 1598 divina
909 1542 979 1615 luce,
1005 1543 1173 1611 adepturos,
1194 1559 1255 1594 cum
1276 1543 1318 1595 ad
1338 1549 1486 1596 eatremum
1503 1543 1579 1597 odae
1595 1544 1680 1613 hujus
1697 1552 1838 1609 oanmnt,

145 1627 303 1699 sapientis,
326 1629 439 1700 justitia
455 1636 484 1686 et
500 1630 590 1702 gloria
609 1637 739 1687 astemus
756 1630 831 1686 ritae
848 1629 980 1701 perfundi
1004 1629 1079 1681 siam
1099 1629 1141 1682 od
1158 1627 1398 1682 immortalitatem
1414 1644 1495 1681 mmm
1512 1630 1657 1695 ferentem,
1674 1637 1705 1683 ut
1722 1630 1837 1684 ominis·

145 1722 174 1769 et
207 1731 315 1770 summa
351 1733 415 1771 cnm
450 1717 652 1789 tranquillitate
680 1724 853 1789 exspectare,
890 1716 979 1771 donec
1005 1731 1064 1767 rem
1085 1715 1147 1783 ism
1172 1716 1281 1777 factam
1302 1722 1328 1767 st
1356 1715 1540 1769 imminentem
1562 1716 1671 1770 clarius
1698 1717 1837 1771 immonis

146 1801 283 1870 completo
300 1801 495 1857 salvandorum
507 1819 622 1859 numero
634 1802 796 1875 corporibus
815 1801 979 1871 expulsare
1006 1801 1216 1870 diuinitatisque
1246 1801 1368 1854 laudant
1395 1818 1512 1855 munera
1533 1809 1558 1855 et
1582 1803 1680 1856 diuina
1695 1804 1838 1875 uoluptate

145 1886 316 1943 resuscitatis
355 1888 455 1944 iterum
489 1889 622 1944 uniantur
658 1896 687 1944 et
721 1890 749 1943 in
784 1888 910 1944 laetitiae
945 1904 980 1943 ac
1005 1886 1193 1956 complentur,
1220 1893 1374 1955 propteroa
1400 1889 1477 1956 quod
1498 1889 1678 1942 mutationem
1701 1889 1732 1941 in
1752 1889 1839 1959 peius

149 1973 255 2044 gloriae
306 1973 434 2030 coelestis
481 1975 647 2031 consortium
694 1991 811 2046 corpore
855 1973 979 2030 rediviva
998 1972 1064 2041 jam
1081 1990 1136 2027 non
1152 1972 1282 2036 timeant,
1304 1973 1358 2025 sed
1373 1980 1449 2026 certo
1466 1973 1572 2043 sciant,
1597 1974 1744 2041 bonorum,
1766 1991 1838 2046 quiae

145 2067 329 2117 wammtur.
1005 2059 1103 2126 adepti
1119 2064 1208 2122 want,
1221 2059 1338 2125 firmam
1357 2065 1553 2126 samumque
1570 2059 1626 2112 sibi
1641 2061 1708 2124 fore
1721 2076 1837 2130 posser-

828 2157 832 2165 ’
1004 2144 1119 2200 nonem.
1151 2142 1279 2199 Justinns
1289 2142 1319 2196 in
1332 2150 1439 2214 quaest
1454 2150 1483 2199 et
1500 2160 1592 2215 respp.
1608 2145 1744 2216 agentib.
1763 2146 1837 2216 posi·

14 2246 128 2286 muana
181 2241 239 2292 301.
282 2236 420 2290 Ranones
441 2240 538 2290 contre
556 2231 849 2306 psycbopannychiem
866 2228 978 2285 formari
1004 2229 1040 2284 tis
1058 2249 1082 2297 q.
1104 2237 1150 2286 75:
1175 2232 1246 2286 Post
1262 2231 1383 2286 animis
1402 2248 1520 2302 comare
1536 2248 1675 2286 essmmm
1692 2234 1788 2287 statim
1799 2235 1838 2302 fit

14 2303 104 2388 {212¹ss
146 2327 263 2392 possrmt
279 2322 435 2392 complures
460 2325 483 2376 1.
510 2339 529 2374 a
550 2323 664 2391 piorum
686 2320 717 2373 in
733 2320 786 2373 liae
802 2320 862 2373 cita
881 2317 978 2371 condi·
1005 2318 1138 2372 bonomm
1163 2319 1356 2387 indorumque
1375 2317 1527 2388 dannaia,
1545 2321 1685 2373 ducuntur
1703 2321 1775 2373 enim
1796 2322 1839 2374 od

15 2411 67 2440 '⁰¹¹¹
82 2405 134 2441 ‘'⁰‘'
147 2409 229 2463 tione.
258 2409 384 2464 Deseet
398 2409 526 2464 omnibns
544 2425 609 2464 vere
623 2408 677 2479 piis
691 2405 852 2478 pronuntiat
870 2410 978 2474 aposto·
1004 2404 1076 2471 moa,
1094 2421 1166 2474 quae
1183 2406 1223 2459 eis
1236 2406 1325 2475 diqna
1342 2414 1413 2470 sunt,
1432 2406 1468 2458 ab
1484 2406 1758 2474 numentanorum
1775 2406 1836 2476 qui·
1850 2418 1925 2463 xvm.
1942 2418 1975 2462 ta.

14 2453 93 2544 {⁰:3⁰
146 2495 204 2560 lus,
220 2495 296 2567 quod
313 2495 439 2551 Christus
456 2495 484 2550 in
501 2495 570 2567 ipsis
588 2495 679 2560 siout,
703 2510 753 2566 per
771 2491 855 2548 iidem
874 2491 980 2546 scilicet
1004 2493 1068 2545 dem
1099 2492 1188 2545 animi
1206 2492 1237 2544 in
1260 2492 1448 2561 paradisum,
1477 2492 1527 2546 ubi
1551 2495 1720 2547 somnusue
1746 2502 1787 2547 est
1810 2501 1837 2548 et

146 2582 175 2636 in
193 2581 324 2637 cordibus
342 2583 463 2655 ipsorum
481 2581 611 2638 habitans
629 2581 693 2637 Gal.
715 2587 738 2650 2,
756 2597 783 2634 v.
801 2585 841 2637 20.
859 2576 932 2649 Eph.
953 2583 977 2642 t,
1004 2580 1154 2648 adspectus
1173 2578 1339 2647 anpelorum
1360 2586 1386 2632 et
1409 2579 1659 2649 arolanqeiosum,
1682 2581 1753 2636 oisio
1771 2598 1837 2635 sero

144 2684 172 2724 v.
190 2673 229 2725 li.
266 2667 355 2740 Atqui
377 2669 460 2739 juxte
477 2666 821 2739 Psycbopannychitarnm
839 2665 978 2737 hypothe-
1003 2665 1089 2719 ctiam
1112 2664 1320 2718 commuteris
1336 2663 1443 2718 Christi
1459 2671 1511 2721 etc.
1537 2667 1728 2735 imrobornm
1746 2676 1837 2722 amem

144 2754 188 2808 sin
205 2753 330 2809 Christus
349 2759 414 2824 post
438 2760 555 2809 mortem
571 2771 627 2810 non
645 2753 763 2826 emplius
783 2753 813 2807 in
831 2752 886 2806 illis
904 2751 977 2807 vire·
1004 2754 1045 2806 ad
1062 2752 1127 2806 loca
1153 2752 1318 2815 inferorum.
1365 2751 1497 2806 lrsnmus
1525 2751 1573 2809 lib.
1595 2759 1618 2812 l.
1644 2753 1707 2808 adv.
1732 2754 1837 2810 haeres.

145 2845 203 2911 ret,
240 2840 290 2895 sed
316 2840 461 2910 dormiret,
497 2841 593 2912 sicque
629 2840 748 2896 deterior
780 2845 854 2895 esset
884 2855 978 2893 eorum
1004 2854 1029 2893 c.
1049 2844 1078 2893 2:
1097 2838 1191 2892 Justis
1210 2845 1236 2891 et
1255 2837 1353 2907 aequis
1371 2845 1397 2892 et
1410 2847 1567 2908 maecepta
1585 2840 1647 2908 ejus
1664 2842 1838 2895 secantibus

149 2926 273 2983 conditio
290 2933 355 2998 post
372 2934 487 2982 mortem
508 2944 590 2999 quam
613 2927 643 2981 in
669 2926 723 2982 hac
740 2925 806 2981 vitu.
842 2926 921 2993 item,
938 2924 978 2995 pii
1005 2933 1031 2978 et
1063 2925 1095 2977 in
1123 2922 1273 2978 dilectione
1306 2925 1368 2993 ejus
1397 2926 1640 2994 personantibus
1669 2926 1836 2996 quibusdam

145 3015 175 3068 in
192 3015 244 3068 hac
261 3013 321 3068 sita
337 3013 428 3069 Deum
446 3020 475 3070 et
493 3012 632 3069 Christum
656 3031 690 3069 ex
711 3012 795 3069 verbo
814 3017 978 3085 agnoscunt,
1005 3013 1118 3081 quidem
1137 3010 1173 3064 ab
1194 3010 1291 3076 initio,
1317 3011 1486 3080 quibusdam
1504 3021 1596 3067 sutem
1614 3030 1647 3067 ec
1664 3014 1838 3083 poenitentia

146 3100 266 3172 diligunt
283 3107 311 3156 et
329 3100 434 3157 colunt.
470 3101 557 3172 Atqui
575 3101 599 3155 si
617 3099 726 3156 animae
744 3100 906 3169 dormirent,
923 3116 978 3154 non
1005 3100 1089 3152 sitam
1108 3099 1233 3161 donans,
1256 3098 1476 3166 incorruptelam
1497 3099 1558 3153 loeo
1587 3101 1710 3153 mummio
1727 3102 1838 3165 confert

144 3186 263 3256 amplius
289 3186 381 3242 Deum
408 3192 591 3258 agnoscerent
620 3202 654 3241 ac
684 3185 841 3257 diligerent.
896 3189 922 3241 2.
950 3186 977 3238 Α
1005 3194 1031 3240 et
1061 3185 1220 3239 omritatem
1250 3193 1393 3239 samm
1428 3186 1591 3239 circumdat.
1641 3184 1837 3253 (Bellarminus

145 3274 326 3327 beatitudinis
346 3275 516 3338 definitione.
557 3273 678 3329 Animae
696 3273 803 3345 piorum
821 3278 886 3342 post
908 3288 978 3326 mor·
1005 3271 1053 3327 lib.
1074 3272 1110 3327 de
1128 3270 1201 3326 beat
1220 3279 1307 3326 sanct
1326 3289 1349 3327 c.
1370 3277 1394 3327 4.
1415 3288 1465 3342 per
1483 3271 1620 3343 insignem
1638 3272 1837 3342 impudentiam

144 3364 200 3414 tem
218 3359 349 3415 dicuntur
366 3360 464 3415 beatae
492 3361 582 3430 Apoc.
604 3365 650 3427 14,
676 3363 764 3415 v.13.
788 3358 865 3429 etqui
894 3357 978 3412 beati·
1004 3358 1057 3414 hoc
1086 3358 1192 3413 dictum
1223 3357 1331 3413 irenaei
1360 3357 1397 3412 sd
1423 3358 1613 3429 purgatorium
1639 3359 1836 3414 accommodat.

144 3448 213 3499 tudo
250 3448 339 3501 omnis
374 3447 404 3499 in
441 3445 550 3501 actione
585 3446 730 3514 remittit,
768 3460 835 3516 ergo
868 3444 978 3499 enimse
1004 3446 1097 3513 Nota,
1124 3444 1229 3516 inquit,
1255 3444 1437 3515 quiciacum,
1467 3445 1500 3496 id
1524 3451 1564 3497 est
1583 3445 1635 3511 iis,
1657 3444 1707 3514 qui
1731 3462 1794 3499 mcc
1817 3462 1836 3498 a

144 3533 252 3603 piomm
271 3538 466 3603 postmortem
483 3550 538 3588 non
558 3530 662 3588 otiosae
681 3537 746 3586 sunt
764 3537 815 3586 ant
831 3531 977 3597 dormiunt,
1004 3532 1142 3602 baptismo
1171 3531 1347 3599 asumuntur,
1377 3529 1421 3582 oei
1453 3530 1503 3598 qui
1524 3546 1583 3597 pro
1610 3529 1722 3584 dbrssto
1751 3532 1835 3585 sitam

139 3620 194 3675 aed
221 3619 364 3675 besorum
392 3617 547 3675 actionibus
573 3618 737 3690 funguntur.
780 3620 808 3675 d.
832 3619 859 3672 A
888 3617 980 3672 somni
999 3626 1125 3689 ponant,
1151 3618 1195 3671 sci
1213 3616 1330 3685 denique
1350 3615 1491 3687 perfectis
1514 3616 1608 3669 mamm
1628 3618 1734 3671 donam
1750 3618 1835 3671 οιῖοοι

145 3707 376 3761 denominatione.
430 3704 525 3762 Somni
564 3705 716 3776 appellatio
739 3711 789 3760 ant
822 3706 976 3776 improprie
1004 3714 1031 3760 et
1048 3704 1207 3759 claritatem
1232 3709 1390 3770 οοεονοοοι,
1419 3701 1486 3755 alis's
1508 3720 1565 3756 non
1589 3704 1647 3757 nisi
1661 3710 1726 3776 post
1736 3703 1836 3773 poeni·

144 3798 294 3864 usurpatur
320 3808 371 3864 pro
402 3798 503 3861 morte,
534 3808 607 3863 qnae
637 3797 680 3847 est
707 3792 792 3847 totius
824 3790 977 3862 compositi,
1003 3792 1133 3861 tentiam,
1162 3790 1196 3843 id
1229 3795 1270 3843 cst
1298 3788 1521 3853 satisfactionem
1549 3790 1580 3843 in
1613 3792 1713 3853 futuro
1742 3791 1837 3846 seculo

144 3881 252 3934 animm
270 3895 336 3934 sero
356 3883 468 3950 propter
485 3877 647 3933 ἀθανασίαν
666 3879 792 3949 superius
807 3878 976 3933 demonstra·
1003 3887 1104 3933 astam
1157 3874 1245 3947 Atqui
1276 3875 1409 3930 Irenaeus
1439 3891 1495 3931 non
1522 3875 1558 3932 de
1586 3876 1695 3943 futuro,
1724 3878 1773 3933 sed
1801 3879 1837 3932 de

144 3971 202 4020 tam
221 3965 306 4020 tribui
326 3964 435 4035 neqnit;
456 3964 502 4018 vei
516 3965 637 4035 proprie
664 3980 715 4035 pro
733 3964 895 4033 affecfione,
921 3980 978 4034 qna
1002 3969 1148 4036 praesente
1165 3962 1259 4019 seculo
1278 3962 1415 4033 loquitur,
1439 3962 1514 4034 quod
1537 3963 1566 4016 in
1585 3980 1618 4019 eo
1646 3965 1759 4036 qnidam
1775 3981 1837 4034 per·

145 4040 242 4107 sensns
259 4049 380 4121 corporis
400 4049 523 4122 ligantur
549 4052 666 4121 ejusque
684 4051 806 4107 aciones
825 4048 977 4120 impediuu·
1003 4060 1130 4108 emerent
1160 4050 1188 4104 in
1212 4048 1359 4104 dilectione
1378 4048 1432 4103 Dei
1459 4054 1488 4103 et
1509 4048 1668 4105 obedientia
1693 4050 1834 4106 mandato·

145 4145 198 4202 tur,
225 4152 280 4209 qno
298 4153 381 4192 sensu
407 4137 516 4192 animae
544 4143 641 4208 utpote
672 4137 850 4209 incorporeae
881 4137 977 4191 itidem
1004 4157 1065 4194 rum
1095 4139 1172 4210 ejus,
1208 4136 1321 4208 quidem
1350 4152 1416 4192 nero
1444 4153 1495 4206 per
1512 4143 1628 4208 peccate
1650 4141 1747 4190 conus
1769 4153 1837 4192 con·

145 4223 230 4278 tribui
261 4223 365 4293 nequit.
420 4228 445 4278 t.
474 4225 522 4278 Ea
552 4224 741 4278 atsur-riorum
776 4225 977 4280 comemcione.
1003 4225 1146 4281 scientium
1164 4240 1199 4278 ex
1224 4222 1315 4295 gratia
1339 4229 1368 4278 et
1393 4222 1542 4279 dilectione
1565 4223 1620 4277 Dei
1639 4221 1762 4293 prolapsi
1786 4240 1837 4295 per

146 4309 211 4365 Les.
243 4315 289 4380 19,
319 4328 346 4366 v.
373 4313 413 4366 1³.
441 4309 577 4381 praecipit
607 4308 699 4366 Deus:
726 4311 791 4364 Non
821 4311 977 4364 munditer
1004 4309 1202 4384 poenitentiam
1224 4309 1261 4363 sd
1279 4324 1341 4363 eam
1363 4307 1464 4363 iterum
1479 4308 1637 4379 adspirent,
1657 4325 1691 4364 ac
1710 4309 1836 4382 nnuqss

144 4397 226 4465 apud
250 4404 276 4449 te
302 4413 373 4466 opus
401 4397 572 4450 mosanarii
598 4413 684 4466 usqae
707 4412 797 4450 mane.
841 4395 930 4468 Atqui
954 4397 977 4450 si
1004 4395 1237 4468 incorruptelam
1263 4402 1291 4451 et
1316 4395 1469 4451 omnnem
1495 4401 1636 4450 aeternam
1662 4396 1757 4453 sDec
1775 4398 1835 4454 dari

145 4481 222 4537 Dens
239 4481 363 4552 praemia
380 4488 538 4537 sanctorum
563 4498 653 4552 usque
677 4481 713 4536 ed
736 4481 832 4536 mundi
851 4497 977 4537 consum·
1004 4485 1114 4550 asserit,
1141 4487 1344 4554 postmortem
1362 4496 1415 4537 nec
1443 4481 1587 4552 irenaeus,
1619 4498 1671 4537 nec
1700 4484 1772 4539 ullus
1801 4502 1835 4541 ex

145 4568 292 4624 mationem
308 4567 445 4634 differret,
469 4576 565 4623 contra
592 4568 664 4632 bunc
688 4585 767 4623 snam
785 4568 875 4640 legem
894 4585 977 4640 agere
1004 4571 1143 4627 veteribus
1162 4571 1350 4641 poenitentiae
1380 4569 1472 4624 adbuc
1500 4569 1591 4626 locum
1617 4586 1677 4627 esse
1700 4573 1834 4644 messit

104 4674 108 4681 ·
145 4655 300 4719 videretur,
328 4654 409 4708 Pror.
443 4659 485 4721 13,
514 4670 538 4707 r.
567 4660 613 4710 12:
641 4655 721 4726 Spes.
741 4671 814 4725 quae
840 4655 977 4726 deffertur,
1003 4656 1187 4712 Bellarminus
1207 4658 1266 4728 ipsc
1279 4657 1332 4711 boc
1351 4657 1479 4728 umescit
1498 4655 1546 4711 lib.
1564 4663 1587 4714 1.
1606 4655 1641 4711 de
1660 4675 1777 4730 purgo.
1796 4666 1833 4716 13.

145 4741 254 4811 affliqit
273 4740 405 4795 unimam.
450 4739 539 4811 Atqui
568 4740 592 4795 si
616 4741 726 4797 animae
748 4742 872 4798 nondum
890 4741 977 4812 perci·
1003 4761 1075 4814 resp.
1093 4743 1130 4798 ad
1149 4749 1171 4800 8.
1186 4743 1322 4799 scribens:
1338 4745 1404 4798 Non
1420 4744 1474 4797 erit
1485 4743 1636 4813 posthanc
1647 4745 1731 4799 uitam
1746 4748 1831 4814 inorsa

145 4832 243 4896 perent
278 4824 442 4896 promissam
472 4824 634 4881 felicitatem
669 4833 697 4882 et
725 4827 854 4900 gloriam,
886 4827 978 4882 adhuc
1004 4831 1053 4883 uti
1064 4830 1206 4900 flaqitiosi
1223 4837 1420 4884 convocantur
1445 4836 1471 4883 st
1487 4846 1578 4884 mores
1595 4848 1662 4885 suos
1681 4833 1834 4900 cmriqcnt.

144 4911 342 4984 affligerentur.
378 4909 451 4965 Phil.
473 4916 500 4980 l,
519 4928 544 4966 v.
563 4916 588 4967 d.
614 4912 703 4978 Deus,
722 4914 773 4982 qui
797 4916 887 4985 coepit
909 4932 979 4985 opus
1004 4934 1028 4974 c.
1050 4923 1089 4972 14.
1107 4933 1179 4987 resp.
1203 4915 1239 4970 ad
1261 4921 1289 4971 t:
1313 4917 1384 4971 Post
1406 4916 1479 4970 tanc
1502 4917 1588 4971 mlum
1606 4935 1663 4971 non
1682 4927 1723 4972 est
1738 4920 1835 4988 poeni-

147 4999 246 5053 bonum
265 4999 295 5052 in
312 4999 386 5069 piis,
411 4997 488 5050 illud
511 4997 615 5050 dicitur
635 5000 818 5068 perfecturus
835 5003 979 5071 usquead
1004 5006 1092 5058 tentia
1113 5004 1149 5056 de
1173 5001 1363 5071 mortalibus.)
1401 5000 1533 5073 cyprian,
1562 5020 1642 5060 serm.
1666 5004 1702 5059 de
1728 5005 1834 5063 mortui

148 5087 224 5139 diem
244 5084 358 5141 Gloriam
402 5083 487 5155 Atqui
513 5083 537 5138 si
562 5082 691 5141 diuturno
710 5085 863 5141 animam
881 5104 979 5158 sopore
1005 5091 1068 5146 circ.
1088 5089 1135 5147 fin.
1146 5107 1174 5160 p.
1190 5093 1255 5146 tlt:
1275 5091 1400 5159 Maqnus
1411 5090 1473 5144 illic
1491 5107 1622 5145 coros-mn
1638 5108 1767 5146 nummus
1784 5109 1836 5147 nos

148 5171 217 5226 illud
229 5171 485 5242 interrumperetur,
504 5169 602 5242 ntique
613 5169 642 5225 id
657 5170 747 5242 ipsum
759 5188 815 5227 non
826 5171 978 5243 perficeret.
1005 5184 1153 5247 exspectat,
1169 5183 1328 5246 parentum,
1346 5177 1480 5243 fratrum,
1497 5178 1621 5244 pittonem
1639 5179 1774 5248 frequens
1784 5196 1836 5233 nos

148 5258 276 5331 Denique
308 5258 402 5329 opinio
434 5258 469 5314 de
501 5256 654 5312 animarum
683 5258 847 5315 dormitione
879 5277 978 5331 parurn
1005 5270 1032 5316 et
1049 5262 1165 5332 copiosa
1189 5262 1272 5315 turba
1294 5262 1439 5317 amausi
1456 5263 1518 5332 inm
1537 5265 1573 5317 de
1597 5280 1650 5316 msa
1668 5264 1835 5319 immortali·

147 5344 258 5400 differre
282 5346 394 5403 ridetur
415 5346 452 5401 ab
465 5344 604 5417 Epicurea
626 5344 756 5416 opinione
772 5347 808 5403 de
825 5344 978 5402 animarum
1004 5357 1064 5402 tate
1088 5365 1187 5403 secura
1218 5355 1245 5401 et
1264 5347 1358 5402 adbuc
1383 5350 1420 5402 de
1445 5357 1543 5403 nmtra
1561 5349 1751 5404 incolumitate
1769 5351 1836 5405 soii·

146 5430 260 5487 interitu
276 5447 311 5488 ac
328 5438 428 5497 morte,
448 5431 515 5505 quia
534 5444 646 5487 somnus
663 5432 813 5504 corporalis
831 5431 976 5491 animabus
1004 5436 1079 5506 cita,·
1104 5436 1145 5490 od
1170 5433 1270 5490 tomm
1288 5444 1462 5508 compertum
1489 5443 1516 5490 et
1534 5435 1706 5506 complessem
1731 5438 1835 5510 omirs,
