4104 6014
879 276 1093 375 nnuuou‘rn
1778 285 1837 345 155

132 427 321 504 indsslpsntiis
335 433 501 501 papalibus.
546 431 685 509 Pontificii
705 437 846 495 statuunt,
866 448 915 500 per
932 430 971 483 in·
984 419 988 507 l
999 433 1093 486 carius
1110 431 1223 499 Christi,
1241 431 1289 504 qui
1309 433 1377 489 dicit
1394 432 1460 492 Era
1476 438 1517 501 55,
1535 450 1561 488 v.
1577 437 1606 488 1:
1627 435 1728 487 Omnes
1744 434 1840 488 ntum

134 519 295 591 dulgentias
331 518 493 589 contingere
531 518 682 588 plenariam
720 517 918 572 relaxationem
955 531 972 568 a
1000 519 1149 571 terrerum
1173 519 1215 572 ad
1237 535 1329 586 maor
1353 526 1379 572 st
1403 519 1452 588 qui
1479 536 1537 571 non
1560 518 1666 573 iabdr's
1684 522 1838 589 arpennem,

133 605 230 676 poenis
248 610 439 675 peecatorum,
463 621 514 672 pro
535 602 636 673 quibus
659 603 703 657 vel
723 603 751 656 in
770 603 822 656 hac
847 603 912 669 vita,
929 601 973 653 vel
999 611 1166 672 properate,
1185 604 1288 669 canite,
1306 605 1386 657 emite
1405 606 1509 673 absque
1527 611 1654 673 arpenta.
1687 606 1775 676 Apoc.
1796 612 1839 676 22,

133 691 161 746 iu
182 689 346 762 purgatorio
359 697 420 744 erat
435 687 674 744 satisfaciendum.
710 687 893 741 Bellsrminus
911 686 929 740 l.
951 692 973 740 1.
1001 705 1027 742 v.
1051 696 1096 744 tt:
1119 689 1175 752 Qui
1192 691 1266 758 nult,
1295 691 1420 760 accipiat
1439 708 1543 759 aquam
1567 691 1672 756 pratia·
1701 708 1753 747 nec
1777 710 1838 748 suc-

134 777 170 832 de
189 776 289 847 indnlg
323 792 386 845 cap.
415 782 438 830 t.
465 792 545 845 prop.
574 783 603 830 t:
634 774 833 843 Indeipentiae
853 774 974 825 liberant
1001 791 1094 829 censor
1112 773 1202 842 Petri,
1231 774 1280 844 qui
1306 775 1343 829 ad
1362 775 1502 831 Simonem
1521 775 1590 831 dicit
1608 777 1672 830 Ast
1691 782 1720 845 8,
1745 795 1770 834 v.
1790 784 1835 834 tu:

136 863 263 916 leoninos
281 880 299 913 a
318 870 401 914 rectu
418 878 527 930 poenae
547 880 603 913 non
621 860 712 913 solum
729 877 827 912 eoram
845 859 974 925 ecclesia,
1002 861 1130 914 Pecunia
1147 867 1197 913 tua
1213 868 1302 914 tecum
1321 862 1358 914 sit
1374 863 1405 915 in
1418 862 1621 931 perditionem,
1642 869 1670 917 et
1686 863 1723 916 ad
1741 879 1836 918 omnes

134 949 187 1002 ssd
201 949 286 1001 etiam
304 965 399 1000 coram
419 949 492 1001 Deo.
534 945 571 1000 Et
594 952 706 1014 porum
731 946 768 997 Et
790 945 900 1013 populi,
926 945 975 1013 qai
1001 952 1127 1016 pastores
1156 953 1176 1002 1.
1198 963 1242 1016 ep.
1261 954 1286 1016 5,
1303 965 1329 1003 v.
1349 953 1379 1003 2:
1405 949 1520 1002 Pascite
1537 965 1649 1016 precem
1667 967 1723 1002 non
1743 951 1835 1020 turpis

136 1034 296 1101 accipiunt
318 1034 521 1099 indulpentias,
545 1040 570 1084 ct
596 1033 756 1100 pampica,
776 1032 826 1098 qai
853 1048 901 1083 aas
926 1031 974 1082 tri·
1003 1032 1079 1084 lucri
1097 1033 1211 1101 pratia,·
1232 1033 1282 1087 sed
1299 1032 1420 1087 vicarius
1438 1033 1522 1095 illius,
1541 1033 1590 1103 qui
1609 1033 1677 1088 dicit
1695 1033 1794 1089 Matth.
1813 1042 1838 1104 t,

134 1119 235 1183 buum,
262 1120 325 1188 ejus
342 1119 494 1172 sententiaa
512 1135 542 1171 sc
567 1135 625 1172 esse
650 1126 801 1181 testantur,
827 1126 858 1169 ut
880 1118 973 1170 indul·
1003 1135 1028 1172 r.
1047 1123 1076 1172 9:
1098 1119 1178 1171 Haec
1198 1118 1293 1171 omnia
1311 1119 1362 1172 tibi
1382 1120 1465 1183 dabo,
1484 1121 1512 1172 si
1526 1120 1680 1189 procidens
1701 1124 1839 1176 adorare

136 1206 248 1274 pontiae
265 1205 444 1274 potissimum
467 1205 581 1273 prosint
605 1206 647 1256 od
669 1220 793 1272 poenam
809 1204 976 1272 purpatorii
1001 1204 1044 1256 ris
1062 1221 1112 1267 me,
1132 1208 1161 1258 et
1177 1220 1320 1258 successor
1339 1204 1422 1264 illius.
1437 1205 1567 1276 quidicit
1585 1205 1686 1259 Mattb.
1700 1211 1742 1274 26,
1758 1225 1784 1263 v.
1800 1215 1839 1265 tt.

135 1292 318 1360 expiandam.
349 1291 433 1344 Item:
451 1291 510 1343 Per
526 1292 672 1359 injunctas
688 1289 877 1357 poenitentias
890 1289 973 1342 satis-
1005 1289 1083 1350 Quid
1106 1291 1192 1343 sultis
1213 1291 1282 1343 neiiri
1303 1293 1389 1359 stare,
1414 1299 1508 1360 stepo
1532 1293 1646 1344 tradam
1664 1308 1725 1345 eum
1742 1293 1840 1346 vobis!

130 1378 166 1447 fit
183 1379 256 1442 Deo,
273 1394 308 1430 ac
321 1393 377 1445 per
395 1377 447 1429 boc
460 1376 669 1446 indulpentice.
689 1390 762 1444 qima
780 1375 816 1426 ab
833 1375 974 1440 ejrmmodi
1002 1375 1114 1446 Cogitet
1132 1376 1257 1446 quilibet.
1275 1393 1312 1430 an
1330 1393 1386 1430 non
1404 1376 1441 1430 ad
1458 1376 1616 1447 pontificem
1636 1379 1838 1434 accommodari

134 1463 316 1535 poenitentiis
344 1461 505 1527 absolvunt,
532 1463 646 1530 amiam
671 1477 780 1529 poenae
808 1460 973 1529 temporalis
1003 1462 1090 1533 possit
1109 1462 1185 1526 illud,
1206 1462 1281 1531 qued
1298 1462 1472 1526 Ambrosius,
1490 1462 1554 1517 lde
1571 1462 1683 1519 Naboth
1703 1465 1738 1519 de
1751 1464 1837 1520 divite

138 1557 248 1603 reatum
272 1549 358 1602 etiam
381 1565 479 1601 coram
500 1549 571 1600 Deo.
612 1547 646 1600 ln
664 1546 840 1600 Antidotario
866 1546 974 1599 animae
1003 1564 1087 1602 avaro
1099 1548 1181 1602 dicit:
1194 1548 1311 1617 lefolie,
1325 1549 1407 1617 cupas
1420 1544 1451 1600 tt
1458 1556 1597 1617 potestate
1614 1557 1655 1602 est
1666 1558 1707 1603 tot
1726 1551 1837 1604 animas

138 1633 268 1691 dicuntur
291 1649 309 1688 a
331 1633 460 1689 iohanne
479 1632 574 1686 XXll.
602 1632 732 1701 pontifice
754 1632 881 1686 Romano
908 1648 973 1686 con·
1003 1652 1022 1686 a
1037 1641 1124 1688 morte
1141 1634 1295 1699 defendere
1313 1641 1339 1687 st
1354 1651 1411 1687 non
1429 1634 1631 1689 mtoolantasl
1663 1635 1748 1692 Videt
1764 1637 1837 1693 hanc

137 1737 215 1775 cessa
232 1720 327 1775 decem
357 1719 444 1773 millia
467 1719 574 1773 dierum
604 1717 793 1788 indulgentiae
812 1717 974 1779 orationem,
1005 1719 1195 1774 difficultatem
1223 1718 1382 1774 Antoninus
1410 1719 1475 1775 ideo
1498 1727 1569 1791 part
1589 1728 1613 1779 8.
1638 1721 1681 1778 tit.
1702 1728 1743 1779 22.
1768 1740 1792 1779 c.
1810 1731 1835 1780 5.

140 1805 223 1860 Solos
250 1815 352 1858 sancta
375 1806 474 1875 socies
498 1805 588 1858 nostri
607 1805 786 1858 Redsmtoris
804 1813 855 1859 etc.
875 1804 974 1857 devote
1003 1802 1032 1879 ἕ.
1067 1811 1091 1861 6.
1125 1807 1312 1858 dubitandum
1341 1823 1401 1860 esse
1427 1806 1481 1875 ait,
1514 1807 1543 1858 si
1574 1824 1656 1879 papo
1688 1808 1834 1863 Romanus

138 1907 231 1946 comm
263 1889 420 1946 veronicae
460 1890 545 1944 linteo
590 1889 780 1944 recitantibus.
832 1889 866 1942 ln
899 1889 973 1943 horis
1003 1907 1098 1945 omnes
1117 1892 1228 1944 animas
1248 1908 1281 1943 ee
1295 1893 1467 1961 purpuraria
1482 1892 1605 1945 liberare
1620 1901 1646 1946 et
1663 1895 1706 1946 od
1720 1894 1839 1948 martem

139 1976 171 2033 B.
190 1976 297 2031 Mariae
317 1975 440 2048 Virginis
463 1976 498 2030 ad
523 1993 604 2029 usum
634 1975 858 2045 Sarisburgensis
888 1974 974 2045 paulo
1004 1984 1149 2030 aeternam
1166 1992 1330 2045 promovere
1346 1976 1422 2047 edit,
1439 1993 1506 2029 num
1522 1978 1608 2030 mom
1625 1980 1840 2035 misericordias

141 2064 231 2118 minus
258 2081 341 2136 quam
365 2080 498 2118 annorum
524 2063 655 2117 undecies
681 2062 755 2116 mille
775 2061 914 2116 millorum
933 2062 974 2115 in·
1003 2062 1221 2131 munificentiam
1239 2064 1319 2115 Deus
1335 2079 1387 2115 suo
1414 2070 1484 2115 esset
1502 2064 1714 2130 approbaturus
1729 2066 1840 2133 jndicio

141 2149 285 2220 dulgentia
299 2167 347 2218 pro
360 2149 521 2203 recitatione
540 2156 680 2203 certarum
698 2148 873 2219 precularum
893 2148 973 2203 offer·
1004 2167 1039 2202 ac
1057 2148 1176 2201 calculo.
1214 2153 1238 2202 4.
1259 2147 1329 2200 Cum
1348 2148 1494 2216 hypothesi
1511 2149 1547 2201 de
1569 2150 1720 2203 duratione
1737 2151 1839 2205 meriti.

139 2241 192 2291 tur.
235 2235 323 2306 Atqui
349 2235 373 2288 si
400 2253 451 2304 per
468 2234 656 2305 indulgentias
680 2235 832 2290 liberantur
850 2233 975 2289 homines
1004 2234 1037 2288 In
1067 2233 1229 2304 purgatorio
1254 2249 1309 2287 non
1341 2240 1384 2287 est
1408 2233 1543 2289 meritum.
1582 2234 1659 2305 Ergo
1685 2252 1736 2289 nec
1760 2234 1840 2290 satis·

138 2337 155 2378 s
175 2317 262 2376 reatu
280 2336 386 2390 poenae
415 2337 506 2376 coram
527 2322 602 2389 Deo,
628 2338 678 2375 cur
705 2329 768 2390 post
795 2328 925 2391 acceptas
947 2328 975 2375 et
1002 2319 1103 2388 faedo,
1127 2336 1192 2372 nam
1210 2319 1284 2374 idem
1304 2319 1456 2389 requiritur
1474 2319 1511 2374 ad
1534 2320 1695 2376 merendum
1713 2326 1742 2377 et
1760 2321 1840 2376 satis·

138 2423 241 2478 magno
258 2423 322 2461 aere
339 2406 479 2461 redemtos
504 2406 691 2473 indulgentiae
717 2405 810 2461 adhue
828 2406 857 2460 in
874 2423 975 2477 purga·
1004 2404 1175 2470 laciendum,
1199 2410 1228 2460 et
1251 2404 1340 2458 omnis
1363 2403 1519 2460 satisfactio
1538 2412 1581 2460 est
1599 2405 1746 2462 monteria
1784 2406 1839 2462 Ex·

139 2493 240 2547 terium
258 2491 441 2563 relegantur?
486 2499 510 2547 3.
529 2491 599 2547 Cum
617 2493 765 2562 lappotlresi
780 2495 816 2547 de
832 2501 974 2561 potestate
1006 2491 1075 2561 cipit
1092 2490 1286 2556 Bellarminus,
1301 2490 1390 2560 plura
1414 2492 1525 2560 requei
1547 2494 1590 2546 ad
1610 2492 1738 2546 meritum
1755 2509 1841 2562 qum

135 2579 289 2648 penaten.
321 2577 403 2633 Multi
423 2595 456 2633 ex
475 2578 629 2633 Pontificiis
647 2579 758 2640 docent,
775 2596 871 2649 papae
887 2580 975 2648 juras·
1003 2579 1045 2630 ad
1055 2577 1290 2641 satisfactionem,
1303 2577 1744 2632 oideliestiillertctsmetstatmn
1757 2580 1839 2636 uitae.

140 2665 292 2719 dictionem
316 2680 375 2718 esse
401 2664 576 2718 illinitatam
600 2673 626 2719 et
644 2667 793 2718 extendere
811 2681 841 2718 ss
860 2666 891 2719 in
907 2683 975 2733 pur-
1004 2662 1230 2732 Respondemus:
1258 2662 1400 2718 imovero
1424 2676 1506 2716 omne
1529 2680 1599 2732 opus
1623 2663 1839 2719 mtisfaeton‘um
1948 2725 1953 2734 ,

139 2751 295 2817 patorirsm,
321 2751 361 2804 ita
379 2756 411 2804 ut
427 2751 574 2804 animabus
597 2751 626 2806 in
646 2750 807 2820 purgatorio
826 2749 975 2804 aestuanti·
1004 2754 1048 2803 est
1062 2747 1146 2802 etism
1161 2748 1340 2814 meritorium,
1352 2753 1505 2803 utconstst
1517 2744 1841 2819 exobediemirchrint,

140 2835 192 2890 bus
210 2834 400 2906 indulgentiae
420 2851 470 2904 per
490 2836 601 2889 modum
626 2835 809 2891 absolutionis
827 2836 976 2889 communi·
1005 2848 1078 2902 quae
1096 2849 1151 2886 nen
1170 2832 1260 2887 solum
1284 2838 1328 2888 est
1347 2834 1561 2897 satisfactoria.
1586 2835 1636 2889 sed
1653 2836 1738 2890 edam
1757 2838 1840 2891 meri·

140 2937 204 2976 care
229 2921 325 2992 possit.
351 2920 456 2977 Godse.
474 2919 585 2978 Holem.
612 2921 714 2978 domin.
738 2928 760 2977 2
789 2928 851 2991 post
873 2920 978 2991 pascha
1005 2920 1090 2986 torio,
1109 2919 1360 2989 quoeunqueenim
1373 2934 1457 2989 opere
1471 2935 1535 2975 rere
1548 2920 1649 2975 satisfit
1661 2921 1732 2990 Dee,
1741 2923 1839 2978 eod

138 3014 251 3066 rernm.
267 3009 491 3063 bonaventurae.
500 3014 569 3060 sent
577 3006 640 3061 dist
648 3012 723 3078 ²0.q.
731 3013 756 3063 5.
764 3008 839 3063 unde
846 3007 973 3062 Theodo·
1005 3006 1090 3060 etiam
1108 3006 1236 3060 meritum
1255 3005 1377 3077 aliquod,
1396 3006 1527 3062 videlieet
1545 3007 1673 3062 liberatio
1687 3025 1705 3062 a
1722 3008 1794 3064 malo
1813 3016 1842 3065 et

139 3091 978 3163 ricasMoruugeruscsnonicusHerbipolensiaBambergen-
1006 3098 1035 3147 et
1053 3092 1119 3146 boni
1128 3092 1249 3160 donatio,
1267 3092 1429 3163 acquiritur.
1467 3091 1550 3149 Unde
1566 3093 1713 3147 concilium
1724 3094 1841 3150 'lb-ideni

139 3178 429 3234 sismEiehstetensis
438 3195 502 3233 ann.
517 3184 590 3235 1489.
601 3195 651 3248 pro
661 3178 800 3234 haeretice
811 3179 977 3249 declaratus,
1006 3178 1095 3233 tinum
1117 3196 1184 3233 sess.
1204 3182 1227 3233 ὓ.
1259 3194 1319 3233 can
1338 3183 1380 3233 32.
1404 3177 1474 3233 haee
1501 3177 1558 3233 duo
1576 3178 1735 3250 conjungit,
1764 3184 1841 3249 quod

141 3267 216 3338 quod
226 3266 437 3322 becconcedere
449 3266 576 3321 noluerit
588 3266 652 3322 vid.
663 3266 783 3336 append.
790 3266 878 3320 fascic
892 3272 976 3336 temp.
1006 3273 1171 3319 renatorum
1189 3265 1320 3334 operibus
1338 3265 1411 3319 nina
1430 3265 1517 3328 duit,
1536 3281 1590 3333 quo
1609 3264 1702 3318 minus
1722 3265 1780 3333 lapi
1796 3267 1840 3320 di·

141 3352 979 3422 nichauPistorioantespastasiamed.Francoi.ann.1584.
1006 3351 1087 3403 vinae
1109 3351 1196 3419 plene
1226 3351 1399 3417 smissecisss
1431 3359 1458 3404 st
1486 3352 1573 3404 sitam
1604 3357 1748 3405 oete-nam
1776 3369 1840 3407 ocra

142 3440 242 3510 Angel.
262 3438 298 3492 de
318 3438 419 3495 Clavis.
439 3438 468 3492 in
485 3456 598 3492 summ:
627 3438 747 3492 Animae
768 3440 929 3492 scrutantes
946 3439 975 3492 in
1003 3437 1193 3506 promeruisse
1212 3444 1391 3490 consonatum·
1422 3435 1577 3491 Diversitas
1601 3435 1656 3491 loci
1677 3453 1732 3492 non
1752 3445 1841 3493 mutat

140 3525 308 3595 purpatorio
325 3532 389 3577 sunt
408 3526 444 3577 de
461 3524 659 3592 jurisdictione
673 3539 780 3595 papae,
798 3531 824 3577 at
845 3540 933 3592 popa,
951 3524 978 3577 si
1005 3522 1096 3592 ipsum
1114 3521 1180 3576 boni
1200 3522 1291 3592 operis
1309 3521 1446 3577 effectum
1490 3521 1520 3576 Si
1539 3537 1607 3594 ergo
1624 3537 1710 3593 opera
1727 3529 1756 3579 et
1773 3542 1840 3596 pss-

142 3611 232 3670 asllet,
243 3618 339 3678 posset
352 3618 438 3663 tatum
445 3611 643 3679 pre-potorium
654 3625 800 3662 evacuare.
835 3608 976 3666 Francise.
1005 3609 1096 3663 siones
1110 3608 1193 3678 hujus
1211 3607 1285 3663 vitae
1302 3615 1368 3662 sunt
1381 3623 1438 3662 non
1456 3607 1545 3662 solum
1563 3609 1772 3680 satisfactorias,
1790 3611 1840 3667 sed

143 3695 280 3751 Middens.
304 3695 334 3748 in
355 3695 485 3752 elucidat.
503 3695 604 3749 cathol.
624 3693 718 3749 verit:
737 3696 872 3755 l’ontifea
884 3711 977 3747 omnes
1006 3695 1091 3752 etism
1110 3694 1284 3762 meritoriae,
1312 3695 1409 3765 utique
1424 3695 1509 3749 etiam
1526 3695 1669 3764 passiones
1687 3696 1716 3750 in
1735 3714 1840 3769 purga·

143 3782 255 3837 animas
287 3798 301 3835 e
325 3783 496 3850 perpeteris
530 3783 653 3834 liberare
681 3788 784 3850 posset.
830 3781 872 3835 Eo
893 3782 977 3835 etiam
1005 3781 1076 3837 torio
1096 3781 1168 3836 tales
1187 3786 1277 3836 amnt.
1315 3779 1352 3835 Et
1368 3780 1504 3849 cinisum,
1527 3780 1711 3851 sipassiones
1731 3782 1760 3836 iu
1776 3799 1841 3855 pur·

12 3899 65 3944 w,
80 3899 129 3939 tit.
143 3868 248 3922 abeunt
265 3868 378 3938 quidam
398 3885 432 3922 ex
449 3866 579 3930 demitis,
604 3872 636 3920 ut
661 3873 779 3936 apparet
797 3883 829 3920 ea
849 3867 977 3936 disputa·
1006 3866 1115 3938 guterio
1128 3883 1185 3921 non
1205 3872 1272 3920 sunt
1293 3866 1458 3929 meritorias,
1477 3883 1544 3938 ergo
1561 3884 1613 3922 nec
1629 3867 1841 3926 satisfactoriae.

142 3955 217 4009 tione
250 3970 313 4008 ann.
350 3959 423 4008 1600.
466 3956 501 4008 cle
529 3953 714 4021 indulpcntiis
746 3951 857 4017 habita,
893 3970 976 4023 quam
1006 3961 1031 4010 5.
1049 3953 1120 4008 Cum
1144 3952 1290 4021 hypothesi
1312 3954 1348 4006 de
1376 3954 1526 4007 duratione
1545 3954 1744 4024 poenitentiae.
1782 3953 1841 4010 Nec

141 4039 241 4094 Petrus
278 4037 433 4094 Stevartius
468 4039 495 4092 in
537 4054 655 4092 censura
695 4045 777 4092 vocat
812 4039 976 4104 stupentem,
1004 4037 1129 4094 remissio
1152 4038 1251 4108 culpae
1274 4036 1407 4105 ramulis,
1433 4053 1486 4092 nec
1512 4036 1665 4093 satisfactio
1684 4055 1734 4109 pro
1751 4054 1842 4108 pecua

143 4127 251 4179 dostsrm
281 4133 306 4178 et
336 4126 509 4178 ortlrodoeae
541 4125 657 4178 cantati
685 4131 914 4189 consentaneam,
948 4125 977 4178 in
1005 4126 1097 4181 locum
1115 4123 1200 4179 habet
1217 4129 1281 4194 post
1298 4123 1372 4178 hauc
1389 4122 1483 4179 ritem
1511 4123 1583 4179 Nem
1596 4125 1657 4194 ejus
1670 4129 1713 4178 est
1728 4124 1841 4195 aculpa

142 4211 222 4279 cujus
248 4209 318 4264 tbesi
343 4215 383 4264 52.
412 4211 452 4264 sic
478 4209 635 4263 disseritur:
665 4207 733 4262 Etsi
757 4210 914 4276 probabilis
937 4218 978 4263 sat
1006 4226 1164 4280 resurgere,
1192 4211 1274 4280 cujus
1300 4214 1343 4264 est
1369 4210 1398 4263 in
1416 4208 1528 4279 eulpam
1545 4208 1681 4274 incidere,
1711 4209 1760 4263 sed
1779 4217 1842 4280 post

142 4297 279 4349 sententia
302 4297 499 4360 maerentium,
527 4296 689 4349 restrictam
706 4295 900 4363 sublatamque
919 4312 976 4350 esse
1007 4297 1079 4350 hane
1098 4297 1183 4350 vitam
1203 4313 1259 4350 non
1277 4299 1396 4365 possunt
1408 4294 1517 4348 animae
1534 4293 1706 4349 committere
1722 4295 1843 4351 venialia

141 4382 334 4450 episcoporum
357 4389 524 4450 potestatem
547 4383 588 4435 ad
611 4382 805 4434 concedendae
836 4382 978 4441 defunctis
1006 4389 1130 4453 peccata.
1167 4381 1251 4452 Ergo.
1286 4381 1436 4435 Praeterea
1452 4385 1570 4450 peccata
1588 4379 1681 4434 omnia
1699 4380 1842 4436 remittun-

140 4467 347 4535 inueteratae,
372 4483 460 4537 aeque
478 4474 572 4521 tamen
588 4465 766 4536 probabilis,
791 4467 819 4518 si
838 4485 894 4520 non
911 4484 977 4538 pro·
1006 4475 1052 4521 tur
1071 4484 1120 4537 per
1136 4465 1351 4537 poenitentiam,
1373 4465 1423 4520 sed
1447 4472 1511 4536 post
1535 4463 1608 4519 bane
1624 4464 1709 4521 vitam
1726 4483 1784 4522 non
1800 4474 1844 4523 est

141 4553 271 4618 habilior,
289 4562 329 4607 eet
348 4570 453 4622 amum,
472 4553 523 4624 qui
539 4554 573 4607 id
586 4561 696 4621 ncpant.
730 4551 875 4605 Credibile
894 4553 977 4605 etiam
1006 4552 1193 4624 poenitentia,
1217 4569 1284 4605 nom
1308 4552 1384 4604 Mem
1409 4558 1449 4603 sa
1475 4551 1630 4604 hominibus
1653 4570 1744 4621 mors,
1766 4555 1844 4622 estod

140 4648 194 4707 cst,
218 4641 380 4710 pontificem
406 4658 515 4694 summa
541 4659 594 4693 sua
622 4647 763 4709 potestate
793 4645 911 4691 martem
940 4646 978 4691 tot
1005 4638 1114 4704 enqelis
1133 4655 1231 4705 canas,
1250 4635 1515 4690 teste-Damascene
1534 4635 1552 4689 l.
1572 4642 1596 4692 2.
1615 4636 1685 4693 orth.
1708 4638 1756 4695 tid.
1776 4655 1800 4693 c.
1817 4644 1842 4694 4.

139 4733 288 4796 metasque
306 4725 497 4794 inculpentias
522 4726 628 4793 lar-piri
654 4725 798 4788 defunctis
822 4740 921 4794 posse,
949 4731 978 4774 ut
1007 4724 1063 4778 Sed
1082 4722 1176 4795 angeli
1194 4739 1244 4794 per
1263 4738 1359 4776 cesum
1379 4720 1525 4777 factisum
1542 4721 1697 4778 immobiles
1715 4724 1744 4778 in
1761 4724 1842 4780 malo.

140 4820 274 4866 evacuato
286 4812 459 4882 pur-potorio
480 4830 574 4866 omnes
593 4812 705 4866 animae
730 4813 771 4866 ad
790 4811 897 4864 eodum
916 4826 975 4863 eoo·
1006 4809 1134 4880 Denique
1160 4809 1190 4863 in
1215 4807 1268 4863 hac
1294 4807 1352 4862 vita
1379 4807 1451 4863 sicut
1469 4813 1564 4879 potest
1589 4808 1670 4867 homo
1690 4811 1784 4880 justus
1808 4827 1842 4865 ex

139 4897 205 4951 lent.
240 4898 328 4968 Atqui
346 4898 369 4951 si
389 4897 513 4968 pontifex
531 4897 616 4951 talem
632 4897 788 4951 absolutam
808 4913 841 4950 ac
861 4895 975 4951 liberam
1006 4896 1154 4967 hypothesi
1173 4893 1384 4950 Pontificiorum
1402 4894 1500 4950 mereri
1524 4895 1634 4966 gratiae
1653 4901 1842 4966 augmentum,

140 4989 306 5052 potestatem
337 4982 424 5038 habet
456 4983 563 5037 animas
595 4996 612 5035 a
641 4983 802 5053 purgatorio
833 4981 977 5045 liberandi,
1005 4983 1045 5037 ita
1073 4982 1156 5037 etiam
1181 4981 1370 5036 remissionem
1401 4980 1551 5035 venialium
1578 4980 1755 5036 offensarum.
1803 4981 1844 5035 At

140 5086 192 5123 nae
208 5069 358 5124 admodum
380 5068 488 5136 durum,
509 5082 624 5121 avarum
646 5083 679 5121 ac
699 5066 877 5136 tyrannicum
896 5083 977 5137 opor·
1005 5076 1069 5140 post
1096 5068 1168 5123 banc
1195 5069 1281 5123 vitam
1308 5066 1416 5122 nullum
1442 5075 1486 5122 est
1508 5067 1645 5122 mentum.
1686 5066 1731 5121 De
1753 5082 1844 5136 poena

140 5161 180 5210 tet
197 5173 257 5211 esse
281 5155 484 5210 sanctissimum
515 5152 592 5206 illum
618 5158 734 5222 patrem,
762 5153 838 5223 quod
862 5152 976 5208 miseras
1005 5154 1139 5225 probatur
1156 5152 1210 5208 boc
1227 5152 1318 5211 medo.
1360 5153 1456 5208 Poena
1481 5158 1525 5208 est
1549 5158 1666 5222 propter
1683 5152 1793 5222 culpam
1810 5159 1841 5207 et

139 5242 246 5295 animas
265 5259 298 5296 ex
318 5241 366 5296 illo
385 5241 450 5312 igne
468 5237 527 5311 (qni
554 5238 613 5291 sola
632 5238 777 5293 duratione
792 5237 828 5292 ab
846 5237 977 5293 infernali
1007 5244 1149 5297 crescente
1176 5239 1261 5308 culpa
1287 5237 1387 5293 crescit
1414 5254 1523 5309 poena,·
1548 5236 1726 5292 decrescente
1757 5236 1842 5307 culpa

140 5326 243 5391 differt)
261 5346 317 5383 non
336 5327 480 5382 confestim
500 5324 615 5391 liberat,
643 5323 694 5378 sed
712 5330 826 5395 propter
842 5326 977 5394 pecunias
1007 5325 1142 5381 decrescit
1176 5340 1274 5394 poena.
1323 5324 1400 5396 Ergo
1438 5330 1545 5379 remota
1580 5322 1680 5391 eulpa,
1720 5339 1842 5379 remove·

138 5413 192 5468 sibi
218 5412 295 5484 prius
322 5414 351 5468 in
375 5413 501 5483 jubilaeo
527 5409 713 5464 numerandas
740 5415 798 5464 tam
822 5410 871 5464 diu
895 5412 925 5465 in
943 5428 975 5468 ee
1005 5418 1051 5466 tur
1067 5427 1168 5482 poena.
1217 5408 1402 5465 Bellarminus
1420 5409 1573 5480 repudiatis
1592 5407 1709 5463 aliorum
1730 5407 1842 5465 Schola·

138 5499 259 5570 torqueri
279 5499 352 5554 sinit.
389 5498 472 5553 Certe
490 5495 559 5551 illud
578 5494 695 5569 probat,
714 5494 788 5568 quod
807 5498 917 5551 nonsit
935 5496 976 5551 ri·
1006 5497 1136 5553 eticorum
1176 5494 1319 5550 sententiis
1355 5495 1531 5569 amplectitur
1572 5493 1730 5569 opinionem
1767 5493 1841 5558 Tho·
