4104 6014
672 287 724 343 DE
743 281 987 343 MORTUORUM
1005 281 1332 342 aasuauaunoua.
1786 288 1848 348 459

152 441 306 512 spiritualis
331 459 364 498 ac
387 444 514 500 coelestis
539 461 589 515 per
617 443 725 514 lapsum
752 440 985 512 protoplastorum
1015 437 1097 494 nibus
1115 440 1342 496 resurrectionem
1359 441 1483 512 proxime
1497 437 1850 495 antecedentibusaccon·

154 528 279 585 amisum
1015 525 1210 595 sequentibus
1251 528 1376 598 adeoque
1405 544 1456 596 pro
1486 531 1545 581 toto
1579 524 1725 595 complexu
1756 539 1850 579 eorum

18 599 76 701 ,²0ss
84 611 139 691 ,¹3⁸
188 619 230 670 64.
266 618 290 669 3.
314 615 466 683 Amajari
479 617 520 668 ad
531 616 631 671 minus.
672 615 706 669 Si
719 609 991 670 C'hrislsecimersti
1015 611 1151 678 omnium,
1175 629 1248 682 quae
1264 615 1331 667 ante
1351 619 1380 667 ιι
1395 617 1459 683 post
1478 611 1708 668 resurrectionem
1725 608 1851 681 praecise

23 706 111 744 utun·
154 701 201 753 sui
215 701 327 769 peperit
345 701 440 768 imptis
458 703 535 769 quod
553 702 645 770 majus
665 710 719 768 est,
747 700 831 754 videl.
849 695 986 750 remismu-
1014 702 1158 766 acceptam
1183 698 1355 769 contingent.
1393 698 1483 754 Priori
1502 715 1585 755 sensu
1602 696 1696 768 angeli
1714 711 1769 750 non
1787 711 1851 766 pos-

155 801 216 838 nam
237 792 432 854 peccalorum,
459 787 716 840 reconciliationem
740 804 801 839 cum
822 786 885 837 Deo
904 789 930 834 et
949 780 987 833 oi·
1015 788 1080 836 sunt
1102 782 1157 838 dici
1182 800 1267 838 causa
1292 784 1512 841 instrumentalis
1528 781 1755 850 resurrectionis,
1783 781 1851 853 quia

154 877 212 924 tam
232 880 391 942 aeternam,
409 873 499 926 multo
519 875 608 941 napis
623 872 735 944 peperit
753 872 786 924 id
805 871 881 941 procl
898 867 987 921 minus
1015 866 1191 922 resuscitatio
1210 875 1255 922 est
1272 885 1341 938 opus
1361 886 1437 925 mere
1451 870 1586 939 divinum,
1601 869 1638 922 sd
1654 867 1729 938 quod
1742 865 1850 922 nullum

154 966 204 1024 est,
223 957 308 1013 cislel.
321 959 553 1012 resrsmctionem
565 976 723 1027 corporum.
761 954 987 1027 Respondemus:
1014 952 1178 1023 angelorum
1200 954 1243 1008 ιιι
1269 954 1410 1010 hominum
1429 955 1614 1011 ministerium
1631 953 1780 1018 concurrit,
1800 953 1850 1008 sed

157 1046 180 1098 l.
208 1041 388 1097 confunditur
412 1045 571 1112 applicatio
592 1062 655 1098 cum
674 1043 871 1113 acquisitione.
909 1040 988 1096 Chri·
1015 1037 1249 1107 quemadmodum
1273 1057 1376 1111 corpus
1400 1040 1480 1111 primi
1505 1040 1625 1095 hominis
1644 1038 1722 1095 Deus
1739 1039 1800 1110 ipse
1816 1054 1851 1094 ex

154 1132 212 1182 stus
239 1128 267 1181 ιι
292 1128 382 1182 meriti
405 1128 448 1183 sui
476 1129 624 1199 acquisivit
642 1128 734 1201 impiis
751 1126 988 1183 resuscitationem
1014 1128 1104 1177 terrae
1123 1125 1239 1194 pulsare
1263 1127 1423 1183 immediate
1451 1126 1582 1184 formarit
1599 1126 1672 1183 (ιιι.
1693 1133 1718 1194 2,
1737 1144 1763 1183 ι.
1782 1131 1804 1180 l.
1823 1130 1852 1179 et

152 1213 290 1270 advitam
309 1220 459 1282 ιιιιιιιιιιι,
479 1216 526 1269 sed
546 1215 587 1270 illi
604 1216 769 1271 beneficium
787 1214 843 1271 lide
860 1212 913 1268 sibi
932 1227 988 1266 non
1014 1223 1048 1261 ex
1066 1214 1145 1264 costa
1165 1213 1226 1281 ejus
1245 1212 1389 1268 mulierem
1404 1213 1562 1269 aedificarit
1578 1231 1604 1266 ιι.
1622 1217 1663 1269 22.
1682 1213 1723 1268 ita
1739 1227 1851 1283 qnoque

153 1299 303 1370 applicant.
356 1306 379 1356 2.
411 1299 525 1355 Possem
561 1318 594 1356 ιι
629 1302 725 1357 eodem
757 1299 848 1355 medio
879 1298 988 1359 inferre,
1014 1292 1091 1349 Deus
1118 1296 1179 1366 ipse
1208 1315 1324 1369 corpora
1352 1299 1547 1357 defunctorum
1572 1316 1606 1355 ιι
1629 1305 1720 1354 ιιιιιι
1736 1298 1850 1368 pulsare

154 1384 295 1441 Christum
321 1385 438 1441 honores
457 1403 491 1440 sc
508 1387 620 1441 divitias
640 1387 725 1457 hujus
745 1385 840 1442 mundi
861 1401 911 1440 suo
932 1401 987 1438 me·
1015 1378 1176 1436 reformabit
1191 1388 1219 1437 ιι
1236 1399 1300 1439 cum
1317 1383 1415 1438 iisdem
1428 1386 1553 1456 proprias
1566 1384 1673 1440 animm
1686 1385 1846 1454 conjunget.

153 1472 207 1526 rito
224 1471 304 1527 nobis
324 1472 511 1542 acquisivisse.
551 1479 575 1528 3.
589 1473 708 1527 Fructus
726 1489 760 1529 ιι
773 1471 872 1527 merito
884 1469 986 1526 Christi
1015 1463 1116 1520 Erech.
1144 1472 1192 1537 at,
1215 1488 1241 1523 ι.
1269 1475 1316 1525 12:
1342 1471 1423 1524 Haec
1450 1471 1522 1525 dicit
1538 1471 1693 1547 Dominus,
1720 1485 1782 1523 ecoe
1800 1484 1850 1535 epo

154 1556 354 1613 descendentes
372 1565 439 1613 sunt
456 1557 505 1613 illa
519 1557 668 1628 ιιιιιιιιιιι,
686 1575 759 1629 quae
777 1555 922 1612 animabus
939 1554 986 1609 ho·
1014 1552 1143 1620 aperiam
1168 1557 1291 1610 tumulos
1315 1565 1421 1612 uestros
1446 1565 1472 1612 et
1494 1561 1613 1612 educam
1632 1574 1681 1612 ιιι
1700 1559 1737 1610 de
1753 1555 1847 1626 ceput

154 1642 257 1698 minum
273 1643 447 1714 potissimum
464 1644 500 1698 ad
516 1645 633 1699 ιιιιιιιιιι
651 1643 807 1712 conferunt,
826 1643 899 1698 inter
916 1658 987 1714 qnae
1014 1637 1072 1691 cris
1097 1642 1198 1694 cestris
1217 1651 1242 1697 ιι
1261 1644 1336 1697 dudo
1356 1645 1494 1713 Spiritum
1511 1662 1601 1698 meum
1623 1644 1655 1698 in
1671 1643 1755 1697 sebia
1794 1641 1848 1695 Po·

153 1729 327 1784 formulario
351 1730 386 1784 ad
406 1730 545 1800 judicium
570 1737 598 1786 et
621 1730 801 1802 ignominiam
825 1728 921 1785 tasoni
941 1745 986 1783 ns·
1015 1724 1122 1780 steriori
1141 1745 1223 1782 sensu
1245 1732 1337 1801 angeli
1356 1736 1474 1801 possunt
1492 1731 1549 1785 dici
1564 1745 1666 1785 causae
1682 1728 1847 1783 instrumen-

153 1814 223 1886 quit.
261 1821 285 1872 ι.
311 1815 445 1871 Remissio
467 1823 645 1885 peecatorum
668 1823 697 1872 et
720 1814 908 1872 reconciliatio
924 1830 987 1869 cuns
1014 1808 1083 1865 tales
1103 1816 1325 1888 resurrectionis,
1350 1817 1417 1888 quia
1435 1817 1545 1873 Christo
1562 1814 1682 1872 Domino
1700 1830 1750 1869 suo
1771 1812 1849 1867 mini·

154 1899 215 1955 Deo
240 1900 379 1970 pertinent
402 1901 438 1954 ad
467 1918 551 1972 opera
582 1902 690 1972 gratiae
715 1908 744 1956 ιι
767 1907 833 1955 sunt
854 1899 988 1955 salutaris
1016 1895 1145 1954 strabunt
1173 1901 1242 1956 tuba
1275 1910 1340 1959 ante
1375 1903 1602 1959 resurrectionem
1632 1899 1788 1971 clangendo
1821 1904 1850 1953 et

155 1985 305 2052 banefiua,
330 1985 379 2041 sed
406 1987 581 2043 resuscitatio
602 1986 748 2057 impiorum
768 1986 804 2040 ad
826 2002 944 2056 poenam
960 1990 989 2040 et
1017 1989 1080 2051 post
1097 1987 1325 2043 resurrectionem
1342 1988 1468 2044 homines
1488 2005 1506 2042 a
1525 1994 1644 2058 quatuor
1664 1986 1767 2053 sentis,
1785 1983 1803 2037 i.
1825 1999 1849 2045 e.

155 2077 269 2127 mertam
287 2077 330 2125 est
349 2086 419 2142 opus
439 2072 497 2128 irae
515 2076 547 2127 at
560 2072 671 2142 judicii.
1015 2085 1049 2123 ex
1066 2071 1194 2126 omnibus
1208 2074 1303 2129 mundi
1320 2074 1426 2145 plagis,
1446 2072 1603 2144 colligendo
1616 2076 1669 2126 etc.
1703 2070 1772 2125 Inde
1789 2068 1850 2140 qui·

133 2185 142 2193 ·
190 2163 232 2214 65.
260 2159 356 2213 Causa
388 2158 614 2212 instrumentalis
642 2157 851 2227 resurrectionis
883 2175 902 2212 a
933 2157 989 2227 ple·
1017 2155 1081 2209 dam
1100 2156 1203 2225 dicunt,
1223 2159 1317 2230 angeli
1334 2165 1417 2214 erunt
1436 2159 1569 2230 ὑπηρέται
1589 2158 1647 2212 sire
1664 2156 1790 2210 ministri
1805 2171 1850 2209 re·

122 2235 142 2295 .”
154 2243 249 2315 risque
271 2243 404 2299 statuitur
421 2243 608 2298 ministerium
626 2245 802 2312 anpeimum,
827 2243 902 2313 quod
918 2243 990 2298 Filio
1017 2242 1202 2308 surrectionis,
1219 2263 1321 2298 caruca
1339 2251 1433 2299 autem
1452 2244 1529 2299 nullo
1548 2243 1632 2298 modo
1650 2258 1711 2297 esse
1727 2245 1852 2312 possunt.

96 2333 124 2409 '¹
155 2327 210 2383 Dei
239 2327 425 2396 exhibebunt,
458 2334 481 2384 1.
512 2329 579 2382 tuba
610 2331 776 2398 clamando.
822 2328 921 2384 Μιιιιι.
948 2334 990 2393 tt,
1018 2327 1202 2384 Oecumenius
1220 2331 1249 2385 in
1266 2347 1363 2388 comm.
1384 2338 1408 2386 l.
1426 2330 1524 2384 Thess.
1542 2336 1573 2386 ιι
1596 2329 1629 2382 ιιι
1650 2345 1719 2396 quos
1736 2328 1852 2396 accepit

155 2432 180 2469 ι.
201 2418 249 2469 31:
269 2413 364 2469 Filius
383 2413 503 2467 hominis
522 2414 608 2470 mittat
628 2415 743 2484 aupelos
763 2432 828 2470 suos
845 2433 908 2468 cum
925 2416 991 2468 tuda
1017 2421 1096 2468 terra
1126 2418 1232 2471 reddat
1262 2420 1292 2471 in
1320 2416 1561 2471 immortalitatem
1591 2421 1787 2477 commutatos,
1821 2413 1854 2466 ιιι

155 2501 230 2555 uocis
249 2515 374 2567 mupssua.
397 2498 489 2554 l.Cor.
512 2505 552 2565 15,
571 2516 596 2552 ι.
617 2505 665 2556 51:
685 2502 751 2556 Non
769 2518 861 2557 omnes
879 2502 991 2570 quidem
1020 2501 1126 2556 Christi
1147 2511 1327 2572 praeceptum
1353 2503 1456 2573 efficit‚·
1488 2511 1520 2555 ut
1547 2510 1640 2556 autem
1666 2501 1716 2571 qui
1736 2501 1778 2555 ad
1798 2516 1853 2569 po·

154 2588 369 2652 obdormientes,
395 2602 488 2640 omnes
509 2594 602 2641 ιαιιιιιι
618 2588 838 2652 immutabimur,
855 2604 879 2643 ι,
900 2591 940 2642 52.
960 2587 990 2640 in
1017 2595 1123 2642 anema
1149 2589 1249 2643 mundi
1270 2591 1335 2644 locu
1364 2589 1488 2657 dispersi
1505 2588 1614 2643 suntin
1631 2605 1718 2642 ussum
1736 2603 1854 2656 conpre-

154 2680 305 2739 memeulo,
330 2672 361 2724 in
378 2673 435 2725 ictu
454 2673 544 2743 amsii,
576 2673 607 2726 in
624 2674 777 2727 ιιιιιιιιιιιι
796 2673 878 2736 tuba,·
910 2680 990 2727 canet
1017 2682 1132 2742 paratur,
1161 2676 1258 2744 aupeli
1277 2676 1427 2745 perficiunt
1447 2675 1563 2743 jubente
1590 2674 1643 2728 isco
1672 2672 1852 2742 erchanpelo.

155 2761 236 2824 mim,
256 2766 281 2811 et
300 2758 406 2811 mortui
424 2767 541 2827 surpent
562 2760 802 2830 incorruptibiles,
825 2767 851 2814 et
871 2776 923 2812 nos
941 2758 990 2811 im·
1019 2765 1042 2814 2.
1071 2760 1152 2825 Quod
1181 2760 1391 2817 resurrectionis
1415 2760 1540 2830 praecise
1567 2764 1602 2815 et
1633 2758 1784 2814 formaliter
1807 2773 1853 2813 ac·

155 2844 333 2898 mutabimur.
366 2848 387 2898 ι,
406 2843 506 2898 Ἰιιιιι.
527 2850 551 2911 t,
566 2863 591 2899 ι.
616 2849 660 2899 16:
685 2846 753 2915 Ipse
769 2845 910 2899 Dominus
929 2861 990 2898 cum
1020 2852 1118 2915 ceptae
1146 2863 1232 2902 causa
1259 2846 1476 2902 instrumentalis
1502 2845 1579 2901 haud
1603 2844 1739 2900 immerito
1769 2843 1854 2899 suasi

148 2929 338 2998 jubilaticne,
361 2928 391 2981 in
416 2946 482 2982 uoce
498 2930 667 2999 erchanpeii
684 2937 712 2982 at
729 2930 760 2983 in
777 2927 844 2983 tuba
863 2930 922 2983 Dei
941 2931 988 2984 de·
1018 2931 1105 3001 possit
1123 2950 1176 2986 oea
1196 2931 1304 2988 Christi
1320 2931 1513 2988 resuscitantis
1531 2935 1560 2986 et
1574 2929 1737 3000 judicantis.
1773 2930 1853 2996 Quod

153 3017 267 3071 scendet
284 3018 320 3070 de
339 3016 418 3070 coelo
437 3022 463 3069 ct
484 3015 595 3078 mortui,
615 3015 711 3084 quiin
729 3014 841 3069 Christo
859 3023 990 3080 sanare·
1018 3017 1090 3071 enim
1123 3019 1176 3073 hoc
1205 3035 1274 3089 opus
1301 3018 1427 3073 divinum
1454 3016 1613 3072 immediate
1639 3015 1677 3070 ab
1704 3016 1766 3086 ipso
1792 3015 1854 3070 Deo

154 3109 268 3171 carpant
291 3101 384 3170 primi
407 3104 460 3155 etc.
508 3107 532 3156 2.
557 3101 694 3155 Homines
714 3118 746 3154 ea
766 3101 884 3155 mortuis
902 3102 990 3156 eusci·
1018 3102 1173 3172 profectum
1191 3103 1225 3159 iri
1243 3103 1371 3173 (ιιιιιιιιιι,
1396 3103 1425 3158 id
1442 3108 1571 3173 respectu
1587 3107 1785 3171 ιιιιιιιιιιιιιιι,
1805 3119 1853 3157 an·

156 3196 229 3242 tator
247 3187 416 3255 coliipendo.
453 3185 553 3244 Matth.
573 3193 621 3252 24,
638 3204 665 3243 ι.
686 3193 726 3244 31.
756 3204 816 3259 cap.
838 3194 885 3257 25,
904 3207 930 3248 ι.
950 3193 990 3246 31.
1018 3188 1143 3259 gelorum
1155 3189 1241 3244 scilic.
1257 3196 1286 3245 et
1298 3189 1450 3257 hominum,
1463 3187 1668 3259 accipiendum,
1686 3189 1761 3258 quud
1775 3188 1853 3247 Deus

156 3276 240 3330 Marc.
264 3279 303 3338 13,
322 3293 348 3327 ι.
364 3281 410 3330 at:
430 3275 526 3329 Mittet
539 3275 634 3329 Filius
653 3275 772 3331 hominis
791 3276 906 3345 anpalos
925 3293 992 3330 suos
1019 3274 1047 3329 in
1080 3275 1133 3330 hoc
1163 3291 1246 3345 opera
1275 3291 1331 3329 non
1360 3275 1399 3330 sit
1422 3274 1599 3330 adhibiturus
1621 3274 1783 3344 angelorum
1810 3275 1853 3329 val

157 3369 183 3414 et
212 3360 418 3430 concrepabunt
446 3361 547 3413 electos
576 3361 637 3429 ejus
661 3378 681 3413 a
708 3369 832 3430 quatuor
856 3362 944 3415 ventis
973 3379 992 3415 a
1018 3360 1160 3416 hominum
1191 3360 1387 3426 ministerium,
1416 3360 1526 3415 interim
1557 3375 1658 3415 ιιιιιιι
1687 3359 1852 3414 instrumen-

156 3447 271 3501 summis
293 3446 434 3500 coelorum
460 3462 546 3515 sisque
572 3448 614 3499 ad
635 3447 769 3500 terminos
788 3463 889 3501 eorum.
928 3445 992 3502 Huc
1019 3448 1082 3500 telis
1102 3447 1190 3503 vicem
1208 3447 1347 3502 obtinebit
1365 3465 1418 3503 vox
1439 3447 1556 3515 Christi,
1582 3449 1663 3518 cujus
1683 3452 1784 3502 natura
1801 3446 1852 3501 hu·

38 3535 95 3577 11¹·
109 3534 143 3576 ²2
156 3530 251 3586 referri
273 3536 366 3601 potest
385 3531 527 3587 oraculum
547 3531 714 3586 Dauidicum
734 3532 836 3587 Psalm.
855 3539 897 3596 50,
917 3551 943 3586 ι.
962 3539 991 3588 5;
1019 3550 1101 3588 mana
1124 3549 1188 3588 cum
1211 3534 1238 3587 in
1263 3534 1352 3603 ipsam
1369 3534 1469 3604 Λόγου
1487 3532 1642 3588 ὑπόστασιν
1666 3533 1703 3587 ιιι
1720 3539 1852 3600 ιιιιιιιιιι,

159 3619 333 3687 Conci-epate
361 3618 432 3671 milri
460 3625 573 3672 sanctos
604 3634 689 3675 meos.
735 3624 758 3673 3.
796 3619 931 3674 Collectos
963 3619 993 3671 in
1019 3618 1082 3673 ideo
1098 3636 1150 3673 ιιι
1166 3621 1226 3689 eJ‘us
1245 3619 1367 3673 divinam
1384 3619 1500 3674 habebit
1515 3618 1668 3674 efficaciam
1684 3623 1851 3675 mortuosex

157 3705 232 3757 duas
253 3703 358 3758 classes
381 3704 575 3757 distribuendo
600 3719 634 3758 ac
659 3703 746 3758 bonos
772 3704 810 3759 ad
827 3703 929 3759 Christi
946 3704 991 3775 ju·
1018 3703 1154 3774 sepulcris
1181 3704 1322 3760 avocandi.
1366 3705 1451 3760 Hanc
1478 3704 1581 3760 Christi
1610 3720 1706 3759 uocem
1735 3719 1792 3759 non
1817 3704 1853 3759 de

156 3789 226 3843 dicis
251 3789 389 3853 dextram,
415 3789 501 3844 malos
526 3789 562 3843 ad
589 3790 650 3859 ejus
678 3789 818 3844 sinistram
837 3790 992 3845 statuendo.
1019 3789 1094 3844 nudo
1121 3790 1256 3844 duntaxat
1274 3790 1359 3858 jassa
1382 3791 1490 3845 interno
1513 3796 1543 3846 ιι
1565 3790 1709 3845 voluntate
1735 3788 1853 3857 efficaci,

156 3874 252 3929 Matth
272 3879 363 3944 13,s.
384 3880 431 3930 te:
461 3875 498 3928 In
516 3875 753 3930 consummatione
774 3876 864 3929 seculi
881 3875 992 3929 eribant
1019 3876 1169 3932 sedetiam
1188 3875 1223 3931 de
1240 3893 1311 3930 sono
1331 3885 1444 3931 celano
1461 3882 1490 3932 et
1507 3877 1623 3932 audibili
1642 3876 1852 3946 intelligendam

156 3961 252 4030 anpeli
281 3967 307 4014 et
333 3962 506 4031 separabunt
537 3961 628 4016 malos
655 3964 691 4016 cle
722 3963 814 4017 medio
839 3962 992 4031 justorum.
1018 3961 1200 4031 probabiliter
1218 3961 1373 4016 statuimus.
1412 3961 1521 4027 Primo,
1544 3961 1611 4032 quia
1626 3962 1689 4032 ipsa
1704 3961 1785 4017 litera
1801 3976 1853 4015 nos

156 4064 215 4118 cap
237 4053 279 4116 25,
298 4063 322 4103 ι.
344 4052 392 4101 at:
419 4046 489 4101 Cum
508 4048 616 4102 venerit
633 4048 728 4102 Filias
748 4047 898 4102 hominia
885 4065 916 4100 sn
933 4064 991 4099 ma
1019 4063 1052 4100 eo
1080 4047 1199 4103 deducit
1236 4047 1347 4102 Dicitur
1365 4046 1490 4102 Christus
1516 4064 1581 4102 uoce
1604 4065 1656 4101 sua
1681 4045 1852 4105 excitaturus
1867 4044 1926 4097 ΨΜ
1939 4056 1981 4097 per

150 4136 255 4204 jactate
280 4151 334 4188 sisa
352 4142 378 4187 et
394 4149 488 4189 omnes
505 4133 603 4204 anpeis‘
621 4152 683 4188 cum
703 4150 747 4197 eo,
772 4150 798 4188 ι
818 4138 859 4189 32.
878 4148 991 4200 conpre-
1019 4140 1154 4199 mortuos,
1175 4135 1235 4202 jam
1254 4150 1318 4188 sero
1336 4138 1458 4200 constat,
1484 4133 1558 4202 quod
1578 4146 1630 4185 vox
1649 4132 1687 4184 ιιι
1705 4148 1788 4186 sonus
1806 4146 1851 4186 ex·
1866 4106 1949 4191 effi

156 4221 297 4290 palantia
322 4227 388 4274 anta
413 4237 474 4273 eum
498 4237 590 4274 omnes
615 4228 711 4288 paruos
738 4226 764 4272 et
781 4219 927 4287 separabit
945 4235 993 4272 eos
1018 4223 1113 4272 ternus
1131 4224 1160 4272 et
1177 4217 1316 4273 audibilis.
1352 4217 1494 4286 Secundo,
1517 4217 1585 4288 quia
1604 4217 1705 4271 mortui
1722 4216 1854 4273 dicuntur
1866 4200 1954 4302 w

158 4305 322 4375 (ministerio
351 4305 459 4361 scilicet
485 4306 656 4377 angelorum)
681 4307 718 4359 ab
752 4305 883 4372 inuicem,
920 4305 992 4359 sicin
1019 4320 1113 4360 rocem
1137 4304 1212 4358 illam
1231 4304 1369 4357 auditui.
1393 4302 1457 4361 leh.
1479 4308 1502 4364 ι,
1521 4319 1546 4354 ι.
1565 4308 1612 4359 28:
1638 4303 1739 4357 Omnes
1756 4303 1853 4373 1ιιιιιίιι

155 4400 256 4462 pastor
286 4399 415 4463 seprepal
446 4408 508 4447 oues
549 4392 585 4446 ab
616 4391 714 4445 haedis
744 4398 769 4444 et
797 4390 897 4445 statuit
927 4407 991 4445 coes
1018 4389 1199 4449 monumentis
1216 4395 1296 4451 sunt,
1322 4387 1438 4441 audient
1458 4403 1548 4441 uocaus
1568 4387 1642 4442 Filii
1662 4389 1728 4442 Dei.
1762 4388 1852 4460 Atqui
1868 4387 1924 4429 ΗΧ·
1936 4385 1970 4431 Ἀ

155 4478 269 4548 quidem
297 4496 315 4532 a
343 4479 450 4533 deruis
473 4478 548 4543 ιιιιι,
574 4478 682 4532 haedos
708 4483 802 4530 amem
817 4494 836 4529 a
856 4477 991 4533 sinistris.
1018 4476 1041 4529 ιιι
1064 4492 1117 4530 vox
1139 4474 1188 4529 illa
1207 4473 1290 4530 debet
1313 4490 1346 4530 ιι
1365 4479 1446 4544 parte
1464 4473 1605 4529 hominum
1624 4474 1728 4545 audiri,
1755 4477 1853 4548 utique

155 4570 179 4620 l.
198 4564 297 4618 Malos
315 4582 334 4617 a
351 4565 430 4619 bonis
449 4571 598 4634 separatos
613 4571 680 4633 post
698 4563 787 4616 latam
800 4562 915 4631 judicis
931 4579 992 4616 sess·
1018 4561 1102 4617 etiam
1120 4577 1153 4616 ex
1172 4567 1251 4631 parte
1269 4559 1333 4615 Filii
1351 4559 1406 4614 Dei
1423 4559 1542 4627 sonabit,
1562 4565 1594 4615 ut
1611 4565 1724 4618 mutuae
1741 4562 1851 4619 relatio·

155 4651 268 4706 emtam
291 4650 323 4705 in
344 4651 489 4715 infernum
512 4650 656 4705 mittendo.
700 4647 799 4704 Matth.
827 4653 873 4713 13,
895 4665 920 4700 ι.
940 4654 991 4704 41:
1018 4646 1062 4700 nis
1087 4646 1128 4701 vis
1150 4646 1276 4703 ostendit
1320 4645 1431 4714 Tertio,
1455 4645 1521 4717 quis
1537 4646 1615 4702 Deus
1632 4646 1734 4703 dicitur
1752 4664 1853 4703 socors

155 4736 252 4790 Mittet
271 4736 366 4790 bilius
390 4736 509 4790 hominis
538 4735 655 4806 anpslos
673 4752 740 4789 suos
757 4741 784 4788 et
803 4733 937 4802 collipeut
956 4735 993 4787 de
1019 4749 1061 4797 ea,
1074 4749 1146 4801 quae
1159 4751 1215 4787 non
1229 4740 1301 4802 sunt,
1319 4741 1453 4801 tanqssum
1465 4733 1528 4801 sint,
1546 4734 1579 4786 ssi
1599 4735 1638 4806 μὴ
1658 4733 1727 4789 iisse
1741 4734 1852 4796 ιιςόιιιι

154 4840 240 4892 repno
260 4823 321 4891 ejus
341 4822 435 4876 omnia
453 4823 596 4877 scandala
613 4830 639 4875 et
657 4838 723 4889 eos,
742 4821 793 4890 qui
809 4820 923 4884 faciunt
940 4820 992 4875 ini·
1017 4817 1097 4873 Rom.
1120 4826 1146 4882 t,
1170 4836 1196 4873 ι.
1214 4825 1253 4874 ll.
1275 4818 1349 4888 quod
1369 4819 1496 4888 quamvis
1517 4818 1622 4875 directe
1641 4825 1670 4874 et
1687 4820 1798 4891 proprie
1815 4821 1852 4876 ad

155 4910 302 4978 ιιιιιαιιιιι,
328 4925 352 4962 ι.
371 4913 413 4962 42.
439 4915 465 4961 et
489 4909 596 4963 mittent
620 4925 667 4962 eos
693 4907 722 4961 in
745 4907 886 4961 caminum
909 4905 992 4976 ipsis,
1017 4905 1167 4961 articulum
1189 4904 1337 4960 creationis
1359 4905 1514 4975 pemineat,
1543 4912 1635 4962 tamen
1653 4912 1855 4976 consequenter

155 4994 230 5065 quod
248 4993 381 5065 repetitur
400 5009 425 5045 v.
446 5000 486 5051 50.
504 4994 665 5051 Notandum
684 4999 777 5048 autem
795 4992 821 5048 h.
840 4993 858 5048 l.
879 4999 901 5050 l.
915 4993 990 5065 quod
1019 4997 1048 5047 et
1076 4991 1241 5048 secundario
1273 4990 1356 5046 etiam
1388 4992 1423 5046 ad
1453 4992 1600 5048 articulum
1627 4992 1855 5062 mussitationis,

155 5079 319 5134 resurreetio
354 5076 501 5148 dupliciter
540 5079 700 5149 accipiatur.
756 5079 849 5133 Primo
887 5080 992 5149 stricte,
1019 5096 1093 5151 qnae
1110 5084 1152 5134 est
1170 5079 1270 5133 iterata
1286 5093 1321 5133 ac
1339 5094 1411 5133 nova
1427 5078 1546 5145 ιιιιιιι,
1572 5078 1775 5134 accommodari
1794 5085 1854 5150 pot

153 5165 283 5234 praecise
304 5183 338 5218 ac
354 5165 521 5231 formaliter
538 5181 589 5235 pro
607 5181 755 5235 corporum
770 5181 803 5220 ex
821 5170 912 5219 terrae
930 5164 991 5235 pul·
1019 5171 1076 5236 est,
1099 5165 1175 5237 quod
1192 5165 1281 5220 Filius
1299 5163 1353 5219 Dei
1377 5164 1524 5220 defunctos
1549 5163 1672 5218 nondum
1690 5164 1854 5221 exsistentes

155 5265 219 5305 vere
250 5249 414 5305 formatione
448 5256 532 5318 atque
569 5250 719 5304 eorundem
749 5267 813 5304 eum
843 5249 991 5307 animabus
1004 5248 1006 5265 ²
1020 5251 1115 5308 divina
1133 5268 1184 5307 sua
1209 5268 1277 5307 voce
1294 5250 1335 5305 ita
1351 5250 1522 5322 alloquatur,
1550 5249 1785 5320 quemadmodum
1803 5268 1853 5308 nos

154 5335 279 5391 unitione
306 5335 365 5391 sive
393 5333 527 5390 naturalis
557 5335 632 5389 vitae
656 5334 845 5403 restitutione,
876 5352 908 5390 ac
934 5353 992 5393 cor·
1018 5339 1143 5399 hemines
1168 5337 1247 5392 risos
1266 5343 1296 5393 et
1312 5337 1475 5392 ιιιιιιιιιιιι
1493 5335 1699 5405 compellamus.
1738 5336 1853 5401 Quarto,

154 5435 252 5491 porum
281 5420 480 5478 vivificatorum
508 5436 541 5474 ιι
570 5418 698 5491 sepulcro
721 5419 920 5490 production03
948 5439 988 5479 se·
1019 5424 1086 5495 qnia
1102 5424 1130 5483 iu
1147 5422 1299 5495 praeludiis
1318 5420 1481 5478 ιιιιιιιιιιιιι
1500 5420 1724 5486 resurrectionis,
1744 5421 1773 5475 in
1792 5439 1854 5493 par·

155 5505 247 5563 eundo
272 5507 345 5576 iste,
371 5504 543 5579 peneraliter
571 5523 604 5561 ac
629 5507 816 5563 materialiter
834 5524 885 5577 pro
904 5510 990 5567 sctio·
1017 5508 1183 5571 uculuibus
1201 5508 1289 5569 scilia
1311 5506 1537 5567 sausoitaturum
1556 5505 1852 5578 compunctorum·
