4104 6014
168 331 225 390 124
280 359 281 363 ¹
759 325 883 385 LOCUS
904 323 1107 382 VIGESIMUS
1128 326 1274 386 SEXTUS

162 480 312 547 pythonico
339 489 404 534 timo
424 482 540 551 spiritui
557 483 649 536 minus
666 483 747 538 licuit
758 483 883 536 animam
902 480 1001 535 Saulis
1070 490 1178 535 emanet
1189 483 1296 551 justus.
1326 485 1421 538 Porro
1439 492 1532 537 autem
1550 486 1603 538 hoc
1623 492 1664 538 est
1677 485 1867 555 praestipinm

165 566 303 634 effinpare
333 576 401 634 past
431 568 525 620 Deum
561 577 685 623 mortuos
714 569 874 622 consulente
906 566 1003 621 Saule.
1034 567 1174 636 Satanae,
1202 586 1256 638 quo
1283 577 1314 622 ut
1335 571 1475 638 plurimos
1494 571 1599 639 fallat,
1630 571 1715 625 etiam
1733 571 1818 626 bonos
1836 573 1867 624 in

164 650 248 703 Absit
266 652 401 720 alioqum,
420 660 451 705 ut
469 654 593 706 animiam
612 654 761 722 cujuslibet
779 655 879 720 sancti,
901 655 1003 707 nedum
1025 660 1165 719 potestate
1193 670 1223 706 se
1255 655 1355 708 habere
1384 657 1526 724 confnpit.
1580 657 1614 709 Ut
1642 658 1715 710 enim
1742 674 1867 712 errorem

163 736 353 803 prophetase
374 739 523 790 daemonio
543 742 693 792 credamus
714 748 881 808 extractam,
903 740 1002 806 cslocti,
1028 739 1152 806 faceret,
1178 740 1208 791 in
1228 758 1281 810 quo
1302 749 1327 794 et
1346 741 1408 812 ipse
1436 742 1623 810 ploriaretur,
1649 742 1796 795 inhabita
1812 743 1869 797 oiri

165 823 243 888 quod
261 823 321 889 ipse
342 822 468 876 Satanas
486 827 703 893 transfiguretur
722 826 752 877 in
772 825 901 894 uispolum
921 825 1001 889 lucis,
1015 825 1101 892 tjasti
1129 833 1154 878 et
1179 827 1289 879 nomine
1314 843 1343 879 se
1371 829 1545 893 adanam,
1573 835 1604 881 ut
1634 828 1706 881 nihil
1721 832 1864 900 proficere

165 908 266 959 rsedrtm
285 907 316 959 in
333 908 471 962 hominem
489 909 570 973 lucis,
587 911 673 963 etiam
692 912 784 964 Deam
801 928 832 964 se
850 913 1001 965 asheoera·
1015 890 1114 979 ¹spem,
1129 927 1212 979 quam
1225 913 1435 980 praedicabant
1448 914 1508 966 Dei
1519 913 1680 978 cultoribus,
1690 916 1864 977 mentiretur,

165 1000 244 1044 tetrus
268 994 403 1062 sipnaque
427 997 639 1063 portentosiora
664 997 792 1050 editurus
816 999 857 1050 ad
883 1006 1003 1050 euerten-
1029 997 1143 1063 quando
1161 997 1224 1050 hine
1248 1007 1375 1052 esmmtes
1391 999 1487 1067 justos
1514 998 1593 1062 finxit
1616 1000 1645 1052 in
1664 1017 1718 1053 sua
1735 1017 1794 1053 esse
1810 1018 1863 1072 po·

165 1080 228 1146 (los,
245 1079 274 1132 si
284 1081 350 1142 fieri
364 1090 467 1150 posset,
486 1082 595 1135 electos.
627 1083 781 1150 Dubitarit,
801 1083 828 1136 si
844 1083 920 1146 forte
937 1091 1003 1136 turio
1029 1089 1135 1135 testate.
1182 1082 1241 1137 Sed
1264 1084 1317 1136 hoc
1336 1087 1475 1152 quosdam
1498 1084 1594 1151 fallit,
1623 1087 1701 1154 quod
1723 1087 1759 1139 de
1776 1093 1866 1139 morte

166 1165 335 1234 prophetam
362 1184 392 1218 se
416 1169 474 1219 lles'
499 1183 662 1222 asseverare
686 1177 712 1222 et
735 1170 831 1237 utique
852 1168 949 1233 Sauli,
971 1170 1002 1222 in
1031 1165 1102 1220 saut
1135 1176 1160 1221 et
1195 1168 1318 1230 filiorum
1347 1170 1408 1237 ejus
1440 1187 1497 1223 non
1526 1170 1563 1222 sit
1591 1171 1729 1224 mentitus.
1778 1170 1867 1233 Quasi

168 1267 223 1318 quo
237 1252 300 1319 jam
321 1252 382 1321 ipse
400 1253 580 1320 morabatur;
606 1271 640 1307 ne
665 1263 760 1323 putes,
784 1254 874 1308 alium
901 1256 1002 1323 fuisse,
1029 1270 1160 1321 mapnum
1185 1255 1221 1307 sit
1248 1254 1364 1308 diabolo
1390 1260 1455 1307 ante
1486 1255 1561 1307 diem
1583 1272 1713 1309 occasum
1736 1257 1865 1328 corporis

166 1338 217 1406 qui
229 1338 403 1407 phantasma
422 1339 655 1406 admim'strabat,
675 1340 774 1408 olium,
800 1342 851 1409 qui
868 1358 1002 1394 commen·
1025 1338 1209 1406 praesidere,
1237 1357 1299 1392 cum
1317 1339 1401 1406 sipna
1430 1342 1571 1408 quaedam
1594 1340 1705 1394 soleant
1723 1358 1866 1411 apparere

167 1424 263 1489 dabat,
282 1427 334 1478 sed
352 1428 469 1478 eundem
480 1426 612 1495 spiritum
629 1434 654 1479 ct
672 1427 701 1478 in
715 1427 1001 1497 pseudoprophetide,
1028 1425 1190 1490 morituris,
1218 1425 1322 1494 quippe
1352 1443 1370 1477 a
1399 1424 1497 1493 quibus
1515 1427 1576 1479 Dei
1600 1426 1744 1495 profectio
1769 1435 1865 1480 amota

164 1517 190 1562 et
215 1510 245 1563 in
269 1518 400 1581 apostata
425 1511 515 1575 facile
533 1513 660 1574 mentiri,
688 1515 764 1582 quod
774 1514 891 1580 fecerat
913 1512 1002 1580 credi,
1027 1510 1147 1565 uidetur.
1178 1510 1215 1565 Et
1226 1515 1338 1582 postea:
1359 1512 1394 1566 Si
1411 1529 1475 1566 uere
1490 1512 1604 1567 Samuel
1617 1513 1665 1565 illi
1675 1514 1865 1582 apparuisset,

165 1613 318 1667 perquem
340 1597 438 1651 Saulis
474 1597 619 1649 thesaurus
644 1597 799 1667 illiceret,
830 1598 880 1651 ubi
908 1605 934 1651 ct
952 1615 1002 1651 cor
1028 1614 1084 1649 non
1102 1598 1197 1665 utique
1214 1597 1259 1650 uir
1278 1598 1375 1666 justus
1396 1599 1570 1667 permisisset
1587 1617 1618 1653 se
1648 1599 1784 1667 adorari,
1815 1599 1866 1668 qui

164 1682 271 1751 ipsius,
298 1683 347 1736 ubi
370 1682 476 1737 scilieet
504 1685 583 1738 Deus
609 1702 665 1737 non
691 1693 759 1739 erat.
808 1686 847 1738 Et
866 1684 931 1738 ideo
947 1700 1001 1752 per
1023 1682 1259 1750 praedicaverat,
1290 1683 1379 1736 solum
1398 1685 1491 1737 Deum
1510 1700 1568 1737 esse
1595 1686 1782 1738 adorandum.
1825 1685 1865 1738 Et

168 1786 249 1837 quem
269 1770 393 1822 stimuum
421 1786 450 1821 se
476 1767 613 1836 eredidit,
641 1770 727 1838 os'dit,·
756 1771 825 1839 quia
844 1787 899 1840 per
922 1787 1001 1839 quem
1027 1771 1167 1836 quomodo
1185 1769 1266 1824 homo
1286 1769 1356 1836 Dei,
1383 1771 1513 1838 quicum
1534 1770 1697 1824 Abrahamo
1720 1771 1750 1823 in
1776 1771 1864 1839 refri-

165 1855 248 1921 vidis,
261 1855 425 1907 etcredidit.
448 1855 583 1926 Origenes
593 1855 622 1909 iu
635 1856 699 1911 hist.
715 1856 750 1911 de
763 1856 886 1910 Bileamo
897 1855 1001 1919 scribit,
1026 1855 1105 1923 perio
1124 1864 1198 1919 erat,
1230 1857 1341 1909 dicebat
1370 1858 1412 1909 ad
1435 1856 1524 1908 uirum
1548 1857 1729 1924 pestilentiae
1748 1858 1865 1926 dipsium

166 1941 252 1994 bonos
270 1940 388 2008 spiritus
407 1959 463 1995 non
475 1942 666 2011 obtemperare
684 1942 856 1995 carminibus
875 1940 1000 2010 sisapicis.
1027 1943 1132 1994 ardore
1151 1941 1306 2010 pehennae,
1324 1959 1388 1995 aras
1412 1959 1515 1995 mecum
1535 1942 1616 1996 eresi
1643 1944 1688 1996 his
1705 1943 1813 1996 duobm
1831 1942 1863 1995 ti·

166 2023 379 2096 Chrysostomus
411 2026 502 2082 homil
529 2033 569 2083 ²9.
596 2028 625 2082 in
650 2027 764 2085 Mutine
799 2029 888 2082 Nullo
917 2030 1001 2082 modo
1027 2027 1096 2081 tulis
1116 2027 1298 2081 srsbtilitatem
1322 2028 1465 2092 fallaciae
1486 2044 1555 2081 suae
1577 2029 1712 2098 prodidit
1731 2029 1864 2097 improvi-

27 2121 92 2165 ΠΗ.
107 2122 151 2167 teti.
165 2112 336 2165 credendum
354 2120 401 2179 est,
422 2114 533 2166 animem
551 2122 723 2168 mortuorum
734 2116 845 2169 uersari
862 2115 891 2167 in
910 2114 1001 2168 terris.
1029 2114 1083 2166 diss
1104 2113 1239 2182 Satanas,
1258 2115 1325 2183 quia
1339 2122 1365 2167 et
1383 2116 1504 2168 adorari
1521 2131 1550 2168 se
1561 2115 1690 2184 permisit
1702 2116 1752 2167 sub
1766 2115 1864 2168 habitu

166 2197 256 2250 Diues
270 2196 368 2266 petiit,
392 2207 422 2252 ut
440 2200 567 2253 Lasarns
586 2200 786 2268 remitteretur,
808 2202 934 2254 sednon
952 2200 1002 2252 im·
1027 2206 1054 2253 et
1073 2199 1184 2252 nomine
1205 2199 1347 2253 Samuelis
1366 2209 1465 2253 contra
1483 2201 1571 2270 lepem
1590 2207 1616 2252 et
1632 2201 1722 2253 virum
1735 2201 1864 2270 peccatis

163 2284 296 2352 petraoit.
322 2283 478 2352 (Quomodo
494 2285 580 2356 igitur
593 2283 662 2340 haec
675 2285 919 2356 mugaaSamuele
931 2285 1001 2339 illud
1024 2301 1163 2354 pressum,
1186 2302 1248 2337 cum
1268 2303 1372 2352 mapna
1383 2285 1523 2339 distantia
1537 2292 1718 2354 peccatorum
1731 2294 1756 2338 et
1767 2286 1861 2354 jsssto·

166 2368 316 2440 impetrare
334 2369 456 2439 potuit'l)
475 2370 548 2424 hom.
570 2377 593 2426 2.
617 2371 794 2426 delacero:
821 2370 855 2425 Si
871 2371 1001 2426 diabolus
1027 2388 1090 2424 rum
1109 2372 1159 2440 sit,
1179 2389 1241 2425 cum
1261 2371 1393 2425 &maele
1408 2371 1564 2439 inertissima
1579 2372 1715 2437 futurum
1731 2372 1862 2424 mentitus

167 2454 240 2508 nibil
259 2463 353 2525 potest
384 2456 413 2509 in
437 2456 527 2523 uiros,
548 2459 687 2525 qrsomodo
713 2465 804 2526 potest
832 2457 945 2526 aliquid
970 2458 1001 2510 in
1029 2464 1078 2512 est.
1118 2457 1220 2511 Verum
1234 2465 1327 2530 potest
1351 2457 1459 2525 uideri,
1484 2458 1511 2509 si
1533 2457 1569 2509 de
1589 2456 1731 2511 Samuelis
1750 2457 1861 2510 nomine

165 2541 285 2610 spiritus
303 2542 496 2595 mortuorum?
535 2542 708 2613 Augustinus
725 2542 773 2598 lib.
793 2548 816 2598 2.
837 2543 872 2597 ad
890 2542 1000 2613 simpli·
1027 2550 1163 2609 taceatur,
1179 2545 1248 2612 quia
1267 2543 1339 2597 Saul
1357 2560 1420 2595 aem
1436 2543 1552 2596 diabolo
1568 2546 1686 2611 futurus
1705 2551 1775 2595 erat.
1813 2544 1862 2595 Aa

167 2627 238 2681 aian.
257 2644 283 2697 q.
304 2633 327 2682 3.
354 2634 500 2696 utrumque
519 2629 641 2693 defendi
655 2647 739 2699 posse
758 2629 877 2700 primum
896 2628 1002 2693 asserit,
1028 2647 1088 2682 eam
1115 2631 1187 2683 enim
1212 2629 1439 2697 transmiprauit,
1467 2646 1548 2697 pem
1566 2629 1704 2685 adorauit.
1745 2627 1862 2699 Semper

167 2712 217 2768 sed
236 2718 335 2783 postea
357 2713 543 2784 argumentis,
572 2731 644 2785 quae
669 2716 805 2784 probant,
836 2733 892 2770 non
915 2716 1001 2771 fuisse
1027 2715 1099 2768 enim
1116 2714 1247 2769 diabolus
1272 2715 1323 2768 sub
1342 2714 1480 2769 uelamine
1505 2715 1598 2768 latera
1618 2716 1719 2783 prodit
1737 2732 1775 2781 se,
1795 2718 1862 2768 dnm

169 2799 334 2868 Samuelem,
358 2800 506 2871 diligenter
528 2801 673 2872 pensitatis
693 2802 851 2874 subjungit,
881 2803 1002 2870 facilius
1027 2817 1061 2854 ea
1089 2802 1237 2870 confinpit,
1265 2817 1337 2870 quae
1361 2802 1531 2854 abhorreant
1550 2800 1697 2869 personis,
1721 2818 1774 2869 per
1791 2818 1862 2869 quas

167 2887 335 2956 responderi
350 2904 440 2956 posse,
459 2889 487 2941 si
503 2889 639 2959 dicamus,
659 2907 715 2943 non
732 2890 824 2956 fnisse
837 2889 1001 2959 Samuelem
1026 2887 1134 2952 fallere
1163 2887 1272 2942 nititur.
1297 2887 1345 2944 lib.
1370 2893 1392 2942 2.
1420 2888 1455 2942 de
1473 2887 1571 2942 mirab.
1595 2886 1695 2956 Script.
1723 2903 1783 2957 cap.
1818 2893 1860 2942 tl:

167 2975 219 3027 sed
236 2981 344 3028 tantum
361 2975 532 3044 phantasma
549 2994 584 3030 ao
601 2985 749 3046 spectrum.
781 2975 861 3040 Quod
879 2975 1000 3046 Scriptu-
1030 2972 1159 3035 Qualiter
1175 2974 1290 3027 Samuel
1307 2990 1326 3025 a
1334 2974 1503 3043 pythonissa
1522 2973 1657 3026 ssucitari
1667 2974 1781 3036 dicitur,
1793 2976 1861 3027 dum

165 3075 213 3115 rae
231 3077 339 3129 semper
358 3061 393 3115 de
420 3077 453 3117 eo
477 3069 509 3116 ut
530 3079 595 3118 vero
612 3062 741 3119 Samuele
770 3063 932 3134 loquantur,
963 3062 999 3116 ad
1022 3060 1191 3129 pythonissa
1218 3061 1409 3113 damoniads
1436 3059 1674 3113 incantationibus
1697 3068 1724 3112 et
1739 3060 1860 3129 praesti·

164 3145 233 3201 illud
250 3147 406 3216 respondet,
426 3166 488 3202 eam
513 3165 572 3203 esse
591 3151 819 3204 consuetudinem
837 3149 999 3219 Scriptura·
1025 3147 1144 3213 pileati
1170 3147 1304 3200 sidet-sert
1333 3153 1360 3198 et
1380 3146 1519 3215 quomodo
1541 3144 1627 3208 Saul,
1653 3145 1751 3214 quiin
1770 3145 1861 3199 oison-

165 3249 255 3296 rum,
273 3241 304 3286 ut
334 3233 535 3289 similitudines
564 3236 710 3304 appellent
735 3236 845 3289 nomine
873 3236 999 3305 ipsarum
1026 3233 1098 3286 tibus
1113 3234 1261 3302 prophetis
1279 3233 1338 3284 Dei
1354 3248 1518 3301 responsum
1534 3247 1590 3283 non
1608 3231 1720 3299 invenit,
1739 3233 1859 3285 ressssci·

166 3335 276 3380 rernm,
297 3337 368 3387 qrsas
386 3329 608 3390 repraesentant.
645 3322 727 3387 Quod
748 3338 812 3377 vere
830 3321 1000 3392 praedixerit
1025 3326 1112 3372 tatum
1126 3327 1243 3372 amorte
1257 3317 1424 3387 prophetam
1438 3317 1540 3369 audire
1558 3316 1681 3368 meruit!
1710 3317 1789 3370 Unde
1803 3336 1859 3372 non

165 3411 328 3474 personatus
347 3404 395 3460 ille
415 3405 540 3476 Samuel,
568 3407 634 3477 quid
659 3414 734 3462 meet
759 3414 937 3475 eventurum,
962 3408 999 3462 ad
1026 3405 1097 3458 huno
1125 3422 1183 3459 esse
1203 3405 1362 3473 Samuelem
1388 3403 1468 3457 illum
1493 3403 1659 3472 prophetam
1676 3405 1859 3472 perfactam

164 3489 234 3543 illud
258 3490 422 3561 respondet,
451 3508 501 3544 nec
525 3494 627 3547 mirum
652 3511 701 3547 nec
727 3511 828 3548 nouum
850 3494 885 3547 id
907 3493 1002 3547 uidem
1025 3493 1145 3555 facil-ius
1165 3491 1347 3559 intellipitur‚
1367 3492 1419 3544 sed
1436 3490 1581 3555 diabolus,
1606 3490 1656 3558 qui
1671 3508 1700 3544 se
1720 3494 1860 3555 transfert

165 3577 279 3644 debere,
305 3575 434 3630 diabolos
461 3578 534 3631 enim
559 3579 680 3648 demere,
708 3579 847 3634 Christum
868 3596 927 3635 esse
951 3580 999 3633 Fi·
1025 3578 1056 3631 in
1075 3579 1205 3648 anpelum
1225 3577 1306 3645 lueis,
1324 3577 1354 3629 in
1371 3577 1526 3646 phantasia
1544 3576 1686 3630 Samuelis
1704 3579 1860 3631 considere-

165 3662 236 3715 lium
267 3663 325 3714 Dei
360 3669 386 3714 et
412 3665 597 3731 praeclarum
633 3664 816 3720 testimonium
853 3667 999 3720 doctrinae
1026 3674 1085 3731 tur,
1115 3667 1192 3733 quod
1220 3681 1253 3718 ee
1283 3664 1456 3716 sermonibus
1486 3663 1548 3731 ejus
1577 3670 1649 3715 recte
1676 3663 1861 3731 dipnoscitnr,

165 3747 258 3801 Pauli
285 3749 410 3812 dedisse,
442 3768 476 3803 ac
502 3754 594 3804 Deum
624 3752 676 3805 hoc
702 3753 765 3806 loco
797 3771 877 3807 usum
907 3753 1001 3817 fuisse
1026 3752 1159 3821 quoniam
1176 3752 1289 3813 funesto
1311 3750 1398 3804 Sauli
1415 3749 1543 3802 dicebat:
1570 3749 1612 3800 Tu
1630 3757 1655 3802 et
1671 3749 1728 3813 flii
1747 3752 1790 3804 tui
1807 3767 1860 3804 me·

94 3883 96 3887 ,
166 3850 254 3903 opera
274 3835 397 3900 diaboli,
424 3844 454 3889 ut
478 3836 592 3893 Saulem
617 3841 868 3907 perterrefaceret,
896 3847 926 3892 ut
951 3840 1001 3909 qui
1026 3856 1089 3892 eum
1112 3838 1200 3892 eritis.
1239 3837 1350 3889 Etenim
1368 3836 1397 3889 si
1419 3852 1501 3888 oense
1525 3835 1570 3887 hic
1597 3834 1709 3890 Samuel
1735 3844 1860 3891 ostensus

166 3922 257 3976 malos
270 3920 388 3990 spiritus
401 3923 592 3991 consuluisset,
612 3925 687 3976 malo
702 3942 837 3993 responso
855 3925 999 3995 afflipere·
1028 3932 1112 3988 esset,
1140 3924 1221 3977 nullo
1249 3923 1332 3977 modo
1361 3921 1488 3989 iniquam
1513 3937 1606 3990 repam
1632 3930 1788 3976 consortem
1814 3926 1862 3977 sui

166 4015 220 4061 tur.
269 4008 349 4072 Quod
383 4007 450 4064 Saul
482 4008 593 4063 iuturus
631 4009 733 4064 dieitur
767 4027 831 4065 oum
863 4010 998 4080 Samuele,
1026 4012 1122 4064 meriti
1145 4017 1210 4078 post
1235 4017 1351 4062 mormm
1370 4009 1483 4061 diceet.
1530 4006 1681 4077 Procopius
1706 4013 1735 4062 et
1752 4008 1859 4064 Euche-

166 4092 268 4163 impins
286 4110 349 4149 cum
372 4094 508 4165 propheta
533 4101 643 4159 saneto,
677 4095 713 4149 ad
744 4096 811 4150 illud
842 4097 999 4168 respondet,
1027 4098 1084 4151 rius
1103 4095 1132 4150 in
1152 4112 1221 4152 com.
1248 4101 1269 4150 1.
1290 4093 1363 4150 Sam.
1384 4098 1426 4148 28.
1446 4101 1563 4175 negant,
1589 4092 1674 4147 tuisse
1694 4110 1788 4147 rerum
1811 4096 1860 4148 Sa·
1874 4093 1940 4135 “VH-
1956 4091 1998 4134 Μ·

166 4179 238 4233 hanc
256 4197 314 4235 esso
332 4188 419 4234 artem
448 4181 570 4246 diaboli,
597 4189 627 4233 ut
652 4199 760 4251 semper
782 4183 871 4249 falsis
887 4184 1000 4253 aliquid
1027 4184 1152 4239 muelem.
1201 4180 1307 4236 Eadem
1334 4184 1377 4234 est
1399 4179 1537 4234 sententia
1561 4178 1661 4233 Isidori
1689 4178 1735 4233 lib.
1757 4185 1780 4235 8.
1801 4186 1859 4251 ety-

166 4267 321 4320 admisceat
338 4268 410 4331 seri,
435 4267 520 4336 idque
539 4268 630 4336 ipsum
654 4269 754 4333 facere
772 4270 823 4323 hoc
839 4269 915 4332 loco,
938 4288 1000 4323 aim
1027 4269 1128 4340 molog.
1157 4283 1218 4338 cap.
1239 4272 1262 4322 9.
1283 4266 1311 4320 in
1331 4283 1414 4338 quam
1433 4264 1516 4320 etiam
1534 4264 1670 4321 inclinant
1688 4265 1810 4320 Basilius
1829 4267 1857 4320 in

165 4368 198 4405 re
211 4368 277 4405 sera
289 4369 393 4419 mapna
406 4352 463 4406 sint
480 4353 648 4407 discrimina
666 4355 792 4409 locorum
808 4355 1001 4409 interanimas
1026 4373 1086 4427 cap,
1108 4360 1130 4409 8,
1150 4355 1213 4407 Eas.
1232 4359 1296 4407 tom.
1316 4357 1340 4407 3.
1360 4369 1387 4422 ρ.
1406 4357 1464 4408 444.
1499 4351 1576 4405 Elias
1595 4350 1734 4406 Cretensis
1751 4358 1819 4406 orat.
1836 4357 1857 4406 l.

166 4437 265 4495 felices
285 4446 311 4490 et
331 4440 473 4506 perditas.
522 4439 623 4494 Postea
640 4439 802 4511 subjungit,
822 4457 906 4510 posse
925 4441 1001 4495 illud
1026 4441 1158 4499 Neriene.
1189 4439 1252 4495 circ.
1284 4439 1329 4493 en.
1353 4438 1431 4493 Beda
1456 4437 1505 4492 lib.
1534 4444 1559 4493 4.
1586 4436 1700 4509 exposit
1726 4438 1806 4509 alleg.
1830 4438 1859 4492 in

165 4525 271 4576 dietum
291 4525 432 4578 Samuelis
451 4526 573 4594 intellipi
587 4529 624 4580 de
642 4527 781 4580 somniuni
797 4536 873 4580 statu
892 4528 1000 4593 mortis,
1027 4527 1146 4581 Samuel.
1165 4541 1225 4595 cap.
1240 4531 1264 4581 8.
1283 4524 1385 4579 dubius
1402 4530 1445 4579 est
1462 4540 1495 4578 ae
1515 4523 1670 4595 ambiguus.
1702 4527 1728 4578 6.
1744 4526 1790 4578 Ea
1809 4526 1860 4578 ad·

164 4627 220 4663 non
241 4617 334 4662 autem
353 4612 389 4663 de
406 4612 534 4679 paritate
552 4613 702 4676 felicitatis
722 4619 774 4667 etc.
811 4612 844 4667 In
863 4612 1001 4683 quaestio-
1026 4613 1218 4667 versariorum
1243 4612 1429 4673 confessione.
1472 4609 1505 4662 In
1526 4613 1591 4681 Jure
1608 4610 1741 4664 canonico
1758 4626 1781 4665 c.
1803 4609 1862 4664 Nee

164 4695 247 4750 nibus
266 4711 299 4749 ax
326 4694 358 4747 V.
377 4695 412 4752 T.
435 4697 481 4763 (de
506 4698 607 4769 quibus
626 4707 718 4753 mmau
737 4698 837 4753 eruditi
856 4699 995 4760 dubitant,
1026 4699 1125 4753 mirum
1146 4703 1188 4754 te.
1213 4715 1239 4767 q.
1261 4704 1284 4752 5.
1302 4696 1424 4752 citantur
1441 4696 1526 4750 verba
1544 4696 1699 4767 Augustini
1727 4712 1760 4750 ex
1778 4712 1862 4766 quae-

166 4796 202 4834 an
223 4780 279 4834 sint
299 4781 461 4852 Augustini)
480 4800 506 4853 q.
525 4789 572 4839 27:
602 4784 755 4852 Indipnum
779 4785 897 4850 facinus
916 4786 1000 4838 aesti-
1026 4783 1136 4839 stionib.
1167 4783 1202 4837 V.
1231 4783 1265 4838 T.
1302 4801 1329 4854 q.
1362 4787 1402 4837 27.
1441 4783 1523 4837 modo
1557 4781 1686 4837 adducta.
1740 4781 1863 4836 Thomas

166 4885 218 4932 mo,
235 4867 263 4919 si
278 4869 524 4922 smssndumoerba
538 4870 672 4924 historiae
686 4873 891 4925 commandatur
907 4887 1000 4924 assen-
1027 4877 1097 4942 part.
1120 4876 1142 4925 t.
1163 4887 1190 4939 q.
1207 4874 1248 4926 89.
1269 4875 1320 4922 art.
1336 4874 1359 4924 8.
1379 4885 1449 4937 resp.
1469 4869 1504 4922 ad
1522 4874 1545 4923 2,
1566 4875 1594 4924 et
1614 4874 1655 4923 22.
1677 4886 1703 4938 q.
1726 4874 1749 4922 5.
1768 4874 1820 4923 ert.
1837 4874 1862 4924 4.

164 4971 221 5012 sess.
271 4952 414 5015 Quomodo
433 4956 505 5008 enim
522 4957 587 5018 feri
601 4964 731 5025 poterat,
759 4965 791 5009 ut
809 4967 871 5011 arte
889 4959 1002 5026 nsapica
1028 4972 1081 5011 non
1100 4956 1233 5010 abhorret
1249 4956 1286 5010 ab
1305 4955 1354 5009 illa
1374 4955 1519 5021 sententia,
1537 4955 1611 5026 quod
1631 4970 1685 5008 non
1698 4970 1762 5008 vere
1783 4954 1863 5023 spiri·

165 5039 355 5092 attraheretur
369 5039 413 5092 uir
431 5048 457 5092 et
474 5040 622 5095 nativitate
634 5052 756 5109 sanctus,
775 5052 799 5097 et
817 5045 891 5096 uitae
909 5045 1001 5113 operi·
1027 5049 1072 5097 tus
1090 5040 1226 5098 Samuelis
1244 5040 1375 5111 araquio
1394 5058 1446 5095 sus
1464 5040 1600 5096 excitatus
1618 5041 1663 5107 sit,
1682 5039 1731 5092 sed
1748 5031 1863 5110 aliquod

165 5126 215 5179 bus
226 5125 347 5194 justus.¹
365 5133 415 5178 aut
432 5126 460 5178 si
471 5133 677 5181 nonattractus
695 5136 743 5199 cst,
760 5130 908 5197 consensit,
923 5132 1001 5198 quod
1029 5129 1194 5199 phantasma
1221 5135 1249 5182 et
1278 5126 1372 5181 illusio
1398 5126 1563 5196 imaginaria
1591 5125 1696 5180 diaboli
1723 5125 1862 5179 machina·
1932 5179 1934 5183 .

164 5219 310 5279 meumque
336 5213 371 5264 dc
388 5213 451 5266 siro
471 5213 550 5281 justo
576 5216 692 5267 crestae
710 5217 863 5269 absurdum
880 5223 928 5272 est.
967 5215 1002 5269 Si
1027 5214 1150 5269 tionibus
1174 5213 1266 5279 iacta,
1292 5230 1376 5284 quam
1397 5213 1541 5283 Scriptura
1558 5202 1681 5282 appellat
1695 5211 1861 5280 Samuelem,

165 5296 237 5350 enim
254 5296 358 5350 inuitus
377 5298 519 5351 adductus
537 5305 591 5366 est,
608 5299 716 5352 nullum
733 5302 902 5371 suffrapium
919 5293 1001 5354 habet
1027 5301 1098 5355 solet
1116 5300 1189 5355 enim
1207 5298 1343 5370 imagines
1360 5315 1451 5354 rerum
1469 5315 1582 5353 suarum
1600 5296 1862 5368 nominibusappel·

158 5381 283 5452 justitia.
341 5382 375 5436 Si
404 5392 496 5437 autem
527 5384 719 5449 uoluntarius,
748 5388 842 5440 amisit
871 5388 1000 5440 meritum
1027 5386 1093 5440 lare.
1140 5385 1347 5442 Sarieberiensis
1374 5386 1403 5439 in
1422 5383 1583 5455 policratico
1601 5382 1648 5438 lib.
1678 5388 1700 5437 2.
1732 5398 1794 5451 cap,
1822 5388 1862 5437 26.

163 5468 322 5538 spirituale,
342 5471 419 5538 qnod
433 5471 543 5540 positus
563 5472 593 5524 in
613 5489 698 5524 carne
718 5474 904 5542 qssaesieerat,
923 5476 1001 5544 quod
1029 5471 1124 5528 multis
1141 5471 1312 5544 argumentis
1331 5471 1439 5542 probat,
1458 5486 1514 5524 non
1527 5467 1613 5523 fuisse
1633 5483 1729 5522 verum
1750 5468 1863 5523 Samue-

164 5553 248 5608 oolde
267 5555 421 5610 absurdum
438 5565 492 5623 est,
524 5558 592 5626 quia
609 5558 688 5627 hinc,
706 5559 756 5628 qui
770 5559 868 5628 justus
885 5561 1001 5631 resedit,
1026 5563 1088 5617 lem.
1125 5559 1172 5614 Fr.
1190 5557 1307 5614 Buieius
1325 5558 1354 5612 in
1371 5556 1483 5628 regulis
1498 5554 1583 5612 intell.
1605 5554 1764 5625 Scripturas
1781 5571 1864 5626 regn·
1913 5614 1916 5618 ,
