4104 6014
262 315 323 375 232
862 306 984 366 Locus
1001 305 1206 368 vicemalus
1228 310 1374 369 SEXTUS

260 465 334 520 ritas
352 464 487 532 sentiunt,
514 481 565 520 nec
590 480 685 519 somno
703 464 862 535 consopitae
879 464 1017 533 otiantur,
1037 463 1095 518 rita
1122 464 1175 519 hoc
1190 468 1334 536 parabola
1357 468 1454 523 dicitis
1476 476 1503 524 et
1521 471 1631 525 166666·
1654 470 1796 527 hominum
1818 468 1961 539 opinioni·

261 553 361 623 cipitia
372 559 420 618 est,
438 551 506 606 dicit
518 551 632 617 Seneca,
650 568 761 606 somnus
780 557 873 607 autem
888 551 983 605 mortis
997 551 1090 622 imago
1123 551 1179 622 bus,
1200 570 1271 622 quae
1289 561 1355 607 tunc
1368 555 1528 625 ptemnque
1545 556 1728 625 6166166666
1746 557 1960 611 accommodare

262 644 305 694 661
332 655 365 693 ac
398 654 481 694 soror.
538 639 602 693 Vita
637 639 668 692 in
706 640 815 694 actione
851 639 993 707 66661616,
1029 637 1096 692 61611
1120 639 1213 701 fuisse
1231 645 1366 697 coactum.
1397 642 1472 696 Nam
1491 642 1641 714 (inquiunt)
1660 643 1782 713 61166666
1800 642 1958 707 ininferna

261 724 461 795 Philosophus,
497 741 553 779 non
583 724 612 778 in
645 725 747 796 ignava
779 731 806 780 61
841 724 924 779 166611
963 723 1094 795 ἀπραξίᾳ.
1115 725 1212 792 fuisse
1253 735 1279 780 et
1309 728 1351 780 ibi
1383 730 1521 796 torqueri,
1556 728 1645 782 aliam
1677 730 1707 782 in
1731 729 1796 782 sinu
1817 729 1958 783 Abrahae

263 811 331 868 Luc.
354 816 392 879 19,
410 829 436 870 r.
455 816 495 866 36.
519 811 631 882 Moyses
651 817 680 866 et
703 810 780 866 Elias
805 811 834 865 in
854 810 1096 883 transfiguratione
1123 812 1285 866 decumbere
1302 821 1365 866 sunt
1382 815 1472 882 plane
1496 815 1597 879 fictitia
1616 822 1641 869 et
1658 814 1767 869 cimilia
1785 815 1860 880 illie,
1884 831 1959 884 quae

264 896 366 952 Christi
383 902 549 968 apparentes
569 897 721 967 loquuntur
747 916 809 951 cum
828 899 880 953 illo
898 900 934 951 de
952 899 1028 952 66116
1048 913 1097 951 666
1118 903 1221 967 poetae
1258 900 1293 952 de
1331 901 1445 971 Iaione,
1483 900 1622 971 Sisypho,
1666 901 1790 956 Tantalo
1825 902 1959 956 scribunt.

263 982 390 1054 passione
413 983 487 1037 illius
513 982 714 1054 Hierosolymis
745 983 921 1053 sustinenda,
951 984 992 1038 616
1014 983 1096 1038 etiam
1124 982 1235 1046 Quanto
1252 984 1355 1040 rectius
1376 985 1507 1040 irenaeus
1531 985 1580 1041 lib.
1601 994 1627 1045 4.
1646 987 1708 1041 adv.
1728 986 1832 1046 haeres
1851 1004 1914 1059 cap.
1933 994 1959 1049 4.

265 1068 374 1125 6616666
401 1069 546 1124 beatorum
568 1068 604 1125 dc
627 1085 758 1140 persona,
785 1068 927 1124 beneficiis
955 1075 984 1124 et
1010 1085 1097 1141 regno
1123 1071 1959 1143 62346Ν6616661666661661166616(1)6611666)66“61166

268 1153 370 1209 Christi
397 1155 592 1226 colloquuntur
620 1154 649 1209 in
674 1171 781 1209 summa
809 1155 923 1210 laetitia.
967 1154 1034 1210 Luc.
1058 1159 1096 1222 16,
1124 1163 1150 1209 61
1164 1157 1318 1225 pauperis,
1346 1159 1398 1210 red
1416 1158 1541 1228 primum
1560 1160 1673 1228 quidem
1690 1159 1800 1227 docuit,
1820 1161 1957 1214 66666666

264 1259 289 1295 6.
309 1246 351 1298 22,
379 1242 491 1313 quando
509 1241 632 1298 1666666
652 1242 782 1313 moritur,
808 1242 902 1313 angeli
925 1242 1011 1312 ipsius
1036 1243 1097 1296 ani·
1124 1249 1252 1310 oportere
1278 1243 1390 1297 deliciis
1416 1245 1560 1314 uticeque
1579 1245 1608 1298 in
1635 1244 1808 1299 semissibus
1836 1246 1959 1300 6616616·

265 1346 340 1382 mam
353 1336 474 1399 portant
492 1330 522 1382 in
542 1330 633 1383 sinum
651 1330 803 1398 Abrahae,
832 1328 880 1385 ubi
897 1333 1097 1402 παρακαλεῖται
1123 1328 1222 1382 mentis
1257 1336 1283 1382 et
1316 1329 1414 1384 maltis
1457 1331 1548 1401 epulis
1592 1333 1721 1401 deportes
1756 1333 1860 1386 seruire
1898 1334 1959 1387 suis

198 1475 204 1486 ,
244 1433 290 1487 ‚a
311 1419 352 1472 25.
376 1415 518 1470 66116666
539 1422 582 1471 est
607 1416 644 1471 ab
660 1416 733 1470 omni
753 1415 877 1486 periculo
904 1415 1097 1470 efelicissimo
1123 1415 1312 1485 voluptatibus
1330 1423 1381 1472 616.
1407 1435 1440 1471 nc
1467 1434 1533 1486 erpo
1558 1418 1589 1471 in
1612 1419 1730 1472 eandem
1751 1435 1876 1488 poenam
1894 1437 1959 1474 eum

265 1501 313 1558 illo
346 1505 422 1557 statu
454 1502 612 1569 excidendi,
648 1502 714 1574 quia
746 1502 860 1558 chasma
889 1519 1019 1574 magm
1055 1508 1098 1557 est
1124 1502 1167 1555 his
1178 1503 1331 1567 ueniamus,
1351 1504 1433 1568 finem
1451 1521 1546 1558 eoram
1558 1505 1678 1558 66166611
1690 1505 1773 1559 amat
1785 1506 1958 1575 significans,

264 1588 403 1644 firmatum
413 1607 438 1642 6.
448 1593 491 1647 26.
511 1589 658 1645 Rationem
670 1590 854 1662 6616666666,
866 1607 916 1644 cur
924 1587 1097 1644 felicissimus
1124 1590 1202 1659 quod
1227 1589 1383 1644 obedientes
1408 1591 1507 1658 Mopsi
1536 1598 1562 1644 61
1580 1591 1728 1659 prophetie
1757 1593 1903 1646 crederent
1927 1592 1959 1647 in

265 1673 410 1741 beatarum
426 1675 581 1730 animarum
607 1681 695 1730 status
725 1681 839 1732 voretur
861 1676 939 1729 rinus
957 1676 1097 1743 Abrahae,
1125 1692 1185 1729 eum
1202 1680 1256 1734 616,
1298 1676 1367 1732 Luc.
1388 1681 1435 1741 23,
1460 1692 1486 1732 r.
1515 1681 1556 1732 13.
1581 1677 1719 1746 promittit
1741 1676 1866 1733 Christus
1893 1695 1958 1734 con·

267 1762 441 1833 exposuimus
470 1760 596 1832 superius
623 1758 651 1836 ξ.
675 1766 732 1819 161.
774 1761 852 1818 Sicut
876 1761 967 1817 161666
987 1761 1016 1815 16
1035 1761 1098 1816 6166
1124 1761 1328 1831 versolatroni,
1350 1754 1558 1820 hodiernorum
1577 1764 1633 1816 sris
1652 1763 1846 1832 inparadiso.
1879 1764 1958 1820 Dicti

266 1854 391 1905 materno
408 1848 529 1920 quietem
546 1853 576 1904 61
587 1848 784 1920 protectionem
804 1849 917 1914 invenit,
937 1848 978 1904 sic
989 1848 1097 1920 piorum
1124 1849 1207 1918 hujus
1224 1849 1368 1919 emphasin
1386 1848 1567 1920 expendimus
1584 1849 1710 1921 superius
1728 1846 1756 1923 ξ.
1776 1855 1831 1906 161.
1850 1857 1880 1906 61
1899 1857 1958 1908 190.

267 1935 375 1990 ammae
399 1935 428 1989 in
445 1935 498 1991 hoo
522 1935 584 1990 sinu
609 1934 750 1991 felicitatis
773 1941 901 1990 aeternae
921 1939 1040 2007 quietem
1061 1934 1097 1990 ab
1126 1934 1233 1990 Nomen
1258 1935 1382 2005 peradisi
1410 1935 1439 1989 16
1462 1934 1612 2005 Scripturis
1639 1936 1775 2006 accipitur
1800 1936 1956 2008 dupliciter.

267 2023 341 2078 omni
358 2021 454 2078 labore
472 2030 500 2077 ct
518 2021 717 2093 protectionem
742 2021 778 2076 ab
801 2021 875 2077 omni
899 2021 993 2077 dolore
1010 2021 1097 2093 perci·
1123 2020 1216 2085 Primo
1230 2021 1350 2090 proprie
1373 2036 1424 2091 pro
1450 2019 1529 2076 horto
1556 2020 1604 2076 illo
1631 2021 1792 2078 deliciarum
1819 2024 1957 2095 corporali

265 2109 354 2181 piunt.
391 2108 455 2164 Esa.
471 2113 520 2176 66,
540 2127 565 2163 v.
581 2114 627 2164 13:
649 2108 899 2173 0666616666666,
919 2109 990 2162 sicut
1008 2116 1097 2175 mater
1123 2123 1157 2162 66
1177 2113 1294 2171 terreno,
1315 2107 1343 2160 in
1361 2122 1417 2177 666
1434 2106 1516 2176 primi
1533 2113 1672 2178 parentes,
1689 2116 1838 2182 antequam
1856 2126 1956 2180 pecca·

266 2197 428 2251 consolatur
447 2196 545 2262 hlium.
579 2193 1096 2266 Acprohenotsndum,quod1ara-
1122 2196 1199 2257 6661,
1226 2192 1395 2258 habitarunt,
1432 2192 1482 2246 sed
1508 2196 1573 2263 post
1603 2200 1764 2263 peccatum,
1795 2212 1829 2250 ex
1858 2195 1957 2251 eodem

265 2301 311 2337 rus
345 2283 375 2337 in
403 2282 455 2338 hoc
486 2281 548 2336 sinu
576 2280 708 2337 Abrahae
739 2280 842 2335 6161166
879 2281 1095 2336 consolationem
1124 2277 1231 2349 expulsi
1249 2277 1335 2345 fuere,
1355 2275 1457 2332 Genea.
1478 2283 1510 2346 2,
1531 2294 1558 2334 6.
1579 2285 1603 2335 8.
1624 2285 1652 2334 et
1668 2296 1744 2352 seqq.
1762 2297 1822 2352 cap.
1841 2286 1865 2351 3,
1883 2300 1910 2336 v.
1933 2288 1955 2340 1.

262 2369 430 2441 percipere,
460 2369 555 2440 611666
585 2384 652 2439 ergo
676 2366 763 2438 ipsius
789 2366 883 2421 anima
905 2383 962 2422 non
986 2367 1095 2437 dormit,
1122 2381 1147 2421 c.
1164 2370 1202 2426 13,
1217 2381 1243 2417 6.
1259 2369 1299 2420 16.
1310 2363 1389 2419 Cant
1402 2369 1426 2429 4,
1438 2381 1464 2418 6.
1481 2370 1520 2420 13.
1533 2364 1634 2423 Erech
1648 2371 1690 2434 28,
1705 2384 1732 2420 6.
1748 2370 1786 2422 13.
1799 2371 1877 2435 cil,
1894 2385 1920 2423 6.
1931 2373 1954 2426 6.

265 2456 315 2511 666
340 2454 526 2510 consolatione
553 2453 669 2526 erigitur
695 2452 839 2521 66666111
868 2452 929 2508 loco
953 2455 1095 2523 malorum,
1122 2449 1250 2506 Secundo
1275 2451 1410 2518 ripurate¹
1424 2467 1474 2520 pro
1506 2449 1665 2507 beatissimo
1684 2450 1732 2508 illo
1751 2451 1820 2518 πού,
1849 2453 1954 2524 inquo

266 2559 337 2614 6666
354 2542 382 2595 16
402 2541 454 2596 hac
468 2540 527 2595 6116
544 2538 687 2609 sustinuit,
704 2537 756 2593 sibi
776 2537 892 2594 retribui
909 2540 999 2608 bona,
1025 2541 1097 2596 61661
1121 2537 1229 2592 animae
1240 2537 1348 2609 piorum
1360 2537 1493 2593 felicitate
1504 2546 1533 2593 61
1544 2539 1633 2611 gloria
1646 2540 1837 2611 perfruuntur,
1862 2547 1886 2597 2.
1903 2541 1956 2596 Co·

265 2645 299 2683 ex
326 2626 457 2682 antithesi
482 2625 586 2682 ibidem
611 2625 707 2681 addita
731 2624 903 2696 intelligitur.
947 2626 1096 2697 Excipiunt
1121 2623 1205 2681 616116.
1228 2629 1275 2694 12,
1300 2642 1325 2678 v.
1345 2629 1370 2679 4.
1398 2622 1486 2695 Apoc.
1504 2630 1537 2690 2,
1564 2628 1734 2698 6166166
1757 2627 1848 2699 figura
1873 2645 1955 2699 6666-

265 2712 580 2784 Psychopannychitae,
603 2713 675 2766 hanc
697 2730 752 2766 son
778 2728 836 2765 6666
858 2711 1021 2778 historiam,
1044 2716 1097 2767 red
1122 2711 1198 2765 disus
1230 2710 1277 2766 ille
1315 2717 1440 2766 terrama
1471 2711 1584 2768 exstitit.
1642 2712 1704 2768 Η66
1738 2713 1798 2770 loco
1830 2714 1956 2786 paradisi
1970 2712 2049 2756 ¹V111·

262 2800 450 2870 parabolpm,
485 2799 516 2853 iu
550 2815 607 2868 qua
630 2799 755 2866 futura‘
770 2801 902 2869 tanquam
930 2801 1096 2869 praesentio
1122 2814 1222 2853 nomen
1252 2814 1308 2852 non
1334 2797 1468 2868 accipitur
1492 2799 1522 2852 in
1549 2798 1747 2866 significatione
1771 2800 1877 2872 priore,
1904 2802 1955 2857 sed

265 2893 416 2941 6666661666
435 2886 476 2938 66
493 2884 602 2939 661-6666
620 2884 761 2938 hominum
784 2886 874 2954 mapis
887 2886 1095 2957 percellendos.
1122 2883 1280 2954 posteriore.
1329 2883 1449 2939 Proinde
1473 2890 1505 2939 61
1523 2885 1637 2941 16166616
1661 2887 1802 2954 conversi,
1829 2888 1869 2943 ita
1887 2905 1955 2959 quo·

265 2972 489 3044 Respondemus:
515 2977 537 3027 1.
561 2970 640 3025 multi
658 2988 693 3027 cx
709 2970 849 3027 retenone
873 2967 1097 3045 61616661,’6666
1124 2985 1178 3041 que
1201 2969 1323 3026 66661666
1347 2986 1411 3026 rare
1437 2970 1546 3042 piorum
1569 2970 1678 3027 animae
1704 2972 1733 3026 16
1760 2989 1826 3028 rsrs
1852 2974 1956 3030 Christi

264 3059 414 3115 historiam.
449 3057 642 3113 Tertullianus
659 3057 707 3114 lib.
724 3063 749 3115 4.
768 3057 830 3114 666.
849 3058 980 3119 Μ666166,
998 3067 1095 3131 6114,
1124 3056 1264 3128 agnitione
1292 3074 1326 3113 ex
1350 3056 1433 3127 hujus
1460 3056 1535 3113 61166
1556 3059 1698 3130 ergastulo
1724 3058 1898 3116 discedentes
1924 3061 1955 3114 in

266 3147 389 3202 Hilarius
408 3145 438 3199 16
458 3148 575 3200 6666661
593 3142 696 3199 Psalm
714 3149 738 3199 2.
758 3143 831 3198 circa
849 3143 896 3200 116.
933 3146 1098 3203 Ambrosius
1121 3145 1303 3215 paradisum,
1328 3143 1357 3198 id
1375 3150 1417 3199 cst
1433 3150 1542 3200 coetum
1560 3145 1693 3201 ecclcsiae
1712 3145 1853 3212 coelestis,
1871 3152 1900 3202 et
1917 3147 1955 3202 ad

266 3235 296 3290 in
319 3234 386 3288 Luc.
411 3238 476 3289 tom.
496 3237 520 3288 5.
550 3248 578 3302 p.
598 3235 655 3286 126.
699 3230 886 3302 Hieronymus
909 3232 957 3288 hb.
983 3238 1005 3290 2,
1033 3235 1097 3292 666.
1124 3231 1326 3286 beatitudinem
1344 3247 1378 3286 66
1402 3231 1536 3286 laetitiam
1562 3232 1757 3303 sempiternam
1783 3232 1956 3289 transferun-

267 3319 358 3376 Jovin
376 3317 552 3390 Augustinus
572 3317 608 3373 de
627 3333 695 3372 cura
719 3324 798 3374 mort
817 3335 841 3374 c.
864 3325 902 3374 14.
946 3318 1098 3392 Gregorius
1125 3326 1182 3381 tur,
1212 3317 1277 3389 quia
1303 3317 1447 3387 paradisus
1472 3316 1613 3389 significat
1636 3334 1752 3388 regnum
1770 3318 1837 3389 Dei,
1868 3319 1955 3375 sitam

165 3430 167 3435 ·
268 3407 315 3462 lib.
335 3412 359 3462 4.
388 3405 453 3460 dial.
484 3421 544 3476 cap.
572 3409 614 3463 29.
641 3404 771 3476 Lyranus
794 3405 824 3460 in
849 3422 947 3462 comm.
971 3407 1039 3466 Luc.
1060 3414 1098 3465 16.
1124 3404 1249 3468 beatam,
1266 3403 1378 3458 66666116
1399 3403 1477 3459 malis
1501 3402 1627 3458 omnibus
1646 3404 1815 3460 cumulatam
1832 3406 1957 3462 66661666

271 3496 435 3564 6666666616
449 3492 567 3563 permoti
580 3507 622 3560 eo,
635 3492 710 3564 quod
722 3492 833 3547 nomina
845 3493 958 3565 propria
968 3494 1099 3550 Abrahae
1125 3490 1260 3545 bonorum
1283 3489 1514 3561 complexionem,
1540 3489 1633 3545 sedem
1661 3490 1819 3558 beatorum,
1845 3491 1874 3546 in
1901 3509 1958 3565 qua

269 3583 298 3635 61
316 3578 416 3634 Lazari
435 3577 623 3648 exprimantur
651 3593 685 3632 ac
708 3579 830 3649 quinque
854 3579 952 3634 iratres
977 3580 1100 3636 damnati
1127 3576 1204 3632 Deus
1224 3577 1325 3632 6666116
1351 3576 1457 3649 angelis
1481 3583 1509 3631 et
1533 3575 1622 3630 1666116
1641 3576 1786 3632 animabus
1806 3577 1957 3634 ridendum

270 3664 363 3719 6161116
391 3671 593 3720 recenseantur.
638 3669 663 3721 2.
688 3664 807 3728 Quidam
837 3667 949 3734 statuit,
979 3667 1099 3737 priorem
1126 3668 1154 3718 61
1174 3662 1322 3719 fruendum
1339 3680 1399 3719 6666
1416 3661 1541 3727 exhibet,
1569 3679 1677 3734 exque
1693 3663 1800 3720 6161666
1815 3665 1955 3720 16666666-

269 3751 352 3822 hujus
371 3750 536 3804 narrationis
559 3755 681 3820 partem,
704 3767 777 3821 quae
795 3767 940 3822 personam
958 3753 1051 3807 divitis
1071 3760 1101 3810 et
1127 3749 1189 3804 bilis
1207 3750 1312 3805 16611116
1333 3755 1362 3805 61
1385 3750 1443 3804 6116
1469 3748 1629 3804 beatissima
1656 3749 1751 3808 oritur.
1785 3750 1956 3807 Athanasius

271 3837 384 3906 Lazari,
411 3836 534 3906 ipsorum
554 3835 655 3903 vitam,
687 3853 775 3891 mores
800 3843 828 3892 et
851 3837 956 3893 obitum
978 3841 1099 3911 exponit,
1126 3836 1155 3890 in
1172 3835 1219 3891 lib·
1238 3837 1338 3892 wistr-
1356 3853 1405 3907 qq.
1423 3854 1450 3907 q.
1476 3842 1520 3892 ¹9²
1540 3838 1848 3905 1106160116·’30166ὶ
1866 3838 1957 3893 hiim·

270 3941 329 3980 esse
347 3922 522 3986 historicam
540 3922 720 3993 posteriorem
737 3940 809 3990 vero,
828 3940 900 3995 quae
915 3925 1099 3982 666611166666
1126 3923 1170 3976 nis
1206 3924 1329 3976 animam
1364 3923 1491 3977 01616166
1534 3925 1613 3976 Deru
1656 3931 1749 3976 666166
1785 3925 1956 3992 paradisum

269 4010 368 4066 1666661
388 4010 417 4065 16
436 4009 530 4065 futuro
548 4009 651 4077 seculo,
672 4010 762 4065 sinum
783 4010 928 4075 Abrahae,
946 4013 1099 4069 cruciatum
1124 4011 1249 4079 operuit,
1279 4011 1330 4063 sed
1350 4010 1433 4063 etiam
1458 4010 1492 4063 ob
1511 4009 1637 4077 reliquas
1655 4017 1816 4063 sunotorum
1835 4011 1955 4067 animas.

270 4097 377 4167 6161116,
396 4095 536 4168 guttulam
552 4111 647 4167 aquae
664 4095 807 4167 exprimit,
825 4113 885 4152 6666
904 4098 1098 4168 parabolicam.
1125 4095 1274 4166 Excipiunt
1297 4101 1318 4151 1.
1342 4093 1482 4148 Christum
1508 4094 1587 4163 loqui
1603 4097 1639 4148 de
1658 4095 1797 4163 paradiso
1816 4099 1954 4152 terrestri.

271 4191 293 4240 3.
319 4183 348 4239 si
374 4183 419 4238 vel
447 4180 564 4237 maxime
595 4185 744 4252 statuatur,
780 4183 855 4254 quod
887 4183 924 4238 sit
957 4186 1100 4256 parabola,
1125 4182 1349 4254 Respondemus:
1393 4181 1565 4237 Contrarium
1610 4182 1779 4237 ostendimus
1826 4183 1955 4254 66666166

270 4277 380 4326 6661666
424 4275 516 4325 tamen
559 4268 712 4324 sententiae
755 4269 958 4326 confirmandae
997 4272 1099 4342 optime
1126 4267 1153 4343 ξ.
1175 4274 1232 4325 163.
1266 4269 1309 4325 Ne
1326 4269 1398 4323 enim
1417 4269 1488 4323 latro
1508 4286 1558 4339 per
1578 4285 1692 4339 repnurn
1710 4269 1834 4325 fortassis
1852 4269 1954 4325 intelli-

269 4357 390 4413 16666611.
435 4357 534 4426 Neque
552 4355 624 4411 enim
647 4355 788 4427 significat
810 4356 933 4412 futurum
958 4356 1096 4414 hominum
1124 4361 1202 4428 geret
1232 4355 1337 4426 aliquid
1366 4356 1517 4410 humanum
1548 4354 1593 4408 vel
1624 4371 1799 4425 corporeum,
1826 4355 1953 4411 Christus

269 4444 376 4515 piorum
395 4447 424 4496 et
447 4442 594 4513 impiorum
615 4446 679 4513 post
695 4442 768 4497 diem
783 4442 885 4513 judicii
909 4450 1024 4510 statum,
1049 4447 1098 4500 scd
1125 4442 1288 4511 6661666611,
1317 4460 1433 4514 regnum
1460 4459 1539 4497 suum
1564 4459 1623 4497 csse
1640 4441 1822 4512 paradisum,
1853 4443 1882 4498 id
1911 4450 1954 4499 est

268 4530 360 4602 potius
377 4535 566 4600 praesentem,
595 4545 677 4600 quem
700 4529 793 4584 atatim
819 4546 837 4584 a
863 4536 950 4586 morte
975 4531 1097 4602 ipsorum
1123 4531 1240 4603 gloriam
1269 4536 1297 4584 61
1323 4529 1483 4584 felicitatem
1501 4529 1654 4585 coelestem.
1698 4532 1725 4585 2.
1743 4530 1865 4583 Latroni
1886 4548 1955 4600 pro·

268 4616 376 4671 animas
400 4614 560 4672 sortiuntur.
610 4614 695 4671 Dives
725 4615 799 4670 enim
834 4615 980 4671 damnatus
1018 4625 1097 4688 rogat
1124 4617 1236 4669 messum
1262 4618 1374 4686 quidem
1399 4617 1494 4685 fuisse
1515 4617 1688 4685 paradisum
1719 4614 1874 4681 6661661666,
1902 4618 1957 4671 sed

267 4701 470 4769 Abrahamum,
499 4707 531 4755 ut
555 4702 647 4755 mittat
673 4705 812 4755 Lazarum
834 4704 875 4755 ad
896 4705 1006 4768 fratres
1023 4721 1096 4773 6666,
1122 4705 1248 4756 wadum
1265 4705 1457 4773 demumpast
1476 4701 1954 4766 666666661166666,6161666661666

266 4788 312 4843 cui
329 4786 470 4841 Abraham
489 4788 654 4857 respondet,
674 4788 774 4842 habent
794 4791 912 4858 Moysen
931 4796 957 4843 et
972 4791 1096 4859 prophe·
1122 4787 1278 4858 Christum,
1313 4789 1396 4843 hodie
1439 4788 1495 4841 eris
1526 4797 1646 4860 propter
1680 4787 1876 4842 certitudinem
1911 4789 1957 4842 rei

267 4883 321 4942 166,
339 4873 457 4927 audiant
477 4872 552 4926 illos.
591 4873 631 4926 At
649 4879 714 4944 post
732 4874 804 4930 diem
821 4874 921 4945 judicii
941 4892 997 4930 non
1016 4883 1096 4931 66661
1119 4878 1252 4943 futurae,
1278 4876 1350 4928 sieut
1373 4875 1531 4943 prophetae
1560 4891 1606 4928 res
1627 4876 1744 4939 suturas
1766 4890 1823 4944 per
1846 4882 1954 4945 temptes

267 4961 391 5015 homines
407 4959 437 5012 in
455 4958 508 5014 hoc
525 4960 641 5028 mundo,
665 4961 713 5031 qui
738 4977 756 5015 a
780 4961 881 5015 1616616
908 4961 1008 5016 infami
1032 4980 1096 5033 sup·
1116 4977 1253 5031 praecem
1285 4967 1334 5014 aut
1362 4959 1550 5028 praeteritum
1586 4960 1752 5030 caprimum.
1805 4963 1833 5017 3.
1868 4960 1956 5016 que

267 5046 357 5117 pliciis
383 5044 553 5117 praemoneri
580 5061 613 5099 ac
630 5045 747 5117 Moysen
774 5054 803 5102 et
830 5046 979 5117 prophetas
999 5048 1096 5103 audire
1120 5048 1202 5102 hodie
1219 5048 1441 5117 conjuupendum
1459 5064 1521 5101 cum
1539 5061 1604 5101 6666
1626 5047 1774 5113 6166666
1790 5065 1851 5101 cum
1870 5048 1953 5102 rerba

267 5138 386 5202 possent
416 5132 492 5202 Ergo
510 5133 578 5186 baec
597 5129 728 5203 διήγησις,
746 5132 855 5187 etiamsi
874 5132 910 5186 611
930 5133 1095 5205 parabolica,
1122 5135 1185 5198 cris,
1204 5150 1285 5189 amen
1305 5133 1621 5197 1661611616166,6666
1636 5149 1741 5186 mecum
1758 5134 1788 5186 in
1800 5135 1953 5203 paradiso.

268 5218 389 5273 ostendit
407 5223 507 5290 166666,
531 5217 637 5272 animas
662 5217 768 5289 piorum
788 5218 975 5275 consolatione
994 5219 1049 5275 frui
1067 5220 1096 5274 iu
1120 5220 1342 5292 Respondemus:
1367 5225 1513 5291 utramque
1539 5219 1728 5289 exceptionem
1748 5235 1809 5274 6666
1828 5224 1954 5276 maetam

268 5303 358 5373 coelo,
387 5304 533 5376 impiorum
563 5321 628 5359 6666
655 5304 760 5359 animas
786 5304 904 5360 cruciari
926 5305 956 5360 16
973 5306 1096 5376 inferno,
1122 5313 1150 5364 et
1177 5307 1264 5363 textui
1293 5307 1475 5375 6661666166,
1501 5304 1670 5361 ostendimus
1703 5306 1799 5361 itidem
1825 5307 1953 5377 superius

268 5389 371 5460 alioqui
391 5407 443 5445 uec
462 5407 536 5460 6666,
558 5407 609 5446 nec
632 5389 787 5446 verisimilis
811 5393 871 5448 erit
911 5392 996 5447 Absit
1014 5392 1095 5461 enim,
1121 5391 1149 5468 ξ.
1169 5400 1226 5451 190.
1273 5392 1385 5462 16165,
1409 5411 1435 5449 6.
1461 5399 1512 5449 246
1543 5392 1632 5445 Amen
1651 5408 1746 5457 66666,
1770 5392 1834 5446 dico
1866 5393 1953 5461 vohis,

268 5482 300 5531 61
325 5476 578 5532 6666Ρ6611616616
600 5477 720 5533 1666116
747 5478 941 5550 manuscriptis
966 5479 1096 5552 colloquii
1122 5479 1171 5550 qui
1187 5480 1299 5533 omium
1319 5498 1409 5535 meum
1425 5480 1547 5533 6661161
1566 5479 1658 5531 credit
1675 5479 1717 5548 ei,
1745 5479 1795 5548 qui
1807 5479 1883 5532 661611
1901 5497 1955 5548 me,

268 5563 445 5620 amomum
470 5562 663 5636 blasphemare
683 5563 811 5635 velimus,
837 5565 979 5621 Christum
996 5567 1028 5621 in
1044 5567 1097 5621 hac
1120 5566 1202 5622 habet
1216 5565 1301 5621 sitam
1318 5576 1461 5623 6616666666
1479 5573 1505 5620 61
1521 5566 1552 5618 in
1562 5564 1707 5634 judicium
1725 5581 1782 5619 non
1802 5565 1883 5630 66611,
1900 5567 1954 5619 seri
