4104 6014
835 257 886 312 Da
903 254 1042 312 MORTE.
1749 269 1785 323 77

85 414 162 486 guli,
198 421 232 470 ut
267 415 373 470 Romae
411 412 440 466 in
473 410 596 468 ecclesiis
633 409 683 469 SS.
716 411 858 468 Vincentii
894 416 923 466 et
955 418 1028 466 taras
1047 411 1177 483 reliquias
1195 411 1291 466 merito
1309 412 1547 483 magnifacimus,
1566 412 1684 468 histoto
1703 411 1787 466 corde

84 501 246 567 Anbsmii,
273 501 299 559 S.
333 502 443 570 Crucis,
479 502 508 557 S.
538 499 689 556 Salvatoris
719 499 925 568 lateranensis,
951 498 1056 552 addicti
1075 516 1183 562 sumus,
1209 497 1305 553 relicto
1333 498 1442 553 interim
1470 498 1625 553 Pontificiis
1654 497 1787 569 supersti-

86 586 116 644 S.
130 586 276 643 Laurentii
296 593 373 643 extra
384 604 485 656 muros,
505 586 533 641 S.
553 584 718 653 Sebastisni,
734 584 761 640 S.
779 583 921 647 Praxedis,
951 583 1022 638 tioso
1038 582 1217 654 reliquiarum
1236 588 1412 638 externarum
1430 584 1523 649 cultu,
1543 585 1590 656 qui
1611 583 1786 638 idololatriae

85 684 121 728 ut
145 673 247 729 recitat
264 672 426 742 Onupbrius
452 672 487 727 de
510 678 581 741 sept.
604 671 681 725 urbis
707 670 773 726 eccl.
820 668 925 724 Octavo
951 667 1013 723 tons
1034 674 1075 723 est
1099 668 1279 740 largissimus.
1319 669 1432 739 Excipit
1455 669 1651 734 Bellarminus,
1681 671 1786 725 cultum

84 760 148 816 loco
166 767 229 815 erat
246 760 399 827 cerebrum,
417 775 517 830 nempe
536 757 681 826 Genesar,
705 757 754 812 sed
775 755 925 826 deprehen·
952 755 1138 825 reliquiorum
1163 772 1220 808 osse
1245 755 1339 824 potius
1365 758 1574 812 detentationem
1595 756 1786 810 idololatriae.

85 864 149 901 aum
166 846 230 911 iuit,
249 846 387 916 pumicem
405 861 456 916 pro
474 843 588 900 cerebro
607 843 694 898 fidsse
713 843 816 914 populo
834 836 1027 900 osten-liliam
1061 849 1198 910 martyres
1230 842 1332 896 mortui
1352 850 1430 911 sunt,
1461 852 1492 897 ut
1518 843 1714 897 idololutriam
1739 845 1786 896 ds·

84 938 193 1002 tatum,
226 930 367 987 Gallasius
387 931 404 985 l.
426 931 454 987 d.
489 928 561 985 Ossa
576 930 654 985 Petri
672 931 762 983 multa
776 927 924 983 ostendun·
951 936 1099 992 struerent,
1119 929 1169 997 qui
1186 918 1253 996 erpo
1271 930 1405 997 nrartprs's
1421 930 1559 998 reliquias
1571 929 1648 999 colit,
1667 929 1786 999 indicet,

83 1026 133 1075 tur
146 1018 252 1074 Romae
270 1018 299 1072 in
314 1016 418 1087 templo
432 1016 536 1071 Mariae
554 1015 666 1086 populo,
684 1020 843 1069 attestatur
855 1012 925 1067 liber
949 1032 980 1067 se
1005 1017 1130 1083 paudere
1154 1018 1190 1069 de
1215 1016 1399 1070 idololatriae
1427 1019 1624 1072 destructione.
1661 1016 1785 1087 Respon-

86 1104 240 1175 inscriptus
260 1104 399 1159 Mirabilia
415 1103 521 1158 Romae
545 1119 661 1157 excusus
687 1099 824 1172 permissu
842 1115 923 1170 supe·
951 1100 1061 1156 demus:
1109 1101 1180 1156 sicut
1215 1101 1379 1156 Pharisaeos
1415 1104 1546 1174 scpulcra
1581 1104 1786 1173 prophetarum

86 1192 201 1261 riorum,
219 1208 283 1246 curn
301 1190 446 1261 privilegio
473 1190 543 1244 Sinti
561 1189 593 1245 V.
638 1189 708 1243 Item
723 1188 751 1242 in
772 1186 876 1256 templo
897 1184 923 1239 S.
951 1188 1134 1257 aedificantes
1152 1187 1278 1242 Christus
1296 1196 1411 1242 accusat
1427 1188 1524 1244 Matth.
1547 1193 1588 1253 23,
1606 1206 1629 1244 v.
1650 1194 1691 1245 Ξῖ.
1710 1187 1786 1259 quod

87 1276 236 1333 laurentii
261 1285 339 1332 extra
366 1293 471 1343 muros,
498 1274 657 1345 Ouupbrius
687 1273 722 1328 de
750 1278 820 1344 sept.
846 1271 923 1326 urbis
949 1288 980 1326 re
1005 1272 1066 1343 ipsa
1088 1273 1206 1343 professi
1232 1291 1266 1329 ac
1290 1275 1386 1329 testati
1409 1274 1528 1339 tuerint,
1557 1293 1586 1331 se
1611 1291 1671 1330 esse
1695 1275 1785 1330 socios

85 1363 153 1420 eccl.
193 1362 263 1419 Pars
287 1363 382 1418 lacerti
409 1367 568 1416 asservatur
586 1360 691 1414 Romae
709 1359 736 1413 in
761 1357 876 1412 basilica
895 1359 923 1413 S.
951 1375 1059 1427 corum,
1090 1360 1138 1431 qui
1158 1360 1306 1430 prophetas
1332 1361 1497 1426 occiderint,
1525 1379 1589 1416 cum
1607 1361 1676 1416 nihil
1694 1362 1785 1416 minus

84 1448 195 1515 Crucis,
212 1448 373 1520 Onupbrius
393 1449 419 1502 d.
438 1447 456 1505 l.
499 1446 569 1501 Pars
586 1451 679 1500 costae
697 1454 725 1500 et
745 1445 849 1516 digitus
866 1459 922 1497 ma·
950 1445 1005 1515 ipsi
1027 1446 1197 1516 cogitarent3
1227 1448 1267 1501 ita
1290 1447 1450 1504 Pontificios
1475 1449 1606 1520 reliquias
1630 1454 1784 1518 martyrum

86 1553 142 1591 nus
161 1533 267 1590 Romm
292 1534 320 1589 in
344 1533 461 1590 ecclesia
479 1532 505 1590 S.
525 1531 697 1601 Sebastiam,
715 1529 875 1600 Onuphrius
896 1528 921 1582 d.
950 1530 1079 1601 religiose
1112 1532 1234 1587 colentes
1271 1535 1369 1589 merito
1408 1534 1581 1590 idololatriae
1613 1550 1783 1597 accusamus,

91 1620 109 1677 l.
142 1621 248 1694 digitus
271 1621 350 1691 pedis
379 1619 485 1675 Romae
515 1618 542 1672 in
576 1618 693 1674 ecclesia
719 1617 745 1672 S.
778 1615 922 1682 Praxedis,
951 1617 1076 1687 quamvis
1106 1617 1159 1689 ipsi
1190 1618 1264 1673 hunc
1297 1619 1403 1674 cultum
1431 1621 1542 1675 maximi
1567 1621 1687 1685 faciant,
1718 1621 1785 1692 quia

87 1707 250 1779 Onuphn'us
275 1707 300 1760 d.
320 1706 338 1761 l.
361 1705 495 1762 articulus
524 1705 605 1776 digiti
631 1704 754 1776 gigantei
772 1703 801 1756 in
818 1701 923 1773 Augila
950 1702 1038 1756 omnis
1056 1705 1285 1775 ttriotpnoneta,
1310 1705 1399 1761 omnis
1425 1706 1517 1761 cultus
1541 1707 1687 1778 religiosus
1706 1713 1784 1761 extra

87 1794 125 1849 ad
141 1794 169 1850 S.
182 1791 411 1855 Parathalassiac‚
423 1791 556 1846 Erasmus
569 1791 604 1846 de
615 1806 724 1863 peregr.
736 1789 814 1860 relig.
844 1787 922 1842 Reli·
951 1796 978 1843 et
1007 1798 1117 1859 praeter
1143 1792 1258 1846 verbum
1292 1792 1403 1863 proprio
1431 1793 1522 1849 cordis
1550 1793 1665 1848 arbitrio
1691 1809 1782 1848 susce-

87 1881 172 1953 quiae
190 1880 298 1951 absque
309 1880 419 1933 nomine
436 1878 464 1932 in
484 1878 599 1933 diversis
612 1877 735 1933 ecclesiis
751 1875 857 1930 Romae
870 1881 922 1930 etc.
950 1881 1013 1944 ptus
1033 1882 1075 1930 est
1093 1875 1259 1946 idololatria,
1279 1886 1310 1932 ut
1329 1897 1379 1933 suo
1391 1878 1451 1934 loco
1469 1880 1578 1950 plenius
1591 1878 1781 1935 confirmatum

89 1968 120 2022 S.
144 1967 281 2034 Dionysii
304 1981 403 2035 corpus
422 1964 573 2019 ostendunt
597 1962 725 2018 monachi
741 1963 769 2015 iu
786 1968 921 2016 monaste·
948 1958 1011 2017 fuit.

87 2054 130 2108 rio
148 2054 176 2109 S.
193 2052 324 2107 Emerani
343 2050 514 2106 Ratisbonae
530 2068 587 2104 una
605 2066 667 2104 cum
686 2047 765 2102 bulla
783 2045 921 2119 pontificis
986 2038 1047 2103 106.
1079 2051 1122 2104 12.
1143 2050 1189 2102 En
1208 2050 1341 2103 absurdis
1359 2059 1386 2104 et
1403 2051 1552 2119 pinsentis,
1580 2068 1651 2120 quae
1677 2053 1783 2106 cultum
1796 2057 1826 2100 rt.
1842 2058 1875 2100 ax

86 2145 238 2195 ammtante
266 2155 361 2193 verum
387 2153 487 2208 corpus
513 2135 682 2191 Ratisbonae
713 2133 816 2189 haberi.
866 2131 920 2188 Sed
947 2131 1134 2201 reliquiarum
1152 2144 1364 2203 consequuntur.
1410 2142 1433 2195 1.
1453 2135 1522 2191 Cum
1541 2137 1613 2191 enim
1633 2138 1781 2209 pleraeque
1794 2111 1873 2202 ἓῗυῖξ

86 2226 214 2297 ejusdem
234 2222 362 2295 Dionysii
381 2229 466 2293 caput
483 2222 558 2291 apud
578 2221 605 2278 S.
624 2219 790 2291 Dionysium
807 2220 835 2274 in
855 2217 920 2273 Gal·
947 2218 1081 2289 reliquiae
1098 2220 1154 2275 sint
1176 2221 1280 2276 dubiae
1306 2230 1333 2278 et
1352 2223 1486 2292 incertae,
1511 2240 1548 2277 an
1572 2240 1626 2278 non
1652 2215 1910 2314 μνίεεί-ξξξξξᾞ·

87 2312 129 2367 lia
147 2317 322 2366 monstratur.
353 2309 390 2362 Iit
408 2309 469 2379 quis
488 2307 613 2380 singulas
631 2307 798 2378 imposturas
812 2321 920 2361 enume·
947 2323 1023 2359 mum
1041 2305 1138 2362 subest
1162 2308 1328 2378 periculum,
1356 2327 1390 2364 ne
1420 2309 1529 2365 ossibus
1548 2310 1631 2375 furis,
1656 2310 1779 2379 latronis,
1793 2325 1840 2356 rum
1856 2317 1910 2357 rsu-

86 2415 149 2453 rare
168 2395 284 2468 posset?
321 2402 345 2452 4.
364 2394 407 2450 Ne
434 2395 488 2466 ipsi
511 2394 624 2465 quidem
643 2393 765 2447 saniores
783 2390 920 2446 Pontificii
948 2392 1002 2446 imo
1034 2393 1110 2447 canis
1138 2409 1171 2447 ac
1208 2394 1287 2448 rituli
1319 2396 1466 2467 religiosus
1499 2396 1586 2451 honor
1618 2396 1779 2453 deferatur?
1793 2370 1895 2460 gmon

87 2484 260 2547 diffitentur,
279 2483 353 2537 circa
369 2482 431 2536 illas
450 2480 534 2536 etiarn
553 2480 696 2550 reliquias,
715 2496 787 2550 quae
807 2477 920 2549 publice
950 2483 972 2533 2.
985 2476 1063 2534 Inter
1080 2478 1212 2550 reliquias
1230 2488 1378 2538 numerant
1390 2497 1519 2536 coronam
1532 2482 1634 2538 Christi
1648 2483 1780 2553 spineam,
1794 2478 1897 2519 suuntur.

87 2572 118 2626 in
136 2571 247 2642 templis
266 2577 456 2638 mersantur,
482 2569 583 2623 multas
608 2568 774 2636 imposturas
796 2581 830 2619 ac
847 2564 921 2619 frau-
949 2565 1098 2631 scuticam,
1127 2583 1183 2636 qua
1206 2566 1364 2638 flagellatus
1385 2578 1440 2637 est,
1469 2571 1608 2639 lanceam,
1634 2589 1690 2643 qua
1708 2571 1781 2625 latus

87 2658 139 2712 des
160 2673 339 2722 concurrere,
364 2655 393 2710 id
419 2655 494 2727 quod
518 2655 579 2725 ipsa
607 2653 699 2725 praxis
725 2649 922 2726 ἂναντιῤῥήτως
948 2651 1009 2721 ejus
1030 2651 1059 2706 in
1071 2668 1153 2708 cruce
1171 2654 1333 2723 perfossum,
1350 2655 1452 2724 clavos,
1470 2656 1571 2726 quibus
1590 2659 1665 2712 cruci
1681 2656 1781 2711 affixus

86 2743 261 2813 comprobat.
300 2746 325 2797 t.
347 2741 381 2795 Si
397 2740 592 2808 fropmentata
612 2739 713 2802 muers,
733 2737 825 2809 inquit
841 2736 920 2792 Eras-
949 2744 992 2792 est
1003 2745 1055 2793 etc.
1067 2738 1156 2810 iisque
1168 2739 1326 2811 religiosum
1338 2741 1443 2796 cultum
1461 2743 1625 2814 dependent.
1655 2745 1695 2797 At
1713 2743 1783 2798 haec

86 2847 159 2898 mus,
179 2830 209 2881 in
226 2827 543 2896 ocewumrediyontur,
560 2826 676 2880 sienne
689 2826 770 2878 nouis
788 2823 920 2878 onerans
949 2824 1132 2880 instrumenta
1157 2827 1265 2896 corpori
1294 2827 1397 2883 Chrisb'
1422 2828 1572 2885 laesionem
1599 2838 1627 2885 et
1653 2830 1782 2900 injuriam

87 2916 181 2970 vetat.
227 2913 410 2984 Respondent
426 2912 552 2982 quidem.
584 2917 830 2982 quantumcunque
857 2910 922 2964 inde
949 2911 1075 2977 intulere,
1094 2929 1177 2967 eccur
1191 2913 1277 2984 igitur
1292 2913 1422 2970 honorem
1436 2916 1595 2986 religiosum
1608 2916 1662 2971 illis
1676 2916 1783 2972 deferre

92 3002 282 3065 abscindatur,
299 3016 440 3069 nunquam
462 3006 554 3052 tamen
573 2998 714 3067 imminui,
731 2997 781 3053 sed
798 2996 923 3051 miraculi
948 2997 1088 3053 velimus?
1107 3015 1162 3069 quo
1183 3006 1347 3071 argumento
1362 3000 1563 3056 illustrissimus
1577 3002 1633 3056 dux
1648 3002 1783 3058 Saxoniae

87 3089 163 3143 illins
182 3088 285 3142 veritas
308 3085 431 3140 nondum
455 3085 651 3140 demonstrata.
696 3091 719 3140 6.
738 3083 853 3140 Nullum
882 3090 924 3138 est
948 3084 1090 3139 dohannes
1111 3084 1261 3139 Casimirus
1279 3093 1331 3141 etc.
1357 3086 1486 3142 Coloniae
1510 3105 1571 3142 ann.
1594 3095 1667 3146 tolo.
1685 3087 1781 3142 uteba·

88 3175 177 3230 altare
199 3175 227 3228 in
245 3181 303 3227 toto
322 3177 442 3242 papatu,
469 3188 584 3241 quorum
607 3179 701 3226 tamen
725 3172 753 3224 in
771 3178 813 3225 tot
829 3170 922 3241 regnis
949 3179 1009 3235 tur,
1035 3188 1098 3225 curn
1129 3171 1158 3225 in
1183 3172 1252 3227 aede
1281 3171 1399 3228 Ursulae
1425 3173 1595 3228 sacrificulus
1619 3174 1783 3244 particulam

88 3268 118 3317 et
137 3259 285 3332 provinciis
309 3266 374 3312 sunt
391 3257 497 3328 aliquot
523 3257 679 3327 myriades,
705 3257 779 3327 quod
799 3257 922 3328 reliquiis
949 3273 1067 3313 coronae
1084 3257 1198 3327 spineae
1222 3258 1435 3314 exosculandam
1458 3260 1512 3326 ipsi
1537 3261 1656 3318 offerret.
1676 3260 1783 3331 Staple·

89 3354 194 3415 careat,
226 3346 302 3402 unde
330 3362 397 3416 ergo
428 3344 493 3399 illae
522 3343 618 3399 ortae?
649 3351 677 3399 et
710 3344 772 3415 quis
802 3360 924 3399 asserere
949 3349 1031 3398 tonus
1071 3348 1142 3412 part.
1178 3350 1198 3399 l.
1229 3351 1329 3415 promt.
1370 3345 1443 3400 cath.
1467 3363 1495 3416 p.
1523 3351 1586 3402 292:
1635 3347 1782 3401 Veneratio

89 3435 172 3503 ausit,
191 3449 250 3488 esse
269 3449 364 3487 omnes
381 3448 461 3486 veras
480 3429 623 3501 reliquias,
641 3446 715 3501 quae
732 3429 761 3483 in
778 3429 833 3485 illis
853 3431 922 3485 alta·
946 3446 1087 3500 personne
1108 3429 1215 3484 Christi
1232 3433 1317 3485 etiam
1335 3434 1376 3486 ad
1395 3434 1487 3503 speum
1504 3435 1658 3503 corripiam
1674 3435 1782 3488 culcea-

90 3518 167 3574 ribus
186 3516 383 3574 asservantur?
949 3517 1036 3570 menti
1052 3525 1077 3570 et
1098 3518 1248 3586 adipsum
1267 3527 1361 3572 terrae
1376 3519 1530 3588 puluerem
1548 3537 1627 3589 queem
1644 3521 1781 3583 ooloobot,

128 3612 185 3661 105.
223 3609 262 3659 11.
281 3606 308 3658 A
326 3604 481 3674 multiplici
499 3604 703 3673 superstitione,
724 3621 795 3672 quae
813 3605 843 3658 in
857 3605 921 3659 reli·
949 3621 1008 3657 sese
1033 3605 1196 3658 ostendebat
1222 3604 1320 3659 Mattb.
1341 3610 1366 3661 ³.
1398 3605 1502 3662 Psalm.
1534 3612 1588 3663 132.
1632 3607 1672 3661 nt
1699 3605 1722 3659 si
1748 3623 1781 3661 ex

91 3693 221 3762 quierunt
244 3691 423 3746 sennatione
446 3697 596 3760 spectatur.
640 3689 767 3744 Christus
790 3690 819 3744 in
836 3691 922 3745 verbo
947 3690 1002 3745 illis
1035 3690 1117 3744 dictis
1149 3691 1288 3747 veneratio
1322 3691 1501 3763 reliquiarum
1536 3692 1650 3763 probari
1680 3698 1782 3763 potest,

91 3794 124 3833 ac
136 3777 315 3833 sacramentis
325 3775 378 3832 Dei
391 3777 519 3849 gratiam,
535 3784 713 3846 pcccatorum
725 3777 921 3846 remissionem,
949 3778 1033 3832 etiam
1052 3777 1115 3847 ipsa
1134 3785 1220 3847 terra,
1252 3778 1297 3833 cui
1315 3777 1443 3834 Christus
1468 3779 1497 3833 in
1515 3779 1677 3835 Palaestina
1694 3781 1781 3835 inam·

10 3846 26 3873 ''
90 3864 224 3919 auxilium
244 3864 352 3919 animae
376 3869 405 3919 et
429 3862 585 3934 spiritualia
609 3862 744 3918 beneficia
763 3865 923 3936 quaerenda
949 3859 1065 3932 bularit,
1081 3863 1210 3935 religiose
1231 3865 1388 3920 veneranda
1405 3865 1465 3920 erit.
1506 3870 1529 3921 ³.
1550 3864 1580 3920 Si
1599 3866 1782 3921 instrumenta

88 3969 147 4007 csse
179 3951 286 4020 docuit,
316 3949 538 4021 superstitiosum
576 3947 661 4020 igitur
688 3950 786 4004 merito
817 3951 922 4006 censeri
948 3950 998 4005 illa
1013 3951 1184 4007 crudelitatis
1207 3951 1344 4008 iudaicae
1368 3951 1498 4022 religioso
1520 3952 1596 4007 cultu
1623 3952 1782 4008 veneranda

88 4037 184 4105 debet,
203 4037 277 4109 quod
295 4037 420 4092 homines
439 4037 468 4090 in
485 4034 623 4104 vestibus,
650 4035 745 4090 fasciis
765 4044 794 4090 et
813 4037 921 4092 ossibus
949 4039 983 4092 ob
1002 4038 1176 4093 sanctissimi
1187 4040 1314 4111 corporis
1328 4037 1435 4092 Christi
1445 4047 1608 4103 contectum,
1621 4046 1653 4092 ut
1666 4039 1781 4109 loquun-

89 4131 247 4180 snnctorum
280 4123 356 4178 illam
392 4122 510 4194 gratim
543 4126 572 4175 et
607 4122 737 4176 virtutem
774 4130 919 4194 quaerunt.
948 4129 1002 4192 tur,
1030 4123 1126 4196 quidni
1142 4125 1226 4179 etiam
1244 4125 1366 4194 dudam,
1393 4124 1509 4190 milites,
1536 4124 1711 4180 crucifixores
1729 4129 1780 4178 etc.

24 4214 71 4257 ¹²¹·
87 4211 208 4266 Pulchre
225 4208 438 4281 Chrysostomus
456 4209 492 4263 de
510 4206 537 4262 S.
555 4207 672 4263 Aratio:
699 4206 764 4282 τιμὴ
780 4209 920 4282 μάρτυρος
947 4228 1120 4277 veneramur,
1139 4212 1187 4282 qui
1205 4210 1301 4266 itidem
1319 4228 1418 4282 corpus
1442 4212 1514 4267 illud
1530 4209 1666 4282 tetigere?
1707 4217 1731 4266 4.
1751 4207 1780 4264 Si

86 4297 102 4365 ἡ
124 4294 234 4369 φυλακὴ
251 4300 296 4363 τῆς
315 4301 442 4357 πίστεως.
472 4298 496 4350 el
515 4298 605 4354 θέλεις
624 4298 669 4347 aul
688 4293 723 4348 od
741 4300 853 4368 τιμῆσαι
870 4297 921 4350 τὸν
948 4296 1077 4367 quidvis,
1105 4296 1179 4368 quod
1200 4296 1326 4352 Christus
1345 4298 1452 4369 attigit,
1472 4297 1602 4369 religioso
1621 4297 1699 4350 cultu
1717 4311 1780 4366 pro·

85 4382 222 4456 adpre-po,
245 4386 364 4455 ripaeos
384 4381 434 4436 τὸν
460 4380 514 4435 ὑπὸ
539 4377 676 4456 μάρτυρος
698 4385 919 4456 μαρτυρηθέντα.
947 4383 1134 4454 sequendum,
1161 4382 1244 4436 etiam
1262 4383 1369 4448 asinm,
1393 4401 1476 4455 super
1490 4402 1545 4454 quo
1564 4383 1662 4439 sedens
1683 4381 1780 4437 Hiero-

86 4471 152 4524 Non
171 4469 305 4533 reclamo,
323 4467 415 4539 inquit
426 4466 574 4530 lutherus,
592 4468 721 4522 divorum
739 4485 804 4521 ossa
821 4475 919 4521 sancta
948 4469 1083 4539 solymam
1106 4469 1247 4540 ingressus
1275 4476 1331 4538 est,
1362 4470 1458 4525 eodem
1491 4470 1572 4524 modo
1603 4470 1778 4524 venerandus

86 4572 159 4619 esso,
184 4557 236 4608 aad
260 4555 311 4609 iseo
339 4556 475 4622 detestor,
509 4555 586 4624 quod
613 4553 743 4624 plerique
772 4571 865 4608 omnes
886 4571 919 4608 eu
947 4556 1006 4612 erit.
1053 4555 1115 4610 Hoc
1146 4565 1308 4627 argumento
1339 4556 1427 4611 utitur
1457 4554 1591 4611 Claudius
1625 4556 1777 4628 Hispanus,

85 4641 282 4712 superstitione
310 4641 418 4711 majori
442 4642 537 4695 studio
558 4644 599 4695 ad
618 4641 672 4694 iila
690 4642 855 4694 exornanda
873 4659 919 4694 ra·
947 4641 1094 4714 episcopus
1114 4641 1307 4710 Taurinensis,
1331 4641 1379 4712 qui
1402 4640 1537 4697 referente
1561 4640 1635 4699 Jond
1652 4642 1779 4698 Aurelia-

82 4731 203 4798 piuntur
232 4745 315 4797 quam
339 4730 380 4782 ad
403 4728 531 4796 prosimi
559 4729 748 4783 necessitatem
775 4727 920 4781 subleuan-
947 4728 1026 4783 nensi
1047 4726 1107 4782 libr.
1130 4734 1149 4782 1.
1169 4727 1204 4782 de
1217 4727 1281 4781 cult.
1300 4728 1384 4798 imag.
1407 4735 1436 4782 et
1449 4744 1482 4782 er
1500 4742 1533 4783 eo
1554 4736 1627 4784 cent.
1648 4728 1778 4799 Magdeb.

35 4876 39 4884 ¹
86 4818 168 4881 darn,
199 4823 371 4885 quopropter
390 4823 418 4868 ut
438 4815 541 4868 murus
557 4815 695 4868 tollantur
711 4823 736 4869 st
763 4815 921 4869 dilectionis
948 4822 972 4871 9.
995 4832 1019 4868 c.
1046 4820 1069 4869 5.
1095 4813 1192 4870 tuto.
1221 4815 1260 4867 sic
1282 4814 1474 4870 ratiocinatur:
1503 4815 1537 4870 Si
1569 4834 1648 4870 omne
1671 4818 1778 4887 tionum

84 4919 172 4971 opera
193 4904 396 4973 proferantur,
430 4900 543 4968 uellem,
563 4909 642 4955 terra
664 4902 733 4956 istas
761 4910 921 4957 sanctorum
947 4902 1084 4955 schemate
1115 4901 1206 4954 erucis
1235 4902 1345 4965 foetum
1374 4902 1470 4955 ooiurst
1504 4905 1629 4957 adorare
1652 4920 1710 4971 pro
1737 4920 1778 4970 eo,

86 4988 226 5059 reliquias
243 4995 384 5042 contectas
401 5004 467 5043 esse.
500 4985 636 5042 Pcraldus
653 4987 744 5059 Episc.
765 4989 794 5043 in
811 5007 920 5044 summa
947 4994 1023 5058 quod
1055 4987 1183 5042 Christus
1216 4992 1243 5040 in
1271 5004 1352 5041 muco
1376 4990 1530 5058 pependit,
1565 4991 1722 5044 artarentur
1754 4998 1779 5042 et

83 5074 144 5129 virt
162 5081 192 5129 et
218 5074 308 5132 vitior.
336 5081 401 5130 tom.
424 5080 445 5130 1.
475 5091 499 5131 c.
518 5074 553 5129 de
579 5073 752 5130 beatitudine
783 5077 850 5133 scite
879 5077 918 5132 sic
945 5077 1106 5148 praesepia,
1123 5077 1279 5130 adorentur
1299 5075 1421 5141 stasini,
1439 5077 1507 5144 quia
1519 5076 1609 5129 ascito
1629 5077 1778 5129 insidendo

82 5159 239 5215 concludit:
267 5160 301 5216 Si
323 5170 427 5225 emtor,
459 5177 531 5232 quae
558 5161 707 5227 tetigerunt
732 5159 918 5228 Salvotmem,
947 5166 988 5217 od
999 5163 1161 5217 Jerusalem
1176 5178 1262 5231 risque
1278 5163 1423 5230 pervenit,
1442 5164 1597 5216 adorentur
1615 5163 1691 5230 opni,
1709 5165 1776 5232 quio

78 5263 137 5316 pro
168 5247 299 5315 reliquiis
330 5249 474 5311 babemus,
504 5264 554 5300 cun
583 5246 682 5314 vnto,
715 5264 786 5315 quae
818 5267 851 5302 ec
870 5267 918 5303 ore
945 5251 1082 5319 scriptum
1109 5256 1164 5319 cst,
1189 5265 1250 5302 eece
1275 5265 1364 5315 agnus
1382 5249 1441 5302 Dei
1459 5255 1511 5304 etc.
1556 5255 1579 5304 5.
1598 5247 1725 5320 Denique
1755 5250 1778 5304 si

83 5334 146 5402 ejus
160 5324 369 5402 presummat,
384 5350 441 5403 pro
459 5332 591 5403 reliquiis
608 5349 664 5386 non
683 5332 836 5388 babemus!
855 5354 917 5389 eum
946 5336 1036 5391 sancti
1052 5342 1143 5390 ratum
1166 5341 1195 5389 et
1219 5339 1330 5404 gratum
1356 5331 1462 5389 habent
1484 5333 1562 5389 illum
1583 5334 1703 5402 cultum,
1730 5335 1778 5406 qui

81 5421 217 5489 sumptum
231 5421 283 5474 sit:
297 5421 337 5472 Et
352 5419 529 5474 mirabantur
542 5434 635 5473 omnes
647 5420 787 5473 desertis
796 5423 915 5487 marios,
944 5422 1066 5490 ipsorum
1085 5419 1207 5492 reliquiis
1235 5417 1372 5483 defertur,
1402 5435 1573 5491 consequens
1600 5419 1698 5488 fucrit,
1730 5437 1777 5475 eos

81 5524 154 5576 quae
168 5506 363 5576 procedebant
382 5520 415 5556 ea
433 5523 481 5560 ore
508 5508 590 5576 qius!
624 5503 684 5560 Has
699 5522 778 5561 veras
796 5514 825 5563 et
842 5508 915 5563 sslu·
945 5515 1141 5580 postmortem
1158 5505 1304 5562 admittere
1328 5505 1413 5576 illud,
1444 5507 1534 5578 quod,
1564 5525 1626 5562 cum
1655 5506 1685 5561 in
1705 5507 1775 5563 rivis
